<?xml version="1.0" encoding="UTF-8"?>
<!DOCTYPE html PUBLIC "-//W3C//DTD XHTML 1.0 Transitional//EN"
    "http://www.w3.org/TR/xhtml1/DTD/xhtml1-transitional.dtd">
<html xmlns="http://www.w3.org/1999/xhtml" xml:lang="en" lang="en">
 <head>
  <title>
</title>
<meta http-equiv="Content-Type" content="text/html;charset=utf-8" />
  <meta name='ocr-system' content='tesseract 3.04.00' />
  <meta name='ocr-capabilities' content='ocr_page ocr_carea ocr_par ocr_line ocrx_word'/>
</head>
<body>
  <div class='ocr_page' id='page_1' title='image "./mporcicatonisde00keilgoog_0243.png"; bbox 0 0 2874 4994; ppageno 0'>
   <div class='ocr_carea' id='block_1_1' title="bbox 156 122 955 188">
    <p class='ocr_par' dir='ltr' id='par_1_1' title="bbox 156 122 955 188">
     <span class='ocr_line' id='line_1_1' title="bbox 156 122 955 188; baseline 0.003 -3"><span class='ocrx_word' id='word_1_1' title='bbox 156 122 200 185; x_wconf 82' lang='grc'><strong>20</strong></span> <span class='ocrx_word' id='word_1_2' title='bbox 498 132 688 188; x_wconf 81' lang='lat' dir='ltr'><strong>COMMENT.</strong></span> <span class='ocrx_word' id='word_1_3' title='bbox 708 133 748 187; x_wconf 85' lang='lat' dir='ltr'><strong>IN</strong></span> <span class='ocrx_word' id='word_1_4' title='bbox 766 130 955 187; x_wconf 80' lang='lat' dir='ltr'><strong>VARRONIS</strong></span> 
     </span>
    </p>
   </div>
   <div class='ocr_carea' id='block_1_2' title="bbox 146 286 1429 4202">
    <p class='ocr_par' dir='ltr' id='par_1_2' title="bbox 157 286 1408 463">
     <span class='ocr_line' id='line_1_2' title="bbox 158 286 1408 369; baseline 0.002 -26"><span class='ocrx_word' id='word_1_5' title='bbox 158 302 219 344; x_wconf 91' lang='lat' dir='ltr'><strong>eae</strong></span> <span class='ocrx_word' id='word_1_6' title='bbox 247 303 336 362; x_wconf 82' lang='lat' dir='ltr'><strong>qrrae</strong></span> <span class='ocrx_word' id='word_1_7' title='bbox 370 287 516 347; x_wconf 88' lang='lat' dir='ltr'><strong>iunctae</strong></span> <span class='ocrx_word' id='word_1_8' title='bbox 545 305 648 347; x_wconf 88' lang='lat' dir='ltr'><strong>arare</strong></span> <span class='ocrx_word' id='word_1_9' title='bbox 676 286 847 366; x_wconf 81' lang='lat' dir='ltr'><strong>possunt]</strong></span> <span class='ocrx_word' id='word_1_10' title='bbox 881 288 947 346; x_wconf 81' lang='lat' dir='ltr'><strong>Nisi</strong></span> <span class='ocrx_word' id='word_1_11' title='bbox 976 302 1058 361; x_wconf 72' lang='lat' dir='ltr'><strong>qnae</strong></span> <span class='ocrx_word' id='word_1_12' title='bbox 1089 300 1204 363; x_wconf 70' lang='lat' dir='ltr'><strong>omn,</strong></span> <span class='ocrx_word' id='word_1_13' title='bbox 1226 302 1265 359; x_wconf 76' lang='lat' dir='ltr'><strong>pu</strong></span> <span class='ocrx_word' id='word_1_14' title='bbox 1378 302 1408 369; x_wconf 66' lang='lat' dir='ltr'><strong>i!</strong></span> 
     </span>
     <span class='ocr_line' id='line_1_3' title="bbox 157 392 667 463; baseline 0.01 -14"><span class='ocrx_word' id='word_1_15' title='bbox 157 393 269 451; x_wconf 86' lang='lat' dir='ltr'><strong>cultior</strong></span> <span class='ocrx_word' id='word_1_16' title='bbox 290 394 338 463; x_wconf 87' lang='lat' dir='ltr'><strong>sit,</strong></span> <span class='ocrx_word' id='word_1_17' title='bbox 361 396 510 453; x_wconf 82' lang='lat' dir='ltr'><strong>ndiiwnnt</strong></span> <span class='ocrx_word' id='word_1_18' title='bbox 534 392 667 454; x_wconf 80' lang='lat' dir='ltr'><strong>Ursinus.</strong></span> 
     </span>
    </p>

    <p class='ocr_par' dir='ltr' id='par_1_3' title="bbox 156 496 1271 1220">
     <span class='ocr_line' id='line_1_4' title="bbox 246 496 1268 580; baseline 0 -23"><span class='ocrx_word' id='word_1_19' title='bbox 246 496 287 558; x_wconf 82' lang='lat'><strong>21</strong></span> <span class='ocrx_word' id='word_1_20' title='bbox 312 498 379 559; x_wconf 89' lang='lat' dir='ltr'><strong>Sed</strong></span> <span class='ocrx_word' id='word_1_21' title='bbox 399 519 502 560; x_wconf 87' lang='lat' dir='ltr'><strong>error</strong></span> <span class='ocrx_word' id='word_1_22' title='bbox 521 501 603 561; x_wconf 85' lang='lat' dir='ltr'><strong>iiiuc</strong></span> <span class='ocrx_word' id='word_1_23' title='bbox 623 501 715 580; x_wconf 83' lang='lat' dir='ltr'><strong>qrrod</strong></span> <span class='ocrx_word' id='word_1_24' title='bbox 735 519 846 580; x_wconf 84' lang='lat' dir='ltr'><strong>pecus</strong></span> <span class='ocrx_word' id='word_1_25' title='bbox 869 502 904 560; x_wconf 95' lang='lat' dir='ltr'><strong>in</strong></span> <span class='ocrx_word' id='word_1_26' title='bbox 923 517 1008 578; x_wconf 81' lang='lat' dir='ltr'><strong>agro</strong></span> <span class='ocrx_word' id='word_1_27' title='bbox 1028 504 1268 577; x_wconf 77' lang='lat' dir='ltr'><strong>esscpotestet</strong></span> 
     </span>
     <span class='ocr_line' id='line_1_5' title="bbox 158 602 1267 689; baseline 0 -26"><span class='ocrx_word' id='word_1_28' title='bbox 158 605 301 665; x_wconf 89' lang='lat' dir='ltr'><strong>iructus</strong></span> <span class='ocrx_word' id='word_1_29' title='bbox 325 608 359 666; x_wconf 91' lang='lat' dir='ltr'><strong>in</strong></span> <span class='ocrx_word' id='word_1_30' title='bbox 384 626 425 667; x_wconf 86' lang='lat' dir='ltr'><strong>oo</strong></span> <span class='ocrx_word' id='word_1_31' title='bbox 448 627 532 687; x_wconf 81' lang='lat' dir='ltr'><strong>agro</strong></span> <span class='ocrx_word' id='word_1_32' title='bbox 551 608 667 686; x_wconf 81' lang='lat' dir='ltr'><strong>terre]</strong></span> <span class='ocrx_word' id='word_1_33' title='bbox 688 611 821 689; x_wconf 75' lang='lat' dir='ltr'><strong>Fructus</strong></span> <span class='ocrx_word' id='word_1_34' title='bbox 839 626 898 668; x_wconf 91' lang='lat' dir='ltr'><strong>non</strong></span> <span class='ocrx_word' id='word_1_35' title='bbox 921 611 952 668; x_wconf 85' lang='lat' dir='ltr'><strong>in</strong></span> <span class='ocrx_word' id='word_1_36' title='bbox 976 626 1012 667; x_wconf 92' lang='lat' dir='ltr'><strong>eo</strong></span> <span class='ocrx_word' id='word_1_37' title='bbox 1035 622 1116 683; x_wconf 71' lang='lat' dir='ltr'><strong>apro</strong></span> <span class='ocrx_word' id='word_1_38' title='bbox 1135 602 1267 681; x_wconf 73' lang='lat' dir='ltr'><strong>serrrle</strong></span> 
     </span>
     <span class='ocr_line' id='line_1_6' title="bbox 158 709 1270 794; baseline 0.003 -26"><span class='ocrx_word' id='word_1_39' title='bbox 158 709 237 790; x_wconf 88' lang='lat' dir='ltr'><strong>ruia,</strong></span> <span class='ocrx_word' id='word_1_40' title='bbox 260 729 347 789; x_wconf 90' lang='lat' dir='ltr'><strong>quem</strong></span> <span class='ocrx_word' id='word_1_41' title='bbox 369 722 481 773; x_wconf 87' lang='lat' dir='ltr'><strong>temere</strong></span> <span class='ocrx_word' id='word_1_42' title='bbox 505 718 601 775; x_wconf 86' lang='lat' dir='ltr'><strong>secuti</strong></span> <span class='ocrx_word' id='word_1_43' title='bbox 626 724 695 775; x_wconf 91' lang='lat' dir='ltr'><strong>sunt</strong></span> <span class='ocrx_word' id='word_1_44' title='bbox 719 714 858 794; x_wconf 90' lang='lat' dir='ltr'><strong>editores,</strong></span> <span class='ocrx_word' id='word_1_45' title='bbox 882 714 1016 793; x_wconf 85' lang='lat' dir='ltr'><strong>quamvis</strong></span> <span class='ocrx_word' id='word_1_46' title='bbox 1035 711 1123 773; x_wconf 84' lang='lat' dir='ltr'><strong>iaciie</strong></span> <span class='ocrx_word' id='word_1_47' title='bbox 1141 718 1270 771; x_wconf 69' lang='lat' dir='ltr'><strong>suerin</strong></span> 
     </span>
     <span class='ocr_line' id='line_1_7' title="bbox 157 814 1271 901; baseline 0.001 -26"><span class='ocrx_word' id='word_1_48' title='bbox 157 814 263 877; x_wconf 83' lang='lat' dir='ltr'><strong>borrim</strong></span> <span class='ocrx_word' id='word_1_49' title='bbox 282 823 459 880; x_wconf 89' lang='lat' dir='ltr'><strong>seutentiam</strong></span> <span class='ocrx_word' id='word_1_50' title='bbox 479 823 660 901; x_wconf 81' lang='lat' dir='ltr'><strong>perspicere,</strong></span> <span class='ocrx_word' id='word_1_51' title='bbox 679 838 738 880; x_wconf 93' lang='lat' dir='ltr'><strong>non</strong></span> <span class='ocrx_word' id='word_1_52' title='bbox 759 818 944 899; x_wconf 86' lang='lat' dir='ltr'><strong>sequendum</strong></span> <span class='ocrx_word' id='word_1_53' title='bbox 963 836 1030 879; x_wconf 86' lang='lat' dir='ltr'><strong>esse</strong></span> <span class='ocrx_word' id='word_1_54' title='bbox 1049 834 1183 877; x_wconf 87' lang='lat' dir='ltr'><strong>errorem</strong></span> <span class='ocrx_word' id='word_1_55' title='bbox 1195 833 1271 877; x_wconf 79' lang='lat' dir='ltr'><strong>eorm</strong></span> 
     </span>
     <span class='ocr_line' id='line_1_8' title="bbox 156 922 1271 1006; baseline 0.001 -24"><span class='ocrx_word' id='word_1_56' title='bbox 156 926 208 1000; x_wconf 91' lang='lat' dir='ltr'><strong>qui</strong></span> <span class='ocrx_word' id='word_1_57' title='bbox 236 934 407 1006; x_wconf 89' lang='lat' dir='ltr'><strong>propterea,</strong></span> <span class='ocrx_word' id='word_1_58' title='bbox 435 926 513 1004; x_wconf 90' lang='lat' dir='ltr'><strong>quod</strong></span> <span class='ocrx_word' id='word_1_59' title='bbox 543 945 635 1005; x_wconf 85' lang='lat' dir='ltr'><strong>pecus</strong></span> <span class='ocrx_word' id='word_1_60' title='bbox 658 929 688 987; x_wconf 93' lang='lat' dir='ltr'><strong>in</strong></span> <span class='ocrx_word' id='word_1_61' title='bbox 713 945 783 1006; x_wconf 79' lang='lat' dir='ltr'><strong>agro</strong></span> <span class='ocrx_word' id='word_1_62' title='bbox 807 944 874 987; x_wconf 89' lang='lat' dir='ltr'><strong>esse</strong></span> <span class='ocrx_word' id='word_1_63' title='bbox 897 933 929 986; x_wconf 86' lang='lat' dir='ltr'><strong>et</strong></span> <span class='ocrx_word' id='word_1_64' title='bbox 952 927 983 986; x_wconf 91' lang='lat' dir='ltr'><strong>in</strong></span> <span class='ocrx_word' id='word_1_65' title='bbox 1006 942 1043 985; x_wconf 90' lang='lat' dir='ltr'><strong>eo</strong></span> <span class='ocrx_word' id='word_1_66' title='bbox 1066 922 1197 985; x_wconf 74' lang='lat' dir='ltr'><strong>fructum</strong></span> <span class='ocrx_word' id='word_1_67' title='bbox 1216 924 1271 983; x_wconf 84' lang='lat' dir='ltr'><strong>inre</strong></span> 
     </span>
     <span class='ocr_line' id='line_1_9' title="bbox 156 1028 1271 1114; baseline 0.003 -26"><span class='ocrx_word' id='word_1_68' title='bbox 156 1038 268 1110; x_wconf 89' lang='lat' dir='ltr'><strong>potest,</strong></span> <span class='ocrx_word' id='word_1_69' title='bbox 292 1049 356 1092; x_wconf 91' lang='lat' dir='ltr'><strong>rem</strong></span> <span class='ocrx_word' id='word_1_70' title='bbox 379 1036 547 1114; x_wconf 82' lang='lat' dir='ltr'><strong>pecuariam</strong></span> <span class='ocrx_word' id='word_1_71' title='bbox 572 1033 607 1093; x_wconf 87' lang='lat' dir='ltr'><strong>ab</strong></span> <span class='ocrx_word' id='word_1_72' title='bbox 631 1037 694 1113; x_wconf 86' lang='lat' dir='ltr'><strong>agri</strong></span> <span class='ocrx_word' id='word_1_73' title='bbox 718 1034 834 1095; x_wconf 90' lang='lat' dir='ltr'><strong>cultura</strong></span> <span class='ocrx_word' id='word_1_74' title='bbox 857 1052 917 1093; x_wconf 90' lang='lat' dir='ltr'><strong>uon</strong></span> <span class='ocrx_word' id='word_1_75' title='bbox 942 1034 1115 1111; x_wconf 77' lang='lat' dir='ltr'><strong>seiungunt</strong></span> <span class='ocrx_word' id='word_1_76' title='bbox 1150 1028 1218 1091; x_wconf 82' lang='lat' dir='ltr'><strong>nin</strong></span> <span class='ocrx_word' id='word_1_77' title='bbox 1235 1028 1271 1091; x_wconf 75' lang='lat' dir='ltr'><strong>itt</strong></span> 
     </span>
     <span class='ocr_line' id='line_1_10' title="bbox 157 1136 545 1220; baseline 0.015 -25"><span class='ocrx_word' id='word_1_78' title='bbox 157 1153 235 1196; x_wconf 89' lang='lat' dir='ltr'><strong>unus</strong></span> <span class='ocrx_word' id='word_1_79' title='bbox 259 1136 423 1200; x_wconf 80' lang='lat' dir='ltr'><strong>Pontedera</strong></span> <span class='ocrx_word' id='word_1_80' title='bbox 447 1160 475 1220; x_wconf 88' lang='lat' dir='ltr'><strong>p.</strong></span> <span class='ocrx_word' id='word_1_81' title='bbox 494 1138 545 1201; x_wconf 87' lang='grc'><strong>92.</strong></span> 
     </span>
    </p>

    <p class='ocr_par' dir='ltr' id='par_1_4' title="bbox 146 1242 1429 3878">
     <span class='ocr_line' id='line_1_11' title="bbox 246 1242 1270 1326; baseline -0.001 -21"><span class='ocrx_word' id='word_1_82' title='bbox 246 1244 289 1305; x_wconf 93' lang='lat' dir='ltr'><strong>Ut</strong></span> <span class='ocrx_word' id='word_1_83' title='bbox 308 1248 337 1306; x_wconf 87' lang='lat' dir='ltr'><strong>si</strong></span> <span class='ocrx_word' id='word_1_84' title='bbox 357 1246 463 1307; x_wconf 87' lang='lat' dir='ltr'><strong>habet</strong></span> <span class='ocrx_word' id='word_1_85' title='bbox 482 1248 605 1326; x_wconf 89' lang='lat' dir='ltr'><strong>piures</strong></span> <span class='ocrx_word' id='word_1_86' title='bbox 624 1250 659 1307; x_wconf 93' lang='lat' dir='ltr'><strong>iu</strong></span> <span class='ocrx_word' id='word_1_87' title='bbox 678 1247 788 1308; x_wconf 81' lang='lat' dir='ltr'><strong>fundo</strong></span> <span class='ocrx_word' id='word_1_88' title='bbox 808 1244 990 1323; x_wconf 80' lang='lat' dir='ltr'><strong>textores]</strong></span> <span class='ocrx_word' id='word_1_89' title='bbox 1004 1246 1108 1306; x_wconf 81' lang='lat' dir='ltr'><strong>Habet</strong></span> <span class='ocrx_word' id='word_1_90' title='bbox 1124 1242 1191 1305; x_wconf 82' lang='lat' dir='ltr'><strong>iibri</strong></span> <span class='ocrx_word' id='word_1_91' title='bbox 1208 1260 1270 1305; x_wconf 74' lang='lat' dir='ltr'><strong>mm</strong></span> 
     </span>
     <span class='ocr_line' id='line_1_12' title="bbox 154 1348 1268 1434; baseline 0.003 -25"><span class='ocrx_word' id='word_1_92' title='bbox 154 1353 258 1429; x_wconf 87' lang='lat' dir='ltr'><strong>scripti</strong></span> <span class='ocrx_word' id='word_1_93' title='bbox 281 1360 312 1412; x_wconf 87' lang='lat' dir='ltr'><strong>et</strong></span> <span class='ocrx_word' id='word_1_94' title='bbox 335 1370 371 1412; x_wconf 82' lang='lat' dir='ltr'><strong>ex</strong></span> <span class='ocrx_word' id='word_1_95' title='bbox 395 1353 554 1431; x_wconf 76' lang='lat' dir='ltr'><strong>archetypo</strong></span> <span class='ocrx_word' id='word_1_96' title='bbox 578 1351 748 1434; x_wconf 88' lang='lat' dir='ltr'><strong>Politianus,</strong></span> <span class='ocrx_word' id='word_1_97' title='bbox 772 1372 831 1413; x_wconf 92' lang='lat' dir='ltr'><strong>non</strong></span> <span class='ocrx_word' id='word_1_98' title='bbox 854 1355 975 1431; x_wconf 82' lang='lat' dir='ltr'><strong>babent,</strong></span> <span class='ocrx_word' id='word_1_99' title='bbox 998 1360 1033 1413; x_wconf 88' lang='lat' dir='ltr'><strong>ut</strong></span> <span class='ocrx_word' id='word_1_100' title='bbox 1055 1360 1105 1413; x_wconf 85' lang='lat' dir='ltr'><strong>est</strong></span> <span class='ocrx_word' id='word_1_101' title='bbox 1126 1348 1202 1431; x_wconf 85' lang='lat' dir='ltr'><strong>apud</strong></span> <span class='ocrx_word' id='word_1_102' title='bbox 1221 1348 1268 1412; x_wconf 72' lang='lat' dir='ltr'><strong>Ger</strong></span> 
     </span>
     <span class='ocr_line' id='line_1_13' title="bbox 154 1458 1270 1539; baseline 0.003 -23"><span class='ocrx_word' id='word_1_103' title='bbox 154 1475 270 1535; x_wconf 88' lang='lat' dir='ltr'><strong>uerum,</strong></span> <span class='ocrx_word' id='word_1_104' title='bbox 293 1460 408 1519; x_wconf 82' lang='lat' dir='ltr'><strong>babeas</strong></span> <span class='ocrx_word' id='word_1_105' title='bbox 431 1478 465 1518; x_wconf 85' lang='lat' dir='ltr'><strong>ex</strong></span> <span class='ocrx_word' id='word_1_106' title='bbox 490 1461 625 1539; x_wconf 86' lang='lat' dir='ltr'><strong>principe</strong></span> <span class='ocrx_word' id='word_1_107' title='bbox 645 1460 774 1520; x_wconf 90' lang='lat' dir='ltr'><strong>editione</strong></span> <span class='ocrx_word' id='word_1_108' title='bbox 794 1460 890 1520; x_wconf 85' lang='lat' dir='ltr'><strong>adhuc</strong></span> <span class='ocrx_word' id='word_1_109' title='bbox 908 1458 1060 1538; x_wconf 74' lang='lat' dir='ltr'><strong>uirgarum</strong></span> <span class='ocrx_word' id='word_1_110' title='bbox 1079 1466 1154 1519; x_wconf 78' lang='lat' dir='ltr'><strong>erat</strong></span> <span class='ocrx_word' id='word_1_111' title='bbox 1182 1458 1270 1519; x_wconf 78' lang='lat' dir='ltr'><strong>uni·</strong></span> 
     </span>
     <span class='ocr_line' id='line_1_14' title="bbox 154 1564 1270 1647; baseline 0.002 -24"><span class='ocrx_word' id='word_1_112' title='bbox 154 1574 253 1624; x_wconf 91' lang='lat' dir='ltr'><strong>autem</strong></span> <span class='ocrx_word' id='word_1_113' title='bbox 276 1565 359 1625; x_wconf 84' lang='lat' dir='ltr'><strong>verbi</strong></span> <span class='ocrx_word' id='word_1_114' title='bbox 382 1584 539 1645; x_wconf 88' lang='lat' dir='ltr'><strong>personam</strong></span> <span class='ocrx_word' id='word_1_115' title='bbox 564 1569 683 1647; x_wconf 88' lang='lat' dir='ltr'><strong>saepius</strong></span> <span class='ocrx_word' id='word_1_116' title='bbox 707 1567 799 1627; x_wconf 90' lang='lat' dir='ltr'><strong>Varro</strong></span> <span class='ocrx_word' id='word_1_117' title='bbox 823 1568 887 1628; x_wconf 87' lang='lat' dir='ltr'><strong>sine</strong></span> <span class='ocrx_word' id='word_1_118' title='bbox 915 1574 999 1627; x_wconf 88' lang='lat' dir='ltr'><strong>certo</strong></span> <span class='ocrx_word' id='word_1_119' title='bbox 1027 1564 1164 1627; x_wconf 85' lang='lat' dir='ltr'><strong>subiecto</strong></span> <span class='ocrx_word' id='word_1_120' title='bbox 1188 1564 1270 1645; x_wconf 73' lang='lat' dir='ltr'><strong>poni,</strong></span> 
     </span>
     <span class='ocr_line' id='line_1_15' title="bbox 155 1670 1269 1754; baseline 0.001 -24"><span class='ocrx_word' id='word_1_121' title='bbox 155 1689 214 1730; x_wconf 90' lang='lat' dir='ltr'><strong>non</strong></span> <span class='ocrx_word' id='word_1_122' title='bbox 230 1673 294 1731; x_wconf 88' lang='lat' dir='ltr'><strong>sine</strong></span> <span class='ocrx_word' id='word_1_123' title='bbox 309 1674 424 1733; x_wconf 90' lang='lat' dir='ltr'><strong>ratione</strong></span> <span class='ocrx_word' id='word_1_124' title='bbox 439 1672 484 1733; x_wconf 89' lang='lat' dir='ltr'><strong>rei</strong></span> <span class='ocrx_word' id='word_1_125' title='bbox 498 1676 608 1734; x_wconf 87' lang='lat' dir='ltr'><strong>omisso</strong></span> <span class='ocrx_word' id='word_1_126' title='bbox 627 1675 802 1752; x_wconf 90' lang='lat' dir='ltr'><strong>pronomine</strong></span> <span class='ocrx_word' id='word_1_127' title='bbox 821 1676 898 1754; x_wconf 78' lang='lat' dir='ltr'><strong>quis,</strong></span> <span class='ocrx_word' id='word_1_128' title='bbox 918 1684 951 1733; x_wconf 90' lang='lat' dir='ltr'><strong>ut</strong></span> <span class='ocrx_word' id='word_1_129' title='bbox 969 1670 1185 1752; x_wconf 82' lang='lat' dir='ltr'><strong>interpretibus</strong></span> <span class='ocrx_word' id='word_1_130' title='bbox 1202 1672 1269 1731; x_wconf 77' lang='lat' dir='ltr'><strong>nn·</strong></span> 
     </span>
     <span class='ocr_line' id='line_1_16' title="bbox 157 1777 1270 1859; baseline 0.001 -22"><span class='ocrx_word' id='word_1_131' title='bbox 157 1786 211 1859; x_wconf 89' lang='lat' dir='ltr'><strong>est,</strong></span> <span class='ocrx_word' id='word_1_132' title='bbox 235 1779 341 1838; x_wconf 92' lang='lat' dir='ltr'><strong>sedin</strong></span> <span class='ocrx_word' id='word_1_133' title='bbox 365 1783 541 1859; x_wconf 72' lang='lat' dir='ltr'><strong>pneccptis,</strong></span> <span class='ocrx_word' id='word_1_134' title='bbox 564 1799 633 1840; x_wconf 91' lang='lat' dir='ltr'><strong>cum</strong></span> <span class='ocrx_word' id='word_1_135' title='bbox 657 1781 750 1840; x_wconf 80' lang='lat' dir='ltr'><strong>torma</strong></span> <span class='ocrx_word' id='word_1_136' title='bbox 774 1779 911 1859; x_wconf 79' lang='lat' dir='ltr'><strong>gerundii</strong></span> <span class='ocrx_word' id='word_1_137' title='bbox 937 1778 981 1840; x_wconf 85' lang='lat' dir='ltr'><strong>vei</strong></span> <span class='ocrx_word' id='word_1_138' title='bbox 1004 1777 1098 1839; x_wconf 84' lang='lat' dir='ltr'><strong>verbo</strong></span> <span class='ocrx_word' id='word_1_139' title='bbox 1123 1778 1270 1857; x_wconf 70' lang='lat' dir='ltr'><strong>oportdin</strong></span> 
     </span>
     <span class='ocr_line' id='line_1_17' title="bbox 155 1868 1429 1968; baseline 0.004 -25"><span class='ocrx_word' id='word_1_140' title='bbox 155 1882 285 1945; x_wconf 86' lang='lat' dir='ltr'><strong>dicatum</strong></span> <span class='ocrx_word' id='word_1_141' title='bbox 301 1898 355 1967; x_wconf 90' lang='lat' dir='ltr'><strong>est,</strong></span> <span class='ocrx_word' id='word_1_142' title='bbox 371 1906 429 1965; x_wconf 89' lang='lat' dir='ltr'><strong>qno</strong></span> <span class='ocrx_word' id='word_1_143' title='bbox 445 1886 567 1947; x_wconf 85' lang='lat' dir='ltr'><strong>verbum</strong></span> <span class='ocrx_word' id='word_1_144' title='bbox 587 1890 743 1967; x_wconf 83' lang='lat' dir='ltr'><strong>pertineat,</strong></span> <span class='ocrx_word' id='word_1_145' title='bbox 762 1887 774 1946; x_wconf 91' lang='grc'><strong>1</strong></span> <span class='ocrx_word' id='word_1_146' title='bbox 793 1884 878 1968; x_wconf 86' lang='grc'><strong>11,2</strong></span> <span class='ocrx_word' id='word_1_147' title='bbox 896 1890 968 1947; x_wconf 84' lang='lat' dir='ltr'><strong>oilla</strong></span> <span class='ocrx_word' id='word_1_148' title='bbox 986 1888 1193 1959; x_wconf 79' lang='lat' dir='ltr'><strong>aedificando,</strong></span> <span class='ocrx_word' id='word_1_149' title='bbox 1204 1886 1269 1963; x_wconf 74' lang='lat' dir='ltr'><strong>pott&#39;e</strong></span> <span class='ocrx_word' id='word_1_150' title='bbox 1355 1950 1362 1957; x_wconf 81' lang='grc'><strong>,</strong></span> <span class='ocrx_word' id='word_1_151' title='bbox 1423 1868 1429 1895; x_wconf 69' lang='lat'><em>‘</em></span> 
     </span>
     <span class='ocr_line' id='line_1_18' title="bbox 152 1988 1270 2072; baseline -0.002 -21"><span class='ocrx_word' id='word_1_152' title='bbox 152 1995 260 2051; x_wconf 85' lang='lat' dir='ltr'><strong>simum</strong></span> <span class='ocrx_word' id='word_1_153' title='bbox 282 2000 317 2052; x_wconf 88' lang='lat' dir='ltr'><strong>ut</strong></span> <span class='ocrx_word' id='word_1_154' title='bbox 340 1996 423 2053; x_wconf 84' lang='lat' dir='ltr'><strong>intro</strong></span> <span class='ocrx_word' id='word_1_155' title='bbox 446 2002 553 2069; x_wconf 78' lang='lat' dir='ltr'><strong>coepto</strong></span> <span class='ocrx_word' id='word_1_156' title='bbox 572 1996 661 2054; x_wconf 83' lang='lat' dir='ltr'><strong>vittae</strong></span> <span class='ocrx_word' id='word_1_157' title='bbox 685 1996 797 2053; x_wconf 81' lang='lat' dir='ltr'><strong>bcnbeut</strong></span> <span class='ocrx_word' id='word_1_158' title='bbox 820 2010 940 2067; x_wconf 82' lang='lat' dir='ltr'><strong>nqiconi.</strong></span> <span class='ocrx_word' id='word_1_159' title='bbox 970 1988 1022 2072; x_wconf 83' lang='lat'><strong>12,</strong></span> <span class='ocrx_word' id='word_1_160' title='bbox 1045 1990 1060 2052; x_wconf 92' lang='lat'>1</span> <span class='ocrx_word' id='word_1_161' title='bbox 1082 1994 1186 2053; x_wconf 81' lang='lat' dir='ltr'><strong>dando</strong></span> <span class='ocrx_word' id='word_1_162' title='bbox 1202 2007 1270 2069; x_wconf 79' lang='lat' dir='ltr'><strong>opera</strong></span> 
     </span>
     <span class='ocr_line' id='line_1_19' title="bbox 153 2096 1272 2177; baseline 0 -20"><span class='ocrx_word' id='word_1_163' title='bbox 153 2107 187 2159; x_wconf 87' lang='lat' dir='ltr'><strong>nt</strong></span> <span class='ocrx_word' id='word_1_164' title='bbox 202 2103 391 2175; x_wconf 84' lang='lat' dir='ltr'><strong>potissimum</strong></span> <span class='ocrx_word' id='word_1_165' title='bbox 409 2102 465 2160; x_wconf 83' lang='lat' dir='ltr'><strong>snb</strong></span> <span class='ocrx_word' id='word_1_166' title='bbox 484 2102 642 2161; x_wconf 78' lang='lat' dir='ltr'><strong>radicibus</strong></span> <span class='ocrx_word' id='word_1_167' title='bbox 661 2104 769 2160; x_wconf 88' lang='lat' dir='ltr'><strong>montis</strong></span> <span class='ocrx_word' id='word_1_168' title='bbox 789 2102 934 2160; x_wconf 81' lang='lat' dir='ltr'><strong>siluestris</strong></span> <span class='ocrx_word' id='word_1_169' title='bbox 952 2102 1056 2159; x_wconf 69' lang='lat' dir='ltr'><strong>evitium</strong></span> <span class='ocrx_word' id='word_1_170' title='bbox 1071 2106 1178 2177; x_wconf 79' lang='lat' dir='ltr'><strong>ponat.</strong></span> <span class='ocrx_word' id='word_1_171' title='bbox 1197 2096 1272 2159; x_wconf 72' lang='lat' dir='ltr'><strong>ite</strong></span> 
     </span>
     <span class='ocr_line' id='line_1_20' title="bbox 155 2206 1272 2284; baseline 0.001 -20"><span class='ocrx_word' id='word_1_172' title='bbox 155 2208 308 2267; x_wconf 79' lang='lat' dir='ltr'><strong>indomitis</strong></span> <span class='ocrx_word' id='word_1_173' title='bbox 322 2208 565 2283; x_wconf 79' lang='lat' dir='ltr'><strong>quadripedibus</strong></span> <span class='ocrx_word' id='word_1_174' title='bbox 580 2225 618 2267; x_wconf 88' lang='lat' dir='ltr'><strong>nc</strong></span> <span class='ocrx_word' id='word_1_175' title='bbox 630 2225 743 2283; x_wconf 87' lang='lat' dir='ltr'><strong>pecore</strong></span> <span class='ocrx_word' id='word_1_176' title='bbox 758 2206 947 2282; x_wconf 77' lang='lat' dir='ltr'><strong>faciendum,</strong></span> <span class='ocrx_word' id='word_1_177' title='bbox 962 2210 991 2267; x_wconf 84' lang='lat' dir='ltr'><strong>si</strong></span> <span class='ocrx_word' id='word_1_178' title='bbox 1004 2215 1104 2284; x_wconf 82' lang='lat' dir='ltr'><strong>prata</strong></span> <span class='ocrx_word' id='word_1_179' title='bbox 1120 2212 1191 2267; x_wconf 83' lang='lat' dir='ltr'><strong>sunt</strong></span> <span class='ocrx_word' id='word_1_180' title='bbox 1201 2220 1272 2279; x_wconf 77' lang='lat' dir='ltr'><strong>nepte</strong></span> 
     </span>
     <span class='ocr_line' id='line_1_21' title="bbox 150 2310 1272 2392; baseline 0.002 -21"><span class='ocrx_word' id='word_1_181' title='bbox 150 2331 246 2388; x_wconf 83' lang='lat' dir='ltr'><strong>pecus</strong></span> <span class='ocrx_word' id='word_1_182' title='bbox 270 2314 361 2374; x_wconf 84' lang='lat' dir='ltr'><strong>binbet</strong></span> <span class='ocrx_word' id='word_1_183' title='bbox 384 2331 447 2391; x_wconf 87' lang='lat' dir='ltr'><strong>sqq.</strong></span> <span class='ocrx_word' id='word_1_184' title='bbox 490 2311 543 2392; x_wconf 88' lang='lat'><strong>41,</strong></span> <span class='ocrx_word' id='word_1_185' title='bbox 562 2310 583 2373; x_wconf 85' lang='lat'><strong>3</strong></span> <span class='ocrx_word' id='word_1_186' title='bbox 607 2315 768 2374; x_wconf 86' lang='lat' dir='ltr'><strong>ridendum</strong></span> <span class='ocrx_word' id='word_1_187' title='bbox 791 2322 825 2373; x_wconf 86' lang='lat' dir='ltr'><strong>ut</strong></span> <span class='ocrx_word' id='word_1_188' title='bbox 848 2316 931 2388; x_wconf 82' lang='lat' dir='ltr'><strong>quod</strong></span> <span class='ocrx_word' id='word_1_189' title='bbox 956 2311 1131 2389; x_wconf 74' lang='lat' dir='ltr'><strong>transferat</strong></span> <span class='ocrx_word' id='word_1_190' title='bbox 1153 2326 1272 2374; x_wconf 75' lang='lat' dir='ltr'><strong>eoem</strong></span> 
     </span>
     <span class='ocr_line' id='line_1_22' title="bbox 152 2417 1274 2500; baseline 0.001 -22"><span class='ocrx_word' id='word_1_191' title='bbox 152 2422 264 2480; x_wconf 78' lang='lat' dir='ltr'><strong>liabent</strong></span> <span class='ocrx_word' id='word_1_192' title='bbox 285 2438 441 2493; x_wconf 71' lang='lat' dir='ltr'><strong>peninum.</strong></span> <span class='ocrx_word' id='word_1_193' title='bbox 476 2419 514 2480; x_wconf 89' lang='lat' dir='ltr'><strong>ili</strong></span> <span class='ocrx_word' id='word_1_194' title='bbox 534 2418 563 2500; x_wconf 81' lang='grc'><strong>9,</strong></span> <span class='ocrx_word' id='word_1_195' title='bbox 578 2417 616 2480; x_wconf 91' lang='grc'><strong>21</strong></span> <span class='ocrx_word' id='word_1_196' title='bbox 645 2423 857 2481; x_wconf 85' lang='lat' dir='ltr'><strong>remittendum</strong></span> <span class='ocrx_word' id='word_1_197' title='bbox 877 2424 909 2481; x_wconf 88' lang='lat' dir='ltr'><strong>in</strong></span> <span class='ocrx_word' id='word_1_198' title='bbox 928 2423 1053 2481; x_wconf 84' lang='lat' dir='ltr'><strong>datione</strong></span> <span class='ocrx_word' id='word_1_199' title='bbox 1072 2436 1133 2497; x_wconf 89' lang='lat' dir='ltr'><strong>pro</strong></span> <span class='ocrx_word' id='word_1_200' title='bbox 1151 2420 1274 2496; x_wconf 83' lang='lat' dir='ltr'><strong>portione,</strong></span> 
     </span>
     <span class='ocr_line' id='line_1_23' title="bbox 153 2516 1275 2603; baseline -0.004 -19"><span class='ocrx_word' id='word_1_201' title='bbox 153 2543 191 2585; x_wconf 87' lang='lat' dir='ltr'><strong>uc</strong></span> <span class='ocrx_word' id='word_1_202' title='bbox 216 2528 318 2585; x_wconf 82' lang='lat' dir='ltr'><strong>decern</strong></span> <span class='ocrx_word' id='word_1_203' title='bbox 334 2530 443 2601; x_wconf 70' lang='lat' dir='ltr'><strong>periuris</strong></span> <span class='ocrx_word' id='word_1_204' title='bbox 462 2530 621 2602; x_wconf 85' lang='lat' dir='ltr'><strong>processit,</strong></span> <span class='ocrx_word' id='word_1_205' title='bbox 641 2531 672 2587; x_wconf 86' lang='lat' dir='ltr'><strong>iu</strong></span> <span class='ocrx_word' id='word_1_206' title='bbox 688 2528 911 2603; x_wconf 80' lang='lat' dir='ltr'><strong>posterioribus</strong></span> <span class='ocrx_word' id='word_1_207' title='bbox 933 2536 968 2587; x_wconf 87' lang='lat' dir='ltr'><strong>nt</strong></span> <span class='ocrx_word' id='word_1_208' title='bbox 990 2529 1156 2587; x_wconf 84' lang='lat' dir='ltr'><strong>deminuat.</strong></span> <span class='ocrx_word' id='word_1_209' title='bbox 1185 2516 1275 2602; x_wconf 72' lang='lat' dir='ltr'><strong>{tut</strong></span> 
     </span>
     <span class='ocr_line' id='line_1_24' title="bbox 152 2630 1273 2709; baseline -0.003 -18"><span class='ocrx_word' id='word_1_210' title='bbox 152 2635 290 2693; x_wconf 84' lang='lat' dir='ltr'><strong>inserere</strong></span> <span class='ocrx_word' id='word_1_211' title='bbox 318 2640 434 2709; x_wconf 85' lang='lat' dir='ltr'><strong>oportet</strong></span> <span class='ocrx_word' id='word_1_212' title='bbox 462 2631 646 2707; x_wconf 80' lang='lat' dir='ltr'><strong>referentem</strong></span> <span class='ocrx_word' id='word_1_213' title='bbox 669 2636 711 2693; x_wconf 85' lang='lat' dir='ltr'><strong>cd</strong></span> <span class='ocrx_word' id='word_1_214' title='bbox 730 2632 867 2708; x_wconf 78' lang='lat' dir='ltr'><strong>fructum</strong></span> <span class='ocrx_word' id='word_1_215' title='bbox 889 2666 927 2676; x_wconf 95' lang='lat'>-</span> <span class='ocrx_word' id='word_1_216' title='bbox 948 2652 989 2693; x_wconf 83' lang='lat' dir='ltr'><strong>ex</strong></span> <span class='ocrx_word' id='word_1_217' title='bbox 1011 2634 1127 2694; x_wconf 82' lang='lat' dir='ltr'><strong>arbore</strong></span> <span class='ocrx_word' id='word_1_218' title='bbox 1150 2650 1209 2707; x_wconf 79' lang='lat' dir='ltr'><strong>quc</strong></span> <span class='ocrx_word' id='word_1_219' title='bbox 1228 2630 1273 2690; x_wconf 81' lang='lat' dir='ltr'><strong>urit</strong></span> 
     </span>
     <span class='ocr_line' id='line_1_25' title="bbox 153 2738 1277 2814; baseline -0.002 -17"><span class='ocrx_word' id='word_1_220' title='bbox 153 2740 268 2799; x_wconf 77' lang='lat' dir='ltr'><strong>trabere</strong></span> <span class='ocrx_word' id='word_1_221' title='bbox 290 2743 448 2799; x_wconf 81' lang='lat' dir='ltr'><strong>surculum</strong></span> <span class='ocrx_word' id='word_1_222' title='bbox 472 2742 502 2798; x_wconf 83' lang='lat' dir='ltr'><strong>in</strong></span> <span class='ocrx_word' id='word_1_223' title='bbox 527 2757 592 2799; x_wconf 82' lang='lat' dir='ltr'><strong>euru</strong></span> <span class='ocrx_word' id='word_1_224' title='bbox 615 2758 706 2814; x_wconf 76' lang='lat' dir='ltr'><strong>quum</strong></span> <span class='ocrx_word' id='word_1_225' title='bbox 731 2743 868 2801; x_wconf 81' lang='lat' dir='ltr'><strong>inserere</strong></span> <span class='ocrx_word' id='word_1_226' title='bbox 891 2743 953 2799; x_wconf 83' lang='lat' dir='ltr'><strong>vuit</strong></span> <span class='ocrx_word' id='word_1_227' title='bbox 976 2743 1131 2800; x_wconf 79' lang='lat' dir='ltr'><strong>ramulum</strong></span> <span class='ocrx_word' id='word_1_228' title='bbox 1154 2738 1277 2799; x_wconf 82' lang='lat' dir='ltr'><strong>troducit.</strong></span> 
     </span>
     <span class='ocr_line' id='line_1_26' title="bbox 151 2836 1277 2923; baseline -0.004 -17"><span class='ocrx_word' id='word_1_229' title='bbox 151 2841 204 2923; x_wconf 79' lang='grc'><strong>52,</strong></span> <span class='ocrx_word' id='word_1_230' title='bbox 227 2843 242 2905; x_wconf 94' lang='grc'><strong>1</strong></span> <span class='ocrx_word' id='word_1_231' title='bbox 262 2849 385 2906; x_wconf 84' lang='lat' dir='ltr'><strong>secerni</strong></span> <span class='ocrx_word' id='word_1_232' title='bbox 401 2853 520 2921; x_wconf 89' lang='lat' dir='ltr'><strong>oportet</strong></span> <span class='ocrx_word' id='word_1_233' title='bbox 537 2850 647 2922; x_wconf 87' lang='lat' dir='ltr'><strong>spiens,</strong></span> <span class='ocrx_word' id='word_1_234' title='bbox 672 2855 704 2906; x_wconf 87' lang='lat' dir='ltr'><strong>ut</strong></span> <span class='ocrx_word' id='word_1_235' title='bbox 726 2864 826 2907; x_wconf 88' lang='lat' dir='ltr'><strong>semen</strong></span> <span class='ocrx_word' id='word_1_236' title='bbox 849 2850 992 2923; x_wconf 87' lang='lat' dir='ltr'><strong>optimum</strong></span> <span class='ocrx_word' id='word_1_237' title='bbox 1015 2847 1138 2907; x_wconf 81' lang='lat' dir='ltr'><strong>babeat.</strong></span> <span class='ocrx_word' id='word_1_238' title='bbox 1171 2844 1197 2905; x_wconf 83' lang='lat'><strong>11</strong></span> <span class='ocrx_word' id='word_1_239' title='bbox 1211 2836 1277 2923; x_wconf 69' lang='lat' dir='ltr'><strong>tib</strong></span> 
     </span>
     <span class='ocr_line' id='line_1_27' title="bbox 151 2952 1277 3030; baseline 0 -19"><span class='ocrx_word' id='word_1_240' title='bbox 151 2955 182 3012; x_wconf 87' lang='lat' dir='ltr'><strong>in</strong></span> <span class='ocrx_word' id='word_1_241' title='bbox 206 2952 364 3012; x_wconf 82' lang='lat' dir='ltr'><strong>nict&#39;ricntu</strong></span> <span class='ocrx_word' id='word_1_242' title='bbox 388 2970 468 3026; x_wconf 76' lang='lat' dir='ltr'><strong>puae</strong></span> <span class='ocrx_word' id='word_1_243' title='bbox 490 2954 651 3013; x_wconf 77' lang='lat' dir='ltr'><strong>obseruari</strong></span> <span class='ocrx_word' id='word_1_244' title='bbox 672 2963 811 3030; x_wconf 83' lang='lat' dir='ltr'><strong>oportent</strong></span> <span class='ocrx_word' id='word_1_245' title='bbox 828 2986 865 2995; x_wconf 95' lang='lat'><strong>—</strong></span> <span class='ocrx_word' id='word_1_246' title='bbox 883 2961 916 3012; x_wconf 91' lang='lat' dir='ltr'><strong>nt</strong></span> <span class='ocrx_word' id='word_1_247' title='bbox 938 2954 1072 3013; x_wconf 83' lang='lat' dir='ltr'><strong>subiciat</strong></span> <span class='ocrx_word' id='word_1_248' title='bbox 1090 2954 1148 3013; x_wconf 87' lang='lat' dir='ltr'><strong>sub</strong></span> <span class='ocrx_word' id='word_1_249' title='bbox 1171 2952 1277 3012; x_wconf 73' lang='lat' dir='ltr'><strong>utoni</strong></span> 
     </span>
     <span class='ocr_line' id='line_1_28' title="bbox 151 3056 1277 3140; baseline 0.002 -24"><span class='ocrx_word' id='word_1_250' title='bbox 151 3075 317 3117; x_wconf 76' lang='lat' dir='ltr'><strong>martrinum.</strong></span> <span class='ocrx_word' id='word_1_251' title='bbox 357 3058 384 3138; x_wconf 88' lang='lat'><strong>1,</strong></span> <span class='ocrx_word' id='word_1_252' title='bbox 403 3056 448 3118; x_wconf 89' lang='grc'><strong>24</strong></span> <span class='ocrx_word' id='word_1_253' title='bbox 476 3064 558 3120; x_wconf 85' lang='lat' dir='ltr'><strong>scire</strong></span> <span class='ocrx_word' id='word_1_254' title='bbox 581 3068 706 3140; x_wconf 86' lang='lat' dir='ltr'><strong>oportet,</strong></span> <span class='ocrx_word' id='word_1_255' title='bbox 735 3064 765 3120; x_wconf 83' lang='lat' dir='ltr'><strong>in</strong></span> <span class='ocrx_word' id='word_1_256' title='bbox 792 3078 889 3135; x_wconf 70' lang='lat' dir='ltr'><strong>prece</strong></span> <span class='ocrx_word' id='word_1_257' title='bbox 918 3068 991 3134; x_wconf 80' lang='lat' dir='ltr'><strong>quot</strong></span> <span class='ocrx_word' id='word_1_258' title='bbox 1016 3058 1152 3134; x_wconf 81' lang='lat' dir='ltr'><strong>seminas</strong></span> <span class='ocrx_word' id='word_1_259' title='bbox 1179 3058 1277 3118; x_wconf 76' lang='lat' dir='ltr'><strong>orben</strong></span> 
     </span>
     <span class='ocr_line' id='line_1_29' title="bbox 151 3154 1277 3243; baseline -0.004 -19"><span class='ocrx_word' id='word_1_260' title='bbox 151 3160 241 3243; x_wconf 82' lang='grc'><strong>2,11</strong></span> <span class='ocrx_word' id='word_1_261' title='bbox 268 3167 310 3224; x_wconf 88' lang='lat' dir='ltr'><strong>itn</strong></span> <span class='ocrx_word' id='word_1_262' title='bbox 330 3184 462 3240; x_wconf 78' lang='lat' dir='ltr'><strong>pascere</strong></span> <span class='ocrx_word' id='word_1_263' title='bbox 481 3184 577 3241; x_wconf 85' lang='lat' dir='ltr'><strong>pecus</strong></span> <span class='ocrx_word' id='word_1_264' title='bbox 600 3175 730 3241; x_wconf 84' lang='lat' dir='ltr'><strong>oportet,</strong></span> <span class='ocrx_word' id='word_1_265' title='bbox 762 3175 795 3226; x_wconf 87' lang='lat' dir='ltr'><strong>nt</strong></span> <span class='ocrx_word' id='word_1_266' title='bbox 818 3184 926 3227; x_wconf 82' lang='lat' dir='ltr'><strong>onerso</strong></span> <span class='ocrx_word' id='word_1_267' title='bbox 948 3168 1011 3226; x_wconf 85' lang='lat' dir='ltr'><strong>soie</strong></span> <span class='ocrx_word' id='word_1_268' title='bbox 1038 3174 1122 3241; x_wconf 71' lang='lat' dir='ltr'><strong>aaut.</strong></span> <span class='ocrx_word' id='word_1_269' title='bbox 1169 3162 1208 3223; x_wconf 90' lang='grc'><strong>111</strong></span> <span class='ocrx_word' id='word_1_270' title='bbox 1223 3154 1277 3233; x_wconf 65' lang='lat' dir='ltr'><strong>dt</strong></span> 
     </span>
     <span class='ocr_line' id='line_1_30' title="bbox 155 3270 1278 3349; baseline 0 -19"><span class='ocrx_word' id='word_1_271' title='bbox 155 3280 270 3331; x_wconf 83' lang='lat' dir='ltr'><strong>turrium</strong></span> <span class='ocrx_word' id='word_1_272' title='bbox 296 3276 394 3331; x_wconf 74' lang='lat' dir='ltr'><strong>iocerne</strong></span> <span class='ocrx_word' id='word_1_273' title='bbox 418 3275 538 3331; x_wconf 83' lang='lat' dir='ltr'><strong>luminis</strong></span> <span class='ocrx_word' id='word_1_274' title='bbox 561 3273 676 3333; x_wconf 80' lang='lat' dir='ltr'><strong>babere</strong></span> <span class='ocrx_word' id='word_1_275' title='bbox 698 3282 815 3349; x_wconf 84' lang='lat' dir='ltr'><strong>oportet</strong></span> <span class='ocrx_word' id='word_1_276' title='bbox 839 3304 881 3314; x_wconf 92' lang='lat'>—</span> <span class='ocrx_word' id='word_1_277' title='bbox 900 3270 923 3332; x_wconf 84' lang='lat'>4</span> <span class='ocrx_word' id='word_1_278' title='bbox 946 3273 1053 3332; x_wconf 86' lang='lat' dir='ltr'><strong>diebus</strong></span> <span class='ocrx_word' id='word_1_279' title='bbox 1082 3272 1192 3348; x_wconf 75' lang='lat' dir='ltr'><strong>vipinti</strong></span> <span class='ocrx_word' id='word_1_280' title='bbox 1213 3274 1278 3329; x_wconf 68' lang='lat' dir='ltr'><strong>onir</strong></span> 
     </span>
     <span class='ocr_line' id='line_1_31' title="bbox 151 3376 1308 3456; baseline 0.001 -20"><span class='ocrx_word' id='word_1_281' title='bbox 151 3396 241 3451; x_wconf 68' lang='lat' dir='ltr'><strong>quarm</strong></span> <span class='ocrx_word' id='word_1_282' title='bbox 265 3381 370 3437; x_wconf 81' lang='lat' dir='ltr'><strong>tollere</strong></span> <span class='ocrx_word' id='word_1_283' title='bbox 393 3382 455 3437; x_wconf 86' lang='lat' dir='ltr'><strong>vnit</strong></span> <span class='ocrx_word' id='word_1_284' title='bbox 479 3380 594 3452; x_wconf 86' lang='lat' dir='ltr'><strong>turdos,</strong></span> <span class='ocrx_word' id='word_1_285' title='bbox 618 3383 736 3454; x_wconf 70' lang='lat' dir='ltr'><strong>turpius</strong></span> <span class='ocrx_word' id='word_1_286' title='bbox 759 3382 813 3439; x_wconf 85' lang='lat' dir='ltr'><strong>dut</strong></span> <span class='ocrx_word' id='word_1_287' title='bbox 836 3380 937 3439; x_wconf 85' lang='lat' dir='ltr'><strong>cibum</strong></span> <span class='ocrx_word' id='word_1_288' title='bbox 956 3395 1021 3456; x_wconf 84' lang='lat' dir='ltr'><strong>sqq.</strong></span> <span class='ocrx_word' id='word_1_289' title='bbox 1055 3376 1128 3437; x_wconf 86' lang='lat' dir='ltr'><strong>huic</strong></span> <span class='ocrx_word' id='word_1_290' title='bbox 1147 3376 1203 3456; x_wconf 74' lang='lat' dir='ltr'><strong>legi</strong></span> <span class='ocrx_word' id='word_1_291' title='bbox 1218 3388 1308 3453; x_wconf 56' lang='lat' dir='ltr'><em>W</em></span> 
     </span>
     <span class='ocr_line' id='line_1_32' title="bbox 152 3476 1341 3564; baseline -0.001 -23"><span class='ocrx_word' id='word_1_292' title='bbox 152 3493 318 3561; x_wconf 82' lang='lat' dir='ltr'><strong>repugnant</strong></span> <span class='ocrx_word' id='word_1_293' title='bbox 346 3492 397 3542; x_wconf 89' lang='lat' dir='ltr'><strong>nut</strong></span> <span class='ocrx_word' id='word_1_294' title='bbox 421 3494 560 3562; x_wconf 91' lang='lat' dir='ltr'><strong>corrupta</strong></span> <span class='ocrx_word' id='word_1_295' title='bbox 581 3494 665 3564; x_wconf 89' lang='lat' dir='ltr'><strong>sunt,</strong></span> <span class='ocrx_word' id='word_1_296' title='bbox 690 3481 727 3544; x_wconf 85' lang='lat' dir='ltr'><strong>ut&#39;</strong></span> <span class='ocrx_word' id='word_1_297' title='bbox 745 3483 771 3543; x_wconf 90' lang='grc' dir='ltr'><strong>ΙΙ</strong></span> <span class='ocrx_word' id='word_1_298' title='bbox 794 3482 843 3564; x_wconf 88' lang='lat'><strong>10,</strong></span> <span class='ocrx_word' id='word_1_299' title='bbox 866 3483 903 3545; x_wconf 94' lang='grc'><strong>11</strong></span> <span class='ocrx_word' id='word_1_300' title='bbox 930 3486 1097 3545; x_wconf 75' lang='lat' dir='ltr'><strong>detrahere</strong></span> <span class='ocrx_word' id='word_1_301' title='bbox 1115 3486 1219 3561; x_wconf 74' lang='lat' dir='ltr'><strong>possit,</strong></span> <span class='ocrx_word' id='word_1_302' title='bbox 1238 3476 1341 3539; x_wconf 64' lang='lat' dir='ltr'><strong>ub*-</strong></span> 
     </span>
     <span class='ocr_line' id='line_1_33' title="bbox 146 3588 1340 3669; baseline 0.001 -23"><span class='ocrx_word' id='word_1_303' title='bbox 146 3592 245 3663; x_wconf 85' lang='lat' dir='ltr'><strong>pcssis</strong></span> <span class='ocrx_word' id='word_1_304' title='bbox 269 3591 384 3666; x_wconf 87' lang='lat' dir='ltr'><strong>scripsi,</strong></span> <span class='ocrx_word' id='word_1_305' title='bbox 404 3600 455 3648; x_wconf 92' lang='lat' dir='ltr'><strong>aut</strong></span> <span class='ocrx_word' id='word_1_306' title='bbox 477 3599 619 3651; x_wconf 89' lang='lat' dir='ltr'><strong>consueta</strong></span> <span class='ocrx_word' id='word_1_307' title='bbox 644 3608 838 3651; x_wconf 89' lang='lat' dir='ltr'><strong>numerorum</strong></span> <span class='ocrx_word' id='word_1_308' title='bbox 863 3592 1026 3651; x_wconf 88' lang='lat' dir='ltr'><strong>mutatione</strong></span> <span class='ocrx_word' id='word_1_309' title='bbox 1046 3588 1134 3650; x_wconf 89' lang='lat' dir='ltr'><strong>iaciie</strong></span> <span class='ocrx_word' id='word_1_310' title='bbox 1152 3588 1340 3669; x_wconf 72' lang='lat' dir='ltr'><strong>crpitum-</strong></span> 
     </span>
     <span class='ocr_line' id='line_1_34' title="bbox 151 3693 1334 3774; baseline 0.003 -21"><span class='ocrx_word' id='word_1_311' title='bbox 151 3703 215 3774; x_wconf 89' lang='lat' dir='ltr'><strong>tur,</strong></span> <span class='ocrx_word' id='word_1_312' title='bbox 244 3704 278 3754; x_wconf 93' lang='lat' dir='ltr'><strong>ut</strong></span> <span class='ocrx_word' id='word_1_313' title='bbox 301 3694 313 3753; x_wconf 89' lang='lat' dir='ltr'>l</span> <span class='ocrx_word' id='word_1_314' title='bbox 335 3694 384 3773; x_wconf 77' lang='lat'><strong>17,</strong></span> <span class='ocrx_word' id='word_1_315' title='bbox 403 3693 425 3755; x_wconf 87' lang='lat'>4</span> <span class='ocrx_word' id='word_1_316' title='bbox 448 3704 481 3756; x_wconf 89' lang='lat' dir='ltr'><strong>nt</strong></span> <span class='ocrx_word' id='word_1_317' title='bbox 508 3696 672 3771; x_wconf 74' lang='lat' dir='ltr'><strong>[eicientem</strong></span> <span class='ocrx_word' id='word_1_318' title='bbox 702 3701 836 3758; x_wconf 84' lang='lat' dir='ltr'><strong>imitetur</strong></span> <span class='ocrx_word' id='word_1_319' title='bbox 858 3706 888 3758; x_wconf 89' lang='lat' dir='ltr'><strong>et</strong></span> <span class='ocrx_word' id='word_1_320' title='bbox 914 3705 950 3757; x_wconf 87' lang='lat' dir='ltr'><strong>nt</strong></span> <span class='ocrx_word' id='word_1_321' title='bbox 976 3700 1202 3758; x_wconf 83' lang='lat' dir='ltr'><strong>animaduertat</strong></span> <span class='ocrx_word' id='word_1_322' title='bbox 1222 3702 1334 3755; x_wconf 63' lang='lat' dir='ltr'><strong>etr!</strong></span> 
     </span>
     <span class='ocr_line' id='line_1_35' title="bbox 150 3788 1151 3878; baseline 0.008 -19"><span class='ocrx_word' id='word_1_323' title='bbox 150 3819 218 3860; x_wconf 85' lang='lat' dir='ltr'><strong>curu</strong></span> <span class='ocrx_word' id='word_1_324' title='bbox 242 3821 339 3862; x_wconf 73' lang='lat' dir='ltr'><strong>cuiun</strong></span> <span class='ocrx_word' id='word_1_325' title='bbox 361 3804 421 3862; x_wconf 83' lang='lat' dir='ltr'><strong>sibi</strong></span> <span class='ocrx_word' id='word_1_326' title='bbox 440 3821 592 3878; x_wconf 84' lang='lat' dir='ltr'><strong>proeesse.</strong></span> <span class='ocrx_word' id='word_1_327' title='bbox 1143 3788 1151 3801; x_wconf 57' lang='grc'><strong>’</strong></span> 
     </span>
    </p>

    <p class='ocr_par' dir='ltr' id='par_1_5' title="bbox 150 3908 1314 4202">
     <span class='ocr_line' id='line_1_36' title="bbox 238 3908 1314 3989; baseline 0.001 -23"><span class='ocrx_word' id='word_1_328' title='bbox 238 3908 274 3966; x_wconf 85' lang='lat' dir='ltr'><strong>Si</strong></span> <span class='ocrx_word' id='word_1_329' title='bbox 298 3911 379 3986; x_wconf 92' lang='lat' dir='ltr'><strong>quis</strong></span> <span class='ocrx_word' id='word_1_330' title='bbox 403 3910 489 3986; x_wconf 92' lang='lat' dir='ltr'><strong>quid</strong></span> <span class='ocrx_word' id='word_1_331' title='bbox 515 3909 593 3970; x_wconf 89' lang='lat' dir='ltr'><strong>uuit</strong></span> <span class='ocrx_word' id='word_1_332' title='bbox 617 3909 715 3969; x_wconf 91' lang='lat' dir='ltr'><strong>aliud</strong></span> <span class='ocrx_word' id='word_1_333' title='bbox 735 3908 850 3987; x_wconf 92' lang='lat' dir='ltr'><strong>aliud]</strong></span> <span class='ocrx_word' id='word_1_334' title='bbox 872 3912 968 3970; x_wconf 76' lang='lat' dir='ltr'><strong>Aliud</strong></span> <span class='ocrx_word' id='word_1_335' title='bbox 988 3910 1082 3971; x_wconf 86' lang='lat' dir='ltr'><strong>semei</strong></span> <span class='ocrx_word' id='word_1_336' title='bbox 1102 3911 1233 3989; x_wconf 86' lang='lat' dir='ltr'><strong>scriptun</strong></span> <span class='ocrx_word' id='word_1_337' title='bbox 1247 3908 1314 3961; x_wconf 77' lang='lat' dir='ltr'><strong>et</strong></span> 
     </span>
     <span class='ocr_line' id='line_1_37' title="bbox 150 4014 1301 4089; baseline 0.006 -20"><span class='ocrx_word' id='word_1_338' title='bbox 150 4022 250 4089; x_wconf 81' lang='lat' dir='ltr'><strong>postea</strong></span> <span class='ocrx_word' id='word_1_339' title='bbox 274 4018 397 4085; x_wconf 62' lang='lat' dir='ltr'><strong>serpenti</strong></span> <span class='ocrx_word' id='word_1_340' title='bbox 415 4014 540 4089; x_wconf 80' lang='lat' dir='ltr'><strong>[odiuus</strong></span> <span class='ocrx_word' id='word_1_341' title='bbox 564 4023 617 4075; x_wconf 81' lang='lat' dir='ltr'><strong>urii</strong></span> <span class='ocrx_word' id='word_1_342' title='bbox 640 4020 704 4077; x_wconf 87' lang='lat' dir='ltr'><strong>ulio</strong></span> <span class='ocrx_word' id='word_1_343' title='bbox 732 4021 854 4077; x_wconf 83' lang='lat' dir='ltr'><strong>metuito</strong></span> <span class='ocrx_word' id='word_1_344' title='bbox 878 4025 959 4077; x_wconf 89' lang='lat' dir='ltr'><strong>recte</strong></span> <span class='ocrx_word' id='word_1_345' title='bbox 983 4015 1107 4078; x_wconf 85' lang='lat' dir='ltr'><strong>Merula.</strong></span> <span class='ocrx_word' id='word_1_346' title='bbox 1152 4032 1211 4077; x_wconf 90' lang='lat' dir='ltr'><strong>nam</strong></span> <span class='ocrx_word' id='word_1_347' title='bbox 1231 4026 1301 4089; x_wconf 69' lang='lat' dir='ltr'><strong>pa·</strong></span> 
     </span>
     <span class='ocr_line' id='line_1_38' title="bbox 151 4118 1289 4202; baseline 0.011 -28"><span class='ocrx_word' id='word_1_348' title='bbox 151 4134 215 4175; x_wconf 86' lang='lat' dir='ltr'><strong>rum</strong></span> <span class='ocrx_word' id='word_1_349' title='bbox 240 4127 306 4195; x_wconf 85' lang='lat' dir='ltr'><strong>apta</strong></span> <span class='ocrx_word' id='word_1_350' title='bbox 330 4120 476 4181; x_wconf 88' lang='lat' dir='ltr'><strong>citicietur</strong></span> <span class='ocrx_word' id='word_1_351' title='bbox 501 4123 656 4201; x_wconf 88' lang='lat' dir='ltr'><strong>sententia,</strong></span> <span class='ocrx_word' id='word_1_352' title='bbox 679 4125 703 4182; x_wconf 92' lang='lat' dir='ltr'><strong>si</strong></span> <span class='ocrx_word' id='word_1_353' title='bbox 730 4125 856 4201; x_wconf 89' lang='lat' dir='ltr'><strong>repetito</strong></span> <span class='ocrx_word' id='word_1_354' title='bbox 880 4126 1059 4202; x_wconf 90' lang='lat' dir='ltr'><strong>pronomine</strong></span> <span class='ocrx_word' id='word_1_355' title='bbox 1083 4118 1289 4199; x_wconf 73' lang='lat' dir='ltr'><strong>interroptve</strong></span> 
     </span>
    </p>
   </div>
   <div class='ocr_carea' id='block_1_3' title="bbox 150 4219 1335 4331">
    <p class='ocr_par' dir='ltr' id='par_1_6' title="bbox 150 4219 1335 4331">
     <span class='ocr_line' id='line_1_39' title="bbox 150 4219 1335 4331; baseline 0.016 -55"><span class='ocrx_word' id='word_1_356' title='bbox 150 4219 221 4278; x_wconf 83' lang='lat' dir='ltr'><strong>haec</strong></span> <span class='ocrx_word' id='word_1_357' title='bbox 245 4224 418 4304; x_wconf 83' lang='lat' dir='ltr'><strong>riieruutur,</strong></span> <span class='ocrx_word' id='word_1_358' title='bbox 445 4229 554 4287; x_wconf 80' lang='lat' dir='ltr'><strong>Aliud?</strong></span> <span class='ocrx_word' id='word_1_359' title='bbox 577 4247 657 4287; x_wconf 78' lang='lat' dir='ltr'><strong>cirine</strong></span> <span class='ocrx_word' id='word_1_360' title='bbox 680 4248 744 4307; x_wconf 75' lang='lat' dir='ltr'><strong>eqo,</strong></span> <span class='ocrx_word' id='word_1_361' title='bbox 769 4234 900 4310; x_wconf 82' lang='lat' dir='ltr'><strong>inqnnm,</strong></span> <span class='ocrx_word' id='word_1_362' title='bbox 923 4234 1062 4305; x_wconf 73' lang='lat' dir='ltr'><strong>sepitur?</strong></span> <span class='ocrx_word' id='word_1_363' title='bbox 1326 4252 1335 4331; x_wconf 77' lang='lat'><strong>,¹</strong></span> 
     </span>
    </p>
   </div>
   <div class='ocr_carea' id='block_1_4' title="bbox 0 0 1442 4994">
    <p class='ocr_par' dir='ltr' id='par_1_7' title="bbox 0 0 1442 4994">
     <span class='ocr_line' id='line_1_40' title="bbox 0 0 1442 4994; baseline 0 1"><span class='ocrx_word' id='word_1_364' title='bbox 0 0 1442 4994; x_wconf 95' lang='lat' dir='ltr'><strong> </strong></span> 
     </span>
    </p>
   </div>
  </div>
 </body>
</html>
