2874 4994
328 334 458 391 snnvu
476 334 716 390 svsrrcnnvu
734 336 801 392 nm.
822 336 834 390 r
855 334 984 392 eo-cs
1135 317 1138 322 ‘
1162 327 1225 392 125

120 491 224 550 ortibus
248 493 375 552 decoctu
398 500 429 551 ct
452 491 528 569 apud
553 489 670 551 Celsum
695 490 731 551 de
755 487 945 570 medll28,
966 487 1007 552 16
1036 509 1164 553 amurca
1188 494 1231 553 ud

120 599 206 658 itione
226 604 347 674 portem
377 599 512 659 decoctu.
560 597 690 657 decoctis
723 598 801 658 enim
830 596 946 658 duabus
977 597 1113 677 portibus
1141 599 1228 660 relin-

120 705 187 765 titur
208 705 310 786 tertin3
341 713 371 765 et
394 706 433 765 ito
462 705 582 783 scripsit
610 703 701 764 Varro
726 701 786 784 12,
805 701 848 765 26
885 722 980 780 usque
1011 723 1072 781 qua
1100 708 1144 767 ad
1169 713 1229 768 ter·

120 829 158 871 un
176 819 296 888 partem
319 814 480 873 decoreris
505 819 535 871 ct
557 809 717 872 Columella
740 808 898 892 Χ1112,3
922 829 1016 887 usque
1035 815 1066 873 in
1085 820 1227 889 quartam

120 925 200 979 ertem
233 921 418 994 decoquunt,
451 919 521 977 item
555 913 716 998 Χ1124,1
752 925 781 978 et
809 913 933 979 111134.
979 926 1086 979 neutro
1118 937 1226 998 genere

120 1026 231 1106 rticipii
255 1024 474 1100 resriueratum
498 1042 530 1085 eo
554 1042 623 1104 pars
651 1041 802 1099 amurcae,
826 1041 901 1102 qrrae
930 1032 997 1103 post
1024 1024 1226 1086 decoctionem

120 1131 186 1193 lima
214 1140 245 1192 et
272 1131 445 1211 refrigerata
475 1141 533 1212 est,
564 1132 759 1210 sIgnidcotur:
792 1128 853 1210 12,
874 1127 914 1191 17
940 1140 968 1192 et
992 1129 1066 1213 113,
1087 1130 1104 1192 I
1129 1151 1227 1210 cupro

122 1247 202 1321 tum,
233 1236 370 1321 112,14
394 1246 498 1299 notum
522 1257 562 1299 ex
584 1241 644 1318 lu's,
679 1236 761 1318 113,
781 1235 802 1298 2
826 1241 909 1298 iutro
937 1242 1073 1299 clausum
1102 1243 1134 1300 in
1157 1258 1226 1301 cou-

120 1354 200 1424 epto,
229 1344 349 1427 141,1
376 1349 494 1408 recenti
516 1349 619 1426 insito,
643 1343 682 1404 lll
703 1342 753 1426 17,
774 1343 792 1406 I
816 1349 1067 1407 ornamentorum
1090 1354 1226 1424 emptum.

172 1459 247 1513 LXII
280 1453 324 1515 Ee
359 1453 450 1533 quod
485 1453 678 1514 dissimilia
710 1459 794 1515 sunt
826 1454 922 1514 inter
959 1472 995 1514 se
1033 1452 1121 1515 aliut
1157 1454 1226 1514 alio

120 1577 244 1639 mpore
268 1561 439 1622 tuendum
468 1569 503 1621 et
531 1557 715 1638 utendum]
740 1559 876 1639 lneptum
900 1568 945 1621 est
969 1561 1047 1640 quod
1072 1559 1167 1622 adhuc
1191 1580 1226 1621 ex

120 1666 186 1728 dina
205 1667 334 1729 editione
359 1677 512 1746 receptum
537 1676 601 1727 erat
624 1686 661 1728 eo
685 1685 764 1743 quoe
787 1669 947 1728 dissimilia
968 1676 1046 1729 sunt.
1085 1667 1137 1729 sed
1157 1686 1228 1747 quo-

120 1792 164 1834 tm
186 1793 219 1835 ea
243 1793 318 1854 quac
342 1774 460 1835 condito
485 1783 554 1835 suut
578 1782 629 1835 aul
660 1773 762 1836 tuendi
790 1781 841 1834 atri
868 1773 972 1836 utendi
1002 1784 1052 1835 aru
1082 1775 1228 1835 vendendi

120 1899 173 1940 use
199 1891 378 1962 promuntur
406 1890 436 1943 et
464 1880 500 1941 de
529 1883 566 1942 iis
595 1899 670 1960 quae
704 1880 855 1941 vendenda
888 1889 958 1941 sunt
991 1880 1100 1942 dicitur
1133 1901 1157 1942 c.
1177 1879 1229 1962 69,

120 1985 274 2049 ribendum
299 1998 363 2050 emt
386 1991 473 2050 aliud
494 1992 554 2050 alio
578 1996 711 2066 tempore
730 1990 873 2049 tuendum
892 1996 921 2049 et
944 1991 1088 2050 utendum
1112 1997 1142 2049 et
1159 2007 1226 2049 veu-

120 2098 222 2156 ndum.

172 2209 260 2263 LXIII
293 2201 331 2263 ln
356 2203 432 2264 sole
456 2222 589 2284 ponere
613 2211 758 2282 oportet
785 2221 895 2282 oquae
924 2203 1076 2275 catinos]
1106 2204 1228 2280 Oportet

120 2323 174 2380 que
197 2313 317 2370 catinos
340 2310 458 2371 codices
477 2308 563 2370 Nonii
582 2329 611 2389 p.
631 2305 704 2390 546,
724 2305 743 2368 9
764 2318 794 2369 et
813 2309 903 2369 editio
923 2310 1061 2388 princeps
1079 2307 1227 2381 Varronis,

120 2417 241 2478 rniiesto
267 2418 346 2497 uitio,
371 2435 429 2496 qrro
454 2425 551 2477 tamen
572 2414 773 2476 Schneiderus
798 2424 964 2476 concinctus
987 2424 1033 2476 est
1058 2424 1090 2476 ut
1112 2423 1228 2494 oportet

120 2535 173 2592 rue
196 2542 297 2600 oquae
319 2527 437 2586 catinos
460 2525 490 2583 in
515 2522 672 2583 editionem
697 2524 853 2601 reciperet.

171 2631 219 2691 Ad
244 2650 329 2691 usus
358 2630 499 2692 cibatus
529 2628 712 2710 expedire]
741 2631 864 2691 Cibotus
887 2629 995 2690 delerit
1019 2628 1145 2690 Ursinus
1168 2629 1227 2690 col·

119 2733 145 2793 is
168 2740 205 2798 iis
226 2756 301 2817 qrrne
316 2747 417 2818 postea
437 2740 547 2817 scripta
569 2745 639 2798 sunt
658 2756 682 2797 c.
694 2733 737 2798 64
756 2739 800 2798 ud
816 2755 902 2798 usum
922 2744 1006 2799 recte
1021 2739 1174 2814 promitur
1197 2746 1227 2799 et

120 2836 170 2905 68
194 2848 316 2920 quondo
340 2848 384 2906 ud
404 2863 490 2906 usum
514 2851 652 2922 oportent
671 2847 780 2922 prorui.
818 2853 920 2905 contra
940 2847 983 2905 od
1005 2846 1137 2905 cibutum
1157 2843 1226 2923 legi·

120 2962 124 2976 ¹
147 2947 203 3031 69,
224 2949 252 3033 1,
275 2956 358 3027 quod
379 2955 422 3012 ud
443 2954 576 3012 cibutum
600 2954 773 3028 expeditum
796 2971 861 3012 esse
883 2955 963 3012 relic.
1001 2953 1101 3031 itaque
1121 2954 1225 3031 scripsi

142 3075 232 3118 ustum
258 3061 376 3120 cibatus
400 3063 555 3136 expedire.
600 3077 665 3117 nam
691 3057 797 3136 plurali
821 3075 944 3117 numero
969 3076 1066 3136 neque
1090 3061 1133 3118 od
1154 3077 1227 3119 usus

120 3176 179 3237 tue
203 3169 246 3226 od
267 3169 385 3227 cibatus
409 3166 466 3227 dIci
491 3167 595 3246 potuit.
638 3166 758 3225 cibatus
785 3173 936 3243 praeterea
960 3163 1067 3245 legitur
1090 3160 1226 3238 114,15

121 3281 185 3333 atu
212 3281 398 3352 sustentare,
427 3270 456 3351 9,
477 3269 495 3333 8
520 3273 639 3332 cibatus
662 3274 761 3345 cunm,
786 3266 913 3351 1115,4
936 3272 1053 3330 cibatui
1076 3272 1154 3344 effus
1173 3289 1226 3348 po-

120 3387 165 3457 ts,
189 3376 258 3462 8,3
281 3383 399 3441 cibatui
420 3381 502 3454 quod
522 3381 570 3438 sit.

171 3486 212 3549 Ut
245 3489 279 3547 in
311 3488 467 3567 pistrino
501 3486 641 3563 pientur
671 3502 709 3545 ac
740 3482 939 3561 torreatur]
970 3485 1104 3544 Pristino
1132 3484 1223 3544 codex

120 3603 236 3675 tsenas,
255 3597 386 3670 pr'otriuo
411 3591 524 3671 reliqna
548 3591 722 3671 apographa.
756 3594 869 3668 pistico
893 3593 988 3672 errori
1008 3588 1153 3670 Politiani,
1174 3593 1224 3669 qui

120 3708 180 3758 tus
204 3710 341 3760 accurate
364 3701 507 3779 principis
537 3698 674 3758 editionis
703 3696 860 3758 lectionem
885 3700 1016 3774 prr'ctino
1046 3707 1226 3779 correxerat,

120 3805 273 3866 ›nendnm
298 3806 422 3868 ridetur.
467 3809 598 3883 pristino
626 3805 744 3866 codices
767 3804 853 3864 Nonii
878 3823 904 3883 p.
926 3800 999 3881 163,
1019 3800 1069 3865 15.
1116 3806 1225 3866 Pisure

120 3924 230 3989 ‘erpere
257 3918 305 3975 rel
330 3916 470 3986 tundere,
507 3912 605 3973 Varro
633 3914 672 3973 de
703 3932 738 3973 re
770 3914 887 3971 rustico
915 3911 964 3970 lib.
985 3910 1005 3968 Ι
1025 3914 1225 3985 promendum

120 4033 178 4083 me
201 4017 295 4104 (diem
319 4014 431 4103 codd),
459 4027 492 4080 ut
521 4023 551 4079 iu
576 4022 707 4095 pristino
733 4021 851 4094 pisetur
874 4034 912 4077 oc
936 4023 1101 4076 torreatur.
1147 4017 1224 4096 apud

120 4142 243 4190 tronem
268 4148 292 4189 e.
313 4125 354 4189 69
376 4129 506 4205 pistrino
536 4135 565 4186 et
593 4124 669 4205 apud
698 4124 839 4186 Catonem
868 4142 892 4183 c.
915 4120 976 4184 136
1002 4124 1166 4199 pistrinum
1193 4125 1223 4183 in

120 4237 220 4297 *nibus
244 4236 327 4297 libris
346 4253 432 4295 menn
453 4235 573 4311 scriptis
592 4240 646 4292 est.
683 4230 886 4292 Plautinorum
906 4228 1041 4290 codicum
1061 4230 1223 4309 scripturos
1337 4227 1340 4231 ’

120 4343 264 4404 {schelius
302 4360 402 4422 opusc.
440 4359 464 4400 v,
488 4338 515 4398 ll
547 4358 575 4418 p.
594 4334 659 4399 459
696 4336 853 4398 adnotavit.
899 4334 1004 4395 deiude
1033 4338 1153 4412 piretur
1189 4357 1224 4398 er

120 4455 177 4527 uio
201 4451 312 4531 recepi,
356 4446 413 4611 {rod
438 4446 569 4525 Georges
592 4441 694 4505 Philol.
719 4461 744 4504 v.
768 4441 875 4502 Xllllll
896 4460 925 4520 p.
944 4438 1011 4535 530
1037 4442 1173 4525 probavit
1195 4455 1224 4507 et
