2874 4994
358 107 489 163 nenvu
506 107 745 167 nvsrroenvu
763 111 831 167 ure.
850 113 889 167 ln
909 111 927 169 5
1117 182 1120 187 ,
1150 106 1213 171 247
1266 78 1274 90 ’

69 269 238 321 correctum
268 265 524 341 peripetasmata,
557 265 635 345 quod
669 269 699 326 in
732 267 859 328 lectione
895 269 1039 349 principis
1076 269 1215 331 editionis

65 371 314 445 peristetasrnata
338 367 501 432 Politianus
525 371 615 433 dedit.
653 382 786 435 ceterum
811 392 886 454 qliae
910 375 947 436 de
972 394 1028 437 uso
1051 379 1213 458 peripetas-

67 481 181 536 matum
208 474 285 556 apud
311 475 472 539 Varronem
500 479 536 540 de
560 479 630 560 ling.
649 479 697 541 lat.
717 479 740 539 V
762 478 824 543 168
852 484 963 562 scripta
986 493 1070 566 sunt,
1094 503 1214 561 praeca

65 589 138 643 sant
157 586 377 659 peristromata
400 592 430 646 et
448 588 704 663 peripetasmata,
731 591 777 650 sic
800 592 864 650 alia
887 607 967 665 qnae
993 592 1062 652 item
1085 595 1216 653 convivii

67 705 166 751 cansa
188 692 233 751 ibi
248 695 352 766 malta,
375 693 557 772 interpretes
576 695 605 753 in
626 712 759 756 errorem
778 695 969 778 induxerunt,
989 705 1022 758 ut
1039 706 1212 777 apparatum

66 797 250 859 convivalem
274 798 330 859 boc
353 798 418 860 loco
439 798 569 861 describi
588 808 738 884 putarent,
757 821 934 882 quamquam
954 805 1015 884 ipsa
1037 802 1124 865 verba
1143 805 1212 867 huic

64 905 308 985 interpretationi
330 924 497 987 repugnare
520 917 652 988 apparet.
698 908 839 970 dicuntur
867 911 945 971 enirn
974 919 1143 990 tegumenta
1166 913 1211 973 vei

66 1010 183 1093 aulaea,
216 1012 325 1092 quibus
359 1023 533 1092 suggestum
567 1014 666 1076 faleris
700 1017 837 1076 exornari
865 1014 985 1078 solebat.
1031 1021 1211 1093 tepeticntae

65 1110 263 1182 cannabinae
285 1119 428 1181 dicuntur
450 1119 588 1203 1118,2.

156 1227 303 1290 Peruenit
325 1230 423 1289 omnia
447 1229 614 1310 apographa
633 1228 751 1310 hahent,
771 1233 916 1306 prouenit
938 1232 969 1290 in
989 1232 1124 1311 principe
1148 1231 1208 1293 cdi·

64 1333 147 1394 tione
167 1332 330 1394 Politianus
349 1353 409 1395 non
428 1337 560 1397 mutarit.
598 1334 704 1396 deinde
728 1344 896 1397 commeant
919 1335 996 1397 edita
1011 1337 1109 1398 iudea
1128 1341 1208 1419 prin-

62 1441 130 1520 cipe
154 1439 283 1502 editione
307 1442 492 1522 exempiaria.
538 1448 718 1503 commetant
741 1459 777 1501 cx
800 1439 960 1521 archetypo
984 1445 1113 1521 restitui,

154 1546 336 1626 Epitoniis
368 1550 489 1610 uersis
522 1546 561 1607 ad
602 1563 888 1627 unumquemque
927 1549 1059 1610 iactum
1092 1552 1139 1611 sit
1171 1561 1209 1614 ut

63 1653 156 1715 iiuat
184 1653 392 1732 conuiuam]
423 1657 596 1733 Epistomiis
618 1653 792 1730 —sactum
819 1656 865 1715 sic
892 1663 926 1715 at
950 1658 1031 1730 sinat
1053 1662 1209 1720 convivam

63 1759 186 1840 biortrla,
201 1759 320 1836 factam
332 1765 379 1823 sic
396 1769 428 1822 at
438 1765 519 1837 fluat
538 1765 569 1822 in
591 1764 748 1822 convivam
766 1759 927 1821 iucundus.
964 1766 1112 1845 epitoniis,
1131 1767 1209 1825 sicut

63 1869 94 1928 iu
119 1867 296 1946 apographis
319 1871 462 1948 scripturn
487 1877 546 1949 cst,
575 1885 634 1927 non
658 1869 826 1943 epistonr'is,
854 1876 887 1927 ut
911 1867 1061 1930 Gesnerus
1089 1870 1208 1952 indicat,

64 1973 227 2035 Politiauus
251 1993 286 2034 en
314 1954 475 2055 arbbetypo
503 1973 669 2053 adnotavit.;
700 1976 771 2033 item
795 1971 956 2055 Victorius,
984 1976 1035 2053 qni
1063 1975 1135 2037 hacc
1159 1977 1208 2037 ad·

63 2083 191 2162 enotavit,
223 2077 325 2142 ‘aritea
353 2085 383 2142 in
417 2084 535 2142 excossis
564 2082 751 2158 Epistomiis:
784 2080 930 2139 veriorem
964 2097 1029 2141 esse
1058 2083 1208 2159 Epitoniis

62 2189 221 2249 lectionem
244 2191 353 2268 putavi.
392 2207 459 2249 narn
483 2176 577 2248 ita'in
601 2187 718 2248 cunctis
737 2203 825 2245 manu
846 2186 966 2263 scriptis
985 2181 1110 2249 invcni'.
1146 2193 1206 2265 epi·

61 2300 147 2358 tonia
171 2294 281 2356 habent
303 2298 392 2357 etianr
416 2294 534 2356 codices
559 2293 685 2354 Vitrueii
704 2291 744 2352 tx
764 2288 849 2372 9,11
876 2302 907 2351 et
931 2289 956 2351 X
977 2288 1026 2365 13,
1046 2290 1080 2373 35
1100 2290 1129 2373 5,
1155 2294 1206 2355 ubi

62 2402 150 2481 vulgo
165 2405 320 2479 epistomia
334 2420 370 2463 ex
385 2404 557 2463 coniectura
571 2399 697 2462 iucundi
712 2399 833 2479 legitor3
853 2400 924 2458 itetn
941 2397 1071 2459 Senecae
1086 2401 1203 2480 epistni.

61 2505 152 2590 86,5
171 2511 249 2569 etin
269 2509 452 2588 digestorum
473 2509 491 2571 Ι.
510 2507 576 2568 xtx
594 2516 616 2569 t
636 2507 653 2569 1
675 2506 692 2568 1.
712 2504 762 2568 17.
800 2504 836 2566 ab
856 2504 902 2565 bis
921 2503 1059 2566 omnibus
1078 2509 1205 2586 epitonia

60 2615 204 2676 dicuntur
237 2615 380 2676 ioramiua
413 2625 443 2677 et
476 2617 674 2677 instrumenta
703 2611 861 2693 quaedam,
895 2609 1003 2690 quibus
1036 2615 1148 2675 intenta
1180 2618 1207 2677 vi

61 2722 265 2784 machinarum
299 2742 374 2803 aqua
407 2721 582 2803 effunditur,
615 2741 673 2783 non
706 2721 904 2781 instrumenta
937 2718 1046 2798 quibus
1079 2720 1206 2783 chordae

60 2829 209 2909 funesque
229 2830 435 2910 intenduntur,
459 2838 491 2890 ut
518 2828 665 2890 Victorius
689 2830 912 2905 interpretatur.

153 2934 193 2998 17
233 2935 271 2997 ln
304 2935 493 3013 horologio
526 2932 617 3012 qood
652 2932 742 2991 iecit
779 2926 983 3008 cyprcstes]
1026 2930 1205 3006 Cyrrhestes

59 3040 230 3103 Turnebus,
267 3045 298 3103 in
313 3050 468 3121 octopono,
485 3042 568 3116 qnod
577 3037 655 3114 fecit
672 3037 868 3099 Andronicus
886 3036 1064 3112 Cyrrhestes
1080 3035 1207 3100 Ursinus

59 3168 97 3210 ex
121 3149 254 3210 Vitruvio
278 3144 340 3228 16,
359 3144 390 3228 4,
414 3147 465 3225 qui
488 3144 524 3205 de
545 3145 640 3206 ventis
659 3141 764 3205 scribit
781 3142 865 3223 haec,
882 3144 938 3205 sed
957 3144 1012 3218 qui
1029 3144 1205 3219 diliaentias

55 3258 295 3334 perquisierant,
323 3255 521 3314 tradiderant
543 3270 593 3313 cos
616 3269 681 3313 esse
698 3257 774 3326 octo,
797 3253 930 3312 maxime
946 3252 1066 3326 quidem
1085 3252 1204 3312 Andro-

58 3366 149 3424 nicus
176 3363 347 3439 Cyrrestes,
375 3362 430 3436 qai
451 3362 542 3421 etiam
566 3362 734 3435 exemptam
762 3359 923 3419 collocarit
944 3359 1070 3419 Athenis
1093 3361 1204 3418 turrim

58 3487 263 3530 marmoream
286 3475 456 3543 octaponon
479 3471 509 3528 et
531 3468 564 3527 in
585 3467 714 3540 sinentis
737 3464 886 3525 lateribus
909 3467 1055 3539 octaponi
1070 3468 1203 3540 sinpaio·

58 3593 130 3636 rnm
156 3581 313 3635 ventorum
342 3576 489 3649 imapines
516 3574 675 3648 excalptas
698 3577 807 3633 contra
831 3587 904 3631 ¹suos
936 3574 1083 3646 cuiusque
1109 3575 1204 3647 flatus

59 3683 238 3757 aesianaoit.
285 3678 446 3739 Andronici
468 3696 575 3739 nomon
600 3676 678 3756 apud
699 3676 860 3738 Varronem
884 3675 1030 3737 excidisse
1055 3675 1205 3740 adnotavit

60 3786 272 3851 Schneidcrus.

151 3891 192 3956 18
225 3893 295 3955 Nos
322 3893 480 3954 athietae
509 3893 735 3952 comitiorum
763 3892 830 3951 ima
858 3906 937 3951 com
965 3888 999 3950 id
1024 3889 1110 3950 iieri
1133 3907 1202 3950 non

61 3998 293 4078 miraremur]
319 4001 458 4061 Athletae
480 4018 516 4059 ex
539 3995 654 4078 111,2
678 3999 849 4074 pecuariae
877 3997 1009 4056 athletae
1032 3995 1202 4056 restitutum

59 4117 114 4169 est.
161 4109 235 4178 ima,
263 4105 341 4184 quod
371 4123 406 4165 ex
440 4121 529 4183 prava
558 4103 724 4163 litterarum
753 4102 932 4182 repetitione
960 4099 1076 4166 ridetur,
1104 4109 1201 4162 ortum

61 4232 138 4293 csse,
167 4208 276 4273 delevi:
308 4229 370 4274 nna
403 4227 438 4272 er
472 4210 606 4289 principe
635 4207 764 4269 editione
792 4215 946 4287 receptum
974 4216 1045 4267 erat.
1096 4206 1202 4267 deindo
