<?xml version="1.0" encoding="UTF-8"?>
<!DOCTYPE html PUBLIC "-//W3C//DTD XHTML 1.0 Transitional//EN"
    "http://www.w3.org/TR/xhtml1/DTD/xhtml1-transitional.dtd">
<html xmlns="http://www.w3.org/1999/xhtml" xml:lang="en" lang="en">
 <head>
  <title>
</title>
<meta http-equiv="Content-Type" content="text/html;charset=utf-8" />
  <meta name='ocr-system' content='tesseract 3.04.00' />
  <meta name='ocr-capabilities' content='ocr_page ocr_carea ocr_par ocr_line ocrx_word'/>
</head>
<body>
  <div class='ocr_page' id='page_1' title='image "./mporcicatonisde00keilgoog_0329.png"; bbox 0 0 2874 4994; ppageno 0'>
   <div class='ocr_carea' id='block_1_1' title="bbox 102 144 896 209">
    <p class='ocr_par' dir='ltr' id='par_1_1' title="bbox 102 144 896 209">
     <span class='ocr_line' id='line_1_1' title="bbox 102 144 896 209; baseline -0.003 -1"><span class='ocrx_word' id='word_1_1' title='bbox 102 144 163 208; x_wconf 88' lang='grc'>106</span> <span class='ocrx_word' id='word_1_2' title='bbox 441 151 631 209; x_wconf 81' lang='lat' dir='ltr'><strong>COMMENT.</strong></span> <span class='ocrx_word' id='word_1_3' title='bbox 650 152 689 206; x_wconf 87' lang='lat' dir='ltr'>IN</span> <span class='ocrx_word' id='word_1_4' title='bbox 708 150 896 207; x_wconf 80' lang='lat' dir='ltr'><strong>VARRONIS</strong></span> 
     </span>
    </p>
   </div>
   <div class='ocr_carea' id='block_1_2' title="bbox 98 303 1313 4346">
    <p class='ocr_par' dir='ltr' id='par_1_2' title="bbox 98 303 1313 1012">
     <span class='ocr_line' id='line_1_2' title="bbox 188 303 1311 387; baseline -0.003 -18"><span class='ocrx_word' id='word_1_5' title='bbox 188 306 208 370; x_wconf 90' lang='lat'><strong>3</strong></span> <span class='ocrx_word' id='word_1_6' title='bbox 237 307 388 369; x_wconf 81' lang='lat' dir='ltr'>Radices</span> <span class='ocrx_word' id='word_1_7' title='bbox 407 316 575 368; x_wconf 89' lang='lat' dir='ltr'>autumno</span> <span class='ocrx_word' id='word_1_8' title='bbox 594 315 656 367; x_wconf 86' lang='lat' dir='ltr'>aut</span> <span class='ocrx_word' id='word_1_9' title='bbox 674 306 789 367; x_wconf 91' lang='lat' dir='ltr'>hieme</span> <span class='ocrx_word' id='word_1_10' title='bbox 809 307 919 387; x_wconf 76' lang='lat' dir='ltr'>magis</span> <span class='ocrx_word' id='word_1_11' title='bbox 938 303 1004 368; x_wconf 81' lang='lat' dir='ltr'>srrlr</span> <span class='ocrx_word' id='word_1_12' title='bbox 1024 314 1200 386; x_wconf 82' lang='lat' dir='ltr'>terrequrtt</span> <span class='ocrx_word' id='word_1_13' title='bbox 1284 316 1311 357; x_wconf 76' lang='lat'>2-</span> 
     </span>
     <span class='ocr_line' id='line_1_3' title="bbox 99 407 1313 495; baseline -0.002 -19"><span class='ocrx_word' id='word_1_14' title='bbox 99 434 207 495; x_wconf 90' lang='lat' dir='ltr'>supra</span> <span class='ocrx_word' id='word_1_15' title='bbox 231 413 414 492; x_wconf 87' lang='lat' dir='ltr'>alescunt]</span> <span class='ocrx_word' id='word_1_16' title='bbox 439 416 622 476; x_wconf 76' lang='lat' dir='ltr'>Adolesount</span> <span class='ocrx_word' id='word_1_17' title='bbox 646 432 682 474; x_wconf 88' lang='lat' dir='ltr'>ex</span> <span class='ocrx_word' id='word_1_18' title='bbox 706 413 834 476; x_wconf 86' lang='lat' dir='ltr'>secunda</span> <span class='ocrx_word' id='word_1_19' title='bbox 859 413 990 475; x_wconf 81' lang='lat' dir='ltr'>editione</span> <span class='ocrx_word' id='word_1_20' title='bbox 1008 411 1125 474; x_wconf 84' lang='lat' dir='ltr'>Victorii</span> <span class='ocrx_word' id='word_1_21' title='bbox 1142 410 1202 492; x_wconf 65' lang='lat' dir='ltr'>roqo</span> <span class='ocrx_word' id='word_1_22' title='bbox 1285 407 1313 463; x_wconf 51' lang='lat' dir='ltr'>l¹</span> 
     </span>
     <span class='ocr_line' id='line_1_4' title="bbox 99 517 1303 605; baseline -0.002 -21"><span class='ocrx_word' id='word_1_23' title='bbox 99 532 251 603; x_wconf 88' lang='lat' dir='ltr'>receptum</span> <span class='ocrx_word' id='word_1_24' title='bbox 281 529 353 582; x_wconf 88' lang='lat' dir='ltr'>erat.</span> <span class='ocrx_word' id='word_1_25' title='bbox 391 539 456 582; x_wconf 88' lang='lat' dir='ltr'>narn</span> <span class='ocrx_word' id='word_1_26' title='bbox 485 522 514 581; x_wconf 90' lang='lat' dir='ltr'>iu</span> <span class='ocrx_word' id='word_1_27' title='bbox 544 523 638 601; x_wconf 89' lang='lat' dir='ltr'>prima</span> <span class='ocrx_word' id='word_1_28' title='bbox 667 521 810 603; x_wconf 80' lang='lat' dir='ltr'>editione,</span> <span class='ocrx_word' id='word_1_29' title='bbox 842 523 921 582; x_wconf 89' lang='lat' dir='ltr'>sicut</span> <span class='ocrx_word' id='word_1_30' title='bbox 953 520 985 581; x_wconf 89' lang='lat' dir='ltr'>in</span> <span class='ocrx_word' id='word_1_31' title='bbox 1006 517 1206 605; x_wconf 21' lang='lat' dir='ltr'>&#39;antiquion‘m</span> <span class='ocrx_word' id='word_1_32' title='bbox 1294 534 1303 573; x_wconf 63' lang='grc' dir='ltr'>λ</span> 
     </span>
     <span class='ocr_line' id='line_1_5' title="bbox 99 622 1204 707; baseline -0.003 -16"><span class='ocrx_word' id='word_1_33' title='bbox 99 634 236 691; x_wconf 79' lang='lat' dir='ltr'>uicerunt</span> <span class='ocrx_word' id='word_1_34' title='bbox 259 627 376 707; x_wconf 79' lang='lat' dir='ltr'>legitur.</span> <span class='ocrx_word' id='word_1_35' title='bbox 413 646 502 703; x_wconf 87' lang='lat' dir='ltr'>quom</span> <span class='ocrx_word' id='word_1_36' title='bbox 526 646 608 703; x_wconf 77' lang='lat' dir='ltr'>patae</span> <span class='ocrx_word' id='word_1_37' title='bbox 630 646 726 705; x_wconf 84' lang='lat' dir='ltr'>supro</span> <span class='ocrx_word' id='word_1_38' title='bbox 750 631 927 690; x_wconf 83' lang='lat' dir='ltr'>adolescunt</span> <span class='ocrx_word' id='word_1_39' title='bbox 949 624 1113 689; x_wconf 75' lang='lat' dir='ltr'>Pontedera</span> <span class='ocrx_word' id='word_1_40' title='bbox 1129 644 1154 707; x_wconf 91' lang='lat' dir='ltr'>p.</span> <span class='ocrx_word' id='word_1_41' title='bbox 1165 622 1204 688; x_wconf 85' lang='lat' dir='ltr'>lii</span> 
     </span>
     <span class='ocr_line' id='line_1_6' title="bbox 98 733 1206 816; baseline -0.001 -19"><span class='ocrx_word' id='word_1_42' title='bbox 98 744 129 797; x_wconf 90' lang='lat' dir='ltr'>et</span> <span class='ocrx_word' id='word_1_43' title='bbox 156 735 366 797; x_wconf 89' lang='lat' dir='ltr'>Schneiderus.</span> <span class='ocrx_word' id='word_1_44' title='bbox 393 767 430 777; x_wconf 91' lang='lat'>—</span> <span class='ocrx_word' id='word_1_45' title='bbox 457 734 563 796; x_wconf 90' lang='lat' dir='ltr'>deinde</span> <span class='ocrx_word' id='word_1_46' title='bbox 592 738 674 811; x_wconf 82' lang='lat' dir='ltr'>qrtod</span> <span class='ocrx_word' id='word_1_47' title='bbox 695 742 793 797; x_wconf 81' lang='lat' dir='ltr'>lectae</span> <span class='ocrx_word' id='word_1_48' title='bbox 816 735 944 815; x_wconf 86' lang='lat' dir='ltr'>plurima</span> <span class='ocrx_word' id='word_1_49' title='bbox 972 733 1147 816; x_wconf 75' lang='lat' dir='ltr'>apographa,</span> <span class='ocrx_word' id='word_1_50' title='bbox 1168 752 1206 810; x_wconf 78' lang='lat' dir='ltr'>quo</span> 
     </span>
     <span class='ocr_line' id='line_1_7' title="bbox 99 840 1206 922; baseline -0.001 -18"><span class='ocrx_word' id='word_1_51' title='bbox 99 851 197 906; x_wconf 78' lang='lat' dir='ltr'>lector</span> <span class='ocrx_word' id='word_1_52' title='bbox 221 843 314 904; x_wconf 83' lang='lat' dir='ltr'>codex</span> <span class='ocrx_word' id='word_1_53' title='bbox 337 841 491 904; x_wconf 86' lang='lat' dir='ltr'>Caesenas.</span> <span class='ocrx_word' id='word_1_54' title='bbox 529 861 587 918; x_wconf 79' lang='lat' dir='ltr'>quo</span> <span class='ocrx_word' id='word_1_55' title='bbox 616 844 646 902; x_wconf 91' lang='lat' dir='ltr'>in</span> <span class='ocrx_word' id='word_1_56' title='bbox 675 844 809 922; x_wconf 80' lang='lat' dir='ltr'>principe</span> <span class='ocrx_word' id='word_1_57' title='bbox 836 842 967 904; x_wconf 86' lang='lat' dir='ltr'>editione</span> <span class='ocrx_word' id='word_1_58' title='bbox 989 840 1149 904; x_wconf 82' lang='lat' dir='ltr'>Polititntts</span> <span class='ocrx_word' id='word_1_59' title='bbox 1169 859 1206 903; x_wconf 86' lang='lat' dir='ltr'>non</span> 
     </span>
     <span class='ocr_line' id='line_1_8' title="bbox 98 952 237 1012; baseline -0.014 0"><span class='ocrx_word' id='word_1_60' title='bbox 98 952 237 1012; x_wconf 89' lang='lat' dir='ltr'>correxit.</span> 
     </span>
    </p>

    <p class='ocr_par' dir='ltr' id='par_1_3' title="bbox 99 1054 1313 2633">
     <span class='ocr_line' id='line_1_9' title="bbox 187 1054 1209 1137; baseline 0 -19"><span class='ocrx_word' id='word_1_61' title='bbox 187 1057 300 1136; x_wconf 87' lang='lat' dir='ltr'>Supra</span> <span class='ocrx_word' id='word_1_62' title='bbox 329 1066 462 1117; x_wconf 89' lang='lat' dir='ltr'>terram</span> <span class='ocrx_word' id='word_1_63' title='bbox 491 1075 572 1117; x_wconf 89' lang='lat' dir='ltr'>aere</span> <span class='ocrx_word' id='word_1_64' title='bbox 601 1057 793 1136; x_wconf 77' lang='lat' dir='ltr'>frigidiore</span> <span class='ocrx_word' id='word_1_65' title='bbox 822 1054 1033 1137; x_wconf 81' lang='lat' dir='ltr'>tinguntur]</span> <span class='ocrx_word' id='word_1_66' title='bbox 1064 1056 1209 1133; x_wconf 62' lang='lat' dir='ltr'>Toueruu</span> 
     </span>
     <span class='ocr_line' id='line_1_10' title="bbox 99 1161 1211 1246; baseline -0.001 -21"><span class='ocrx_word' id='word_1_67' title='bbox 99 1166 227 1226; x_wconf 89' lang='lat' dir='ltr'>coniecit</span> <span class='ocrx_word' id='word_1_68' title='bbox 249 1164 407 1245; x_wconf 83' lang='lat' dir='ltr'>Victorius,</span> <span class='ocrx_word' id='word_1_69' title='bbox 431 1168 660 1241; x_wconf 74' lang='lat' dir='ltr'>restriupuutur</span> <span class='ocrx_word' id='word_1_70' title='bbox 684 1164 823 1246; x_wconf 84' lang='lat' dir='ltr'>Scaliger,</span> <span class='ocrx_word' id='word_1_71' title='bbox 850 1169 1048 1242; x_wconf 75' lang='lat' dir='ltr'>striupuutur</span> <span class='ocrx_word' id='word_1_72' title='bbox 1069 1161 1211 1243; x_wconf 78' lang='lat' dir='ltr'>Pontedera,</span> 
     </span>
     <span class='ocr_line' id='line_1_11' title="bbox 99 1268 1210 1352; baseline -0.004 -17"><span class='ocrx_word' id='word_1_73' title='bbox 99 1277 266 1349; x_wconf 75' lang='lat' dir='ltr'>ciupuutur</span> <span class='ocrx_word' id='word_1_74' title='bbox 290 1270 500 1332; x_wconf 87' lang='lat' dir='ltr'>Schrtciderus.</span> <span class='ocrx_word' id='word_1_75' title='bbox 537 1276 713 1347; x_wconf 74' lang='lat' dir='ltr'>riupuulur,</span> <span class='ocrx_word' id='word_1_76' title='bbox 737 1271 815 1352; x_wconf 90' lang='lat' dir='ltr'>quod</span> <span class='ocrx_word' id='word_1_77' title='bbox 840 1290 875 1333; x_wconf 88' lang='lat' dir='ltr'>ex</span> <span class='ocrx_word' id='word_1_78' title='bbox 895 1270 998 1332; x_wconf 74' lang='lat' dir='ltr'>Aldina</span> <span class='ocrx_word' id='word_1_79' title='bbox 1019 1270 1147 1333; x_wconf 89' lang='lat' dir='ltr'>editione</span> <span class='ocrx_word' id='word_1_80' title='bbox 1163 1268 1210 1331; x_wconf 77' lang='lat' dir='ltr'>Ges</span> 
     </span>
     <span class='ocr_line' id='line_1_12' title="bbox 100 1374 1212 1458; baseline -0.001 -19"><span class='ocrx_word' id='word_1_81' title='bbox 100 1398 191 1440; x_wconf 91' lang='lat' dir='ltr'>nerus</span> <span class='ocrx_word' id='word_1_82' title='bbox 223 1380 349 1458; x_wconf 87' lang='lat' dir='ltr'>recepit,</span> <span class='ocrx_word' id='word_1_83' title='bbox 383 1380 477 1439; x_wconf 87' lang='lat' dir='ltr'>errori</span> <span class='ocrx_word' id='word_1_84' title='bbox 507 1381 608 1458; x_wconf 92' lang='lat' dir='ltr'>potius</span> <span class='ocrx_word' id='word_1_85' title='bbox 641 1397 728 1458; x_wconf 91' lang='lat' dir='ltr'>quam</span> <span class='ocrx_word' id='word_1_86' title='bbox 762 1380 951 1441; x_wconf 87' lang='lat' dir='ltr'>coniecturae</span> <span class='ocrx_word' id='word_1_87' title='bbox 984 1378 1110 1440; x_wconf 74' lang='lat' dir='ltr'>editoris</span> <span class='ocrx_word' id='word_1_88' title='bbox 1137 1374 1212 1439; x_wconf 83' lang='lat' dir='ltr'>dolui</span> 
     </span>
     <span class='ocr_line' id='line_1_13' title="bbox 100 1475 1313 1567; baseline 0.001 -22"><span class='ocrx_word' id='word_1_89' title='bbox 100 1487 224 1548; x_wconf 88' lang='lat' dir='ltr'>videtur.</span> <span class='ocrx_word' id='word_1_90' title='bbox 262 1485 410 1563; x_wconf 86' lang='lat' dir='ltr'>Theophr.</span> <span class='ocrx_word' id='word_1_91' title='bbox 429 1486 466 1546; x_wconf 91' lang='lat' dir='ltr'>dc</span> <span class='ocrx_word' id='word_1_92' title='bbox 485 1504 565 1548; x_wconf 87' lang='lat' dir='ltr'>caus.</span> <span class='ocrx_word' id='word_1_93' title='bbox 584 1486 673 1565; x_wconf 87' lang='lat' dir='ltr'>plant.</span> <span class='ocrx_word' id='word_1_94' title='bbox 693 1486 704 1546; x_wconf 99' lang='lat' dir='ltr'>l</span> <span class='ocrx_word' id='word_1_95' title='bbox 726 1482 811 1567; x_wconf 59' lang='lat'>123</span> <span class='ocrx_word' id='word_1_96' title='bbox 834 1477 981 1559; x_wconf 74' lang='grc' dir='ltr'><strong><em>πιθανὸς</em></strong></span> <span class='ocrx_word' id='word_1_97' title='bbox 1004 1476 1043 1547; x_wconf 76' lang='lat' dir='ltr'>dl</span> <span class='ocrx_word' id='word_1_98' title='bbox 1065 1475 1211 1565; x_wconf 68' lang='grc' dir='ltr'>καὶταύτῃ</span> <span class='ocrx_word' id='word_1_99' title='bbox 1312 1527 1313 1535; x_wconf 24' lang='grc' dir='ltr'><em>τ</em></span> 
     </span>
     <span class='ocr_line' id='line_1_14' title="bbox 101 1581 1284 1674; baseline 0 -21"><span class='ocrx_word' id='word_1_100' title='bbox 101 1586 229 1667; x_wconf 79' lang='grc' dir='ltr'><strong><em>δόξειεν</em></strong></span> <span class='ocrx_word' id='word_1_101' title='bbox 251 1581 296 1655; x_wconf 78' lang='lat' dir='ltr'>dv</span> <span class='ocrx_word' id='word_1_102' title='bbox 320 1585 338 1654; x_wconf 90' lang='grc' dir='ltr'>ὁ</span> <span class='ocrx_word' id='word_1_103' title='bbox 358 1585 468 1673; x_wconf 80' lang='grc' dir='ltr'><strong><em>λόγος,</em></strong></span> <span class='ocrx_word' id='word_1_104' title='bbox 492 1584 543 1656; x_wconf 83' lang='grc' dir='ltr'>ὅτι</span> <span class='ocrx_word' id='word_1_105' title='bbox 566 1585 606 1654; x_wconf 81' lang='grc' dir='ltr'>τὰ</span> <span class='ocrx_word' id='word_1_106' title='bbox 630 1586 691 1674; x_wconf 69' lang='grc' dir='ltr'>μὲν</span> <span class='ocrx_word' id='word_1_107' title='bbox 714 1585 787 1654; x_wconf 76' lang='grc' dir='ltr'>ἅνω</span> <span class='ocrx_word' id='word_1_108' title='bbox 810 1585 973 1655; x_wconf 80' lang='grc' dir='ltr'><strong><em>κωλύεται</em></strong></span> <span class='ocrx_word' id='word_1_109' title='bbox 996 1583 1054 1654; x_wconf 76' lang='grc' dir='ltr'>διὰ</span> <span class='ocrx_word' id='word_1_110' title='bbox 1071 1582 1130 1654; x_wconf 82' lang='grc' dir='ltr'>τὸν</span> <span class='ocrx_word' id='word_1_111' title='bbox 1145 1585 1284 1671; x_wconf 64' lang='grc' dir='ltr'>πέριξ</span> 
     </span>
     <span class='ocr_line' id='line_1_15' title="bbox 100 1688 1285 1782; baseline -0.002 -22"><span class='ocrx_word' id='word_1_112' title='bbox 100 1690 182 1781; x_wconf 76' lang='grc' dir='ltr'><em>ἀέρα</em></span> <span class='ocrx_word' id='word_1_113' title='bbox 206 1691 335 1780; x_wconf 75' lang='grc' dir='ltr'><em>ψυχρὸν</em></span> <span class='ocrx_word' id='word_1_114' title='bbox 360 1692 452 1780; x_wconf 85' lang='grc' dir='ltr'><em>ὅντα,</em></span> <span class='ocrx_word' id='word_1_115' title='bbox 476 1692 516 1762; x_wconf 82' lang='grc' dir='ltr'>τὰ</span> <span class='ocrx_word' id='word_1_116' title='bbox 542 1693 579 1762; x_wconf 78' lang='lat' dir='ltr'>dl</span> <span class='ocrx_word' id='word_1_117' title='bbox 602 1693 690 1761; x_wconf 82' lang='grc' dir='ltr'><em>κάτω</em></span> <span class='ocrx_word' id='word_1_118' title='bbox 714 1692 934 1780; x_wconf 78' lang='grc' dir='ltr'><em>στεγαζόμενοι</em></span> <span class='ocrx_word' id='word_1_119' title='bbox 957 1720 997 1782; x_wconf 76' lang='grc' dir='ltr'>τῃ</span> <span class='ocrx_word' id='word_1_120' title='bbox 1025 1696 1070 1782; x_wconf 78' lang='grc' dir='ltr'>γῇ</span> <span class='ocrx_word' id='word_1_121' title='bbox 1096 1691 1147 1760; x_wconf 76' lang='lat' dir='ltr'>nol</span> <span class='ocrx_word' id='word_1_122' title='bbox 1163 1688 1285 1778; x_wconf 67' lang='lat' dir='ltr'>ip—</span> 
     </span>
     <span class='ocr_line' id='line_1_16' title="bbox 100 1797 1284 1888; baseline 0.003 -20"><span class='ocrx_word' id='word_1_123' title='bbox 100 1800 423 1887; x_wconf 77' lang='lat' dir='ltr'>eoyuucuuietdpeuu</span> <span class='ocrx_word' id='word_1_124' title='bbox 451 1798 516 1869; x_wconf 80' lang='grc' dir='ltr'>ὑπὸ</span> <span class='ocrx_word' id='word_1_125' title='bbox 545 1805 607 1870; x_wconf 85' lang='grc' dir='ltr'>τοῦ</span> <span class='ocrx_word' id='word_1_126' title='bbox 634 1805 765 1888; x_wconf 81' lang='grc' dir='ltr'><em>θερμοῦ</em></span> <span class='ocrx_word' id='word_1_127' title='bbox 794 1797 850 1868; x_wconf 74' lang='grc' dir='ltr'>διὰ</span> <span class='ocrx_word' id='word_1_128' title='bbox 879 1800 940 1887; x_wconf 81' lang='grc' dir='ltr'>τὴν</span> <span class='ocrx_word' id='word_1_129' title='bbox 972 1797 1284 1888; x_wconf 75' lang='grc' dir='ltr'><em>ἀντιπερίστασι-</em></span> 
     </span>
     <span class='ocr_line' id='line_1_17' title="bbox 99 1903 1281 1997; baseline 0 -23"><span class='ocrx_word' id='word_1_130' title='bbox 99 1912 138 1997; x_wconf 76' lang='grc' dir='ltr'>τῇ</span> <span class='ocrx_word' id='word_1_131' title='bbox 163 1933 196 1974; x_wconf 87' lang='grc' dir='ltr'>τε</span> <span class='ocrx_word' id='word_1_132' title='bbox 220 1903 376 1992; x_wconf 80' lang='grc' dir='ltr'><em>ὑγρότητι</em></span> <span class='ocrx_word' id='word_1_133' title='bbox 404 1906 458 1974; x_wconf 82' lang='grc' dir='ltr'>καὶ</span> <span class='ocrx_word' id='word_1_134' title='bbox 487 1918 595 1995; x_wconf 76' lang='grc' dir='ltr'><em>τροφῇ</em></span> <span class='ocrx_word' id='word_1_135' title='bbox 624 1907 854 1993; x_wconf 81' lang='grc' dir='ltr'><em>προσαύξεται.</em></span> <span class='ocrx_word' id='word_1_136' title='bbox 891 1914 983 1975; x_wconf 90' lang='lat' dir='ltr'>Varro</span> <span class='ocrx_word' id='word_1_137' title='bbox 1012 1932 1072 1994; x_wconf 91' lang='lat' dir='ltr'>quo</span> <span class='ocrx_word' id='word_1_138' title='bbox 1099 1909 1281 1980; x_wconf 71' lang='lat' dir='ltr'>voulut-u</span> 
     </span>
     <span class='ocr_line' id='line_1_18' title="bbox 100 2013 1277 2102; baseline 0.003 -19"><span class='ocrx_word' id='word_1_139' title='bbox 100 2022 281 2102; x_wconf 81' lang='lat' dir='ltr'>expresserit</span> <span class='ocrx_word' id='word_1_140' title='bbox 304 2021 333 2080; x_wconf 90' lang='lat' dir='ltr'>id</span> <span class='ocrx_word' id='word_1_141' title='bbox 358 2020 437 2100; x_wconf 91' lang='lat' dir='ltr'>quod</span> <span class='ocrx_word' id='word_1_142' title='bbox 461 2021 538 2100; x_wconf 89' lang='lat' dir='ltr'>apud</span> <span class='ocrx_word' id='word_1_143' title='bbox 558 2020 796 2102; x_wconf 85' lang='lat' dir='ltr'>Theophrastum</span> <span class='ocrx_word' id='word_1_144' title='bbox 815 2024 970 2083; x_wconf 84' lang='lat' dir='ltr'>invenerat</span> <span class='ocrx_word' id='word_1_145' title='bbox 987 2013 1151 2100; x_wconf 77' lang='grc' dir='ltr'><em>κωλύεται,</em></span> <span class='ocrx_word' id='word_1_146' title='bbox 1167 2036 1195 2079; x_wconf 87' lang='lat' dir='ltr'>uo</span> <span class='ocrx_word' id='word_1_147' title='bbox 1231 2043 1277 2086; x_wconf 72' lang='lat' dir='ltr'>n</span> 
     </span>
     <span class='ocr_line' id='line_1_19' title="bbox 100 2127 1272 2209; baseline 0.003 -20"><span class='ocrx_word' id='word_1_148' title='bbox 100 2129 185 2208; x_wconf 90' lang='lat' dir='ltr'>plano</span> <span class='ocrx_word' id='word_1_149' title='bbox 210 2137 334 2189; x_wconf 90' lang='lat' dir='ltr'>constat.</span> <span class='ocrx_word' id='word_1_150' title='bbox 371 2127 421 2187; x_wconf 90' lang='lat' dir='ltr'>sed</span> <span class='ocrx_word' id='word_1_151' title='bbox 442 2130 628 2207; x_wconf 87' lang='lat' dir='ltr'>aptissimum</span> <span class='ocrx_word' id='word_1_152' title='bbox 648 2129 682 2189; x_wconf 92' lang='lat' dir='ltr'>ad</span> <span class='ocrx_word' id='word_1_153' title='bbox 703 2129 778 2190; x_wconf 90' lang='lat' dir='ltr'>hanc</span> <span class='ocrx_word' id='word_1_154' title='bbox 793 2128 1026 2209; x_wconf 86' lang='lat' dir='ltr'>descriptionem</span> <span class='ocrx_word' id='word_1_155' title='bbox 1039 2127 1272 2192; x_wconf 59' lang='lat' dir='ltr'>videturesse</span> 
     </span>
     <span class='ocr_line' id='line_1_20' title="bbox 100 2232 1264 2317; baseline -0.006 -20"><span class='ocrx_word' id='word_1_156' title='bbox 100 2236 179 2316; x_wconf 90' lang='lat' dir='ltr'>quod</span> <span class='ocrx_word' id='word_1_157' title='bbox 203 2237 318 2317; x_wconf 87' lang='lat' dir='ltr'>scripsi,</span> <span class='ocrx_word' id='word_1_158' title='bbox 343 2244 510 2316; x_wconf 74' lang='lat' dir='ltr'>copulatur,</span> <span class='ocrx_word' id='word_1_159' title='bbox 538 2235 617 2315; x_wconf 88' lang='lat' dir='ltr'>quod</span> <span class='ocrx_word' id='word_1_160' title='bbox 647 2236 683 2297; x_wconf 92' lang='lat' dir='ltr'>de</span> <span class='ocrx_word' id='word_1_161' title='bbox 712 2237 822 2315; x_wconf 83' lang='lat' dir='ltr'>irigore</span> <span class='ocrx_word' id='word_1_162' title='bbox 850 2236 909 2304; x_wconf 87' lang='lat' dir='ltr'>dici</span> <span class='ocrx_word' id='word_1_163' title='bbox 937 2245 1041 2297; x_wconf 91' lang='lat' dir='ltr'>notum</span> <span class='ocrx_word' id='word_1_164' title='bbox 1068 2245 1123 2309; x_wconf 89' lang='lat' dir='ltr'>est,</span> <span class='ocrx_word' id='word_1_165' title='bbox 1148 2232 1264 2315; x_wconf 63' lang='lat' dir='ltr'>lug,</span> 
     </span>
     <span class='ocr_line' id='line_1_21' title="bbox 100 2338 1258 2425; baseline -0.002 -21"><span class='ocrx_word' id='word_1_166' title='bbox 100 2361 198 2423; x_wconf 79' lang='lat' dir='ltr'>georg.</span> <span class='ocrx_word' id='word_1_167' title='bbox 218 2341 254 2402; x_wconf 93' lang='lat' dir='ltr'>iV</span> <span class='ocrx_word' id='word_1_168' title='bbox 275 2338 317 2404; x_wconf 86' lang='lat'>35</span> <span class='ocrx_word' id='word_1_169' title='bbox 333 2342 455 2418; x_wconf 77' lang='lat' dir='ltr'>[ripere</span> <span class='ocrx_word' id='word_1_170' title='bbox 473 2347 561 2403; x_wconf 84' lang='lat' dir='ltr'>mello</span> <span class='ocrx_word' id='word_1_171' title='bbox 580 2346 662 2419; x_wconf 73' lang='lat' dir='ltr'>copi!</span> <span class='ocrx_word' id='word_1_172' title='bbox 680 2346 782 2417; x_wconf 80' lang='lat' dir='ltr'>lriects,</span> <span class='ocrx_word' id='word_1_173' title='bbox 806 2342 877 2404; x_wconf 88' lang='lat' dir='ltr'>Geli.</span> <span class='ocrx_word' id='word_1_174' title='bbox 893 2342 971 2404; x_wconf 86' lang='lat' dir='ltr'>XVll</span> <span class='ocrx_word' id='word_1_175' title='bbox 991 2341 1021 2425; x_wconf 90' lang='lat'>8,</span> <span class='ocrx_word' id='word_1_176' title='bbox 1038 2341 1079 2406; x_wconf 80' lang='lat'>13</span> <span class='ocrx_word' id='word_1_177' title='bbox 1099 2345 1127 2403; x_wconf 85' lang='lat' dir='ltr'>si</span> <span class='ocrx_word' id='word_1_178' title='bbox 1139 2343 1258 2402; x_wconf 75' lang='lat' dir='ltr'>iside-c</span> 
     </span>
     <span class='ocr_line' id='line_1_22' title="bbox 100 2450 1249 2527; baseline -0.004 -17"><span class='ocrx_word' id='word_1_179' title='bbox 100 2469 179 2525; x_wconf 76' lang='lat' dir='ltr'>praue</span> <span class='ocrx_word' id='word_1_180' title='bbox 202 2453 352 2510; x_wconf 82' lang='lat' dir='ltr'>calidiora</span> <span class='ocrx_word' id='word_1_181' title='bbox 375 2459 445 2511; x_wconf 80' lang='lat' dir='ltr'>suut</span> <span class='ocrx_word' id='word_1_182' title='bbox 469 2450 627 2526; x_wconf 77' lang='lat' dir='ltr'>difficilius</span> <span class='ocrx_word' id='word_1_183' title='bbox 653 2455 724 2526; x_wconf 76' lang='lat' dir='ltr'>pelet</span> <span class='ocrx_word' id='word_1_184' title='bbox 747 2460 913 2526; x_wconf 75' lang='lat' dir='ltr'>copurriur,</span> <span class='ocrx_word' id='word_1_185' title='bbox 943 2467 1113 2527; x_wconf 72' lang='lat' dir='ltr'>couprueus</span> <span class='ocrx_word' id='word_1_186' title='bbox 1135 2455 1169 2509; x_wconf 79' lang='lat' dir='ltr'>est</span> <span class='ocrx_word' id='word_1_187' title='bbox 1193 2458 1249 2506; x_wconf 79' lang='lat' dir='ltr'>ul</span> 
     </span>
     <span class='ocr_line' id='line_1_23' title="bbox 100 2556 757 2633; baseline -0.002 -14"><span class='ocrx_word' id='word_1_188' title='bbox 100 2575 180 2633; x_wconf 83' lang='lat' dir='ltr'>quac</span> <span class='ocrx_word' id='word_1_189' title='bbox 199 2556 368 2632; x_wconf 74' lang='lat' dir='ltr'>sripidioru</span> <span class='ocrx_word' id='word_1_190' title='bbox 390 2566 461 2617; x_wconf 74' lang='lat' dir='ltr'>staret</span> <span class='ocrx_word' id='word_1_191' title='bbox 479 2557 576 2633; x_wconf 78' lang='lat' dir='ltr'>focile</span> <span class='ocrx_word' id='word_1_192' title='bbox 598 2566 757 2633; x_wconf 72' lang='lat' dir='ltr'>coquntur.</span> 
     </span>
    </p>

    <p class='ocr_par' dir='ltr' id='par_1_4' title="bbox 100 2662 1226 4346">
     <span class='ocr_line' id='line_1_24' title="bbox 188 2662 1223 2745; baseline -0.008 -21"><span class='ocrx_word' id='word_1_193' title='bbox 188 2663 308 2742; x_wconf 84' lang='lat' dir='ltr'>Neque</span> <span class='ocrx_word' id='word_1_194' title='bbox 331 2662 469 2725; x_wconf 82' lang='lat' dir='ltr'>radices</span> <span class='ocrx_word' id='word_1_195' title='bbox 492 2664 636 2743; x_wconf 85' lang='lat' dir='ltr'>longius</span> <span class='ocrx_word' id='word_1_196' title='bbox 659 2664 862 2745; x_wconf 89' lang='lat' dir='ltr'>procedunt</span> <span class='ocrx_word' id='word_1_197' title='bbox 885 2666 958 2725; x_wconf 91' lang='lat' dir='ltr'>nisi</span> <span class='ocrx_word' id='word_1_198' title='bbox 981 2682 1049 2744; x_wconf 87' lang='lat' dir='ltr'>qno</span> <span class='ocrx_word' id='word_1_199' title='bbox 1076 2671 1223 2742; x_wconf 86' lang='lat' dir='ltr'>tempore</span> 
     </span>
     <span class='ocr_line' id='line_1_25' title="bbox 100 2768 1214 2852; baseline -0.005 -21"><span class='ocrx_word' id='word_1_200' title='bbox 100 2773 200 2832; x_wconf 91' lang='lat' dir='ltr'>uenit</span> <span class='ocrx_word' id='word_1_201' title='bbox 232 2769 320 2831; x_wconf 92' lang='lat' dir='ltr'>solis</span> <span class='ocrx_word' id='word_1_202' title='bbox 355 2771 484 2851; x_wconf 82' lang='lat' dir='ltr'>duplex</span> <span class='ocrx_word' id='word_1_203' title='bbox 518 2790 624 2833; x_wconf 88' lang='lat' dir='ltr'>causa</span> <span class='ocrx_word' id='word_1_204' title='bbox 659 2770 820 2833; x_wconf 88' lang='lat' dir='ltr'>radicum</span> <span class='ocrx_word' id='word_1_205' title='bbox 857 2769 950 2852; x_wconf 91' lang='lat' dir='ltr'>quod</span> <span class='ocrx_word' id='word_1_206' title='bbox 983 2781 1022 2832; x_wconf 88' lang='lat' dir='ltr'>et</span> <span class='ocrx_word' id='word_1_207' title='bbox 1056 2768 1214 2830; x_wconf 80' lang='lat' dir='ltr'>materiem</span> 
     </span>
     <span class='ocr_line' id='line_1_26' title="bbox 100 2875 1206 2958; baseline -0.005 -19"><span class='ocrx_word' id='word_1_208' title='bbox 100 2879 203 2940; x_wconf 89' lang='lat' dir='ltr'>aliam</span> <span class='ocrx_word' id='word_1_209' title='bbox 224 2897 326 2958; x_wconf 89' lang='lat' dir='ltr'>quam</span> <span class='ocrx_word' id='word_1_210' title='bbox 341 2879 444 2939; x_wconf 93' lang='lat' dir='ltr'>aliam</span> <span class='ocrx_word' id='word_1_211' title='bbox 459 2878 601 2958; x_wconf 85' lang='lat' dir='ltr'>longius</span> <span class='ocrx_word' id='word_1_212' title='bbox 616 2880 753 2958; x_wconf 91' lang='lat' dir='ltr'>proicit</span> <span class='ocrx_word' id='word_1_213' title='bbox 768 2876 912 2956; x_wconf 76' lang='lat' dir='ltr'>natura]</span> <span class='ocrx_word' id='word_1_214' title='bbox 934 2877 1095 2940; x_wconf 65' lang='lat' dir='ltr'>illnlerieru</span> <span class='ocrx_word' id='word_1_215' title='bbox 1111 2875 1206 2957; x_wconf 84' lang='lat' dir='ltr'>plurim</span> 
     </span>
     <span class='ocr_line' id='line_1_27' title="bbox 100 2977 1207 3067; baseline -0.007 -20"><span class='ocrx_word' id='word_1_216' title='bbox 100 2984 276 3067; x_wconf 84' lang='lat' dir='ltr'>apographa,</span> <span class='ocrx_word' id='word_1_217' title='bbox 298 2989 457 3046; x_wconf 68' lang='lat' dir='ltr'>utctmiuru</span> <span class='ocrx_word' id='word_1_218' title='bbox 486 2985 578 3046; x_wconf 87' lang='lat' dir='ltr'>codex</span> <span class='ocrx_word' id='word_1_219' title='bbox 603 2985 748 3046; x_wconf 83' lang='lat' dir='ltr'>Caesones</span> <span class='ocrx_word' id='word_1_220' title='bbox 777 2994 807 3046; x_wconf 87' lang='lat' dir='ltr'>ct</span> <span class='ocrx_word' id='word_1_221' title='bbox 835 2985 925 3046; x_wconf 90' lang='lat' dir='ltr'>editio</span> <span class='ocrx_word' id='word_1_222' title='bbox 953 2987 1093 3065; x_wconf 86' lang='lat' dir='ltr'>princeps</span> <span class='ocrx_word' id='word_1_223' title='bbox 1117 3003 1132 3045; x_wconf 91' lang='lat' dir='ltr'>a</span> <span class='ocrx_word' id='word_1_224' title='bbox 1153 2977 1207 3042; x_wconf 85' lang='lat' dir='ltr'>Poli-</span> 
     </span>
     <span class='ocr_line' id='line_1_28' title="bbox 100 3093 1209 3169; baseline -0.006 -14"><span class='ocrx_word' id='word_1_225' title='bbox 100 3096 179 3155; x_wconf 89' lang='lat' dir='ltr'>tiano</span> <span class='ocrx_word' id='word_1_226' title='bbox 204 3111 262 3153; x_wconf 89' lang='lat' dir='ltr'>non</span> <span class='ocrx_word' id='word_1_227' title='bbox 286 3101 429 3153; x_wconf 86' lang='lat' dir='ltr'>correcta.</span> <span class='ocrx_word' id='word_1_228' title='bbox 466 3111 562 3169; x_wconf 84' lang='lat' dir='ltr'>neque</span> <span class='ocrx_word' id='word_1_229' title='bbox 590 3094 713 3153; x_wconf 80' lang='lat' dir='ltr'>radices</span> <span class='ocrx_word' id='word_1_230' title='bbox 740 3096 859 3168; x_wconf 75' lang='lat' dir='ltr'>lortpius</span> <span class='ocrx_word' id='word_1_231' title='bbox 883 3095 1069 3168; x_wconf 82' lang='lat' dir='ltr'>procedunt,</span> <span class='ocrx_word' id='word_1_232' title='bbox 1095 3093 1150 3152; x_wconf 83' lang='lat' dir='ltr'>ur&#39;si</span> <span class='ocrx_word' id='word_1_233' title='bbox 1168 3105 1209 3163; x_wconf 86' lang='lat' dir='ltr'>quo</span> 
     </span>
     <span class='ocr_line' id='line_1_29' title="bbox 100 3202 1211 3277; baseline -0.006 -15"><span class='ocrx_word' id='word_1_234' title='bbox 100 3211 232 3277; x_wconf 79' lang='lat' dir='ltr'>ierrtpore</span> <span class='ocrx_word' id='word_1_235' title='bbox 262 3203 340 3260; x_wconf 79' lang='lat' dir='ltr'>reuil</span> <span class='ocrx_word' id='word_1_236' title='bbox 367 3203 418 3260; x_wconf 79' lang='lat' dir='ltr'>sol.</span> <span class='ocrx_word' id='word_1_237' title='bbox 465 3202 511 3260; x_wconf 85' lang='lat' dir='ltr'>dis</span> <span class='ocrx_word' id='word_1_238' title='bbox 540 3202 653 3276; x_wconf 77' lang='lat' dir='ltr'>duplex</span> <span class='ocrx_word' id='word_1_239' title='bbox 680 3218 788 3274; x_wconf 76' lang='lat' dir='ltr'>ceusu,</span> <span class='ocrx_word' id='word_1_240' title='bbox 816 3202 898 3276; x_wconf 83' lang='lat' dir='ltr'>quod</span> <span class='ocrx_word' id='word_1_241' title='bbox 924 3208 953 3261; x_wconf 84' lang='lat' dir='ltr'>et</span> <span class='ocrx_word' id='word_1_242' title='bbox 979 3202 1121 3260; x_wconf 82' lang='lat' dir='ltr'>radicum</span> <span class='ocrx_word' id='word_1_243' title='bbox 1144 3204 1211 3257; x_wconf 75' lang='lat' dir='ltr'>mete</span> 
     </span>
     <span class='ocr_line' id='line_1_30' title="bbox 100 3305 1217 3386; baseline -0.003 -17"><span class='ocrx_word' id='word_1_244' title='bbox 100 3314 180 3369; x_wconf 85' lang='lat' dir='ltr'>riom</span> <span class='ocrx_word' id='word_1_245' title='bbox 204 3325 267 3386; x_wconf 91' lang='lat' dir='ltr'>sqq.</span> <span class='ocrx_word' id='word_1_246' title='bbox 305 3324 340 3365; x_wconf 85' lang='lat' dir='ltr'>ex</span> <span class='ocrx_word' id='word_1_247' title='bbox 364 3305 468 3366; x_wconf 76' lang='lat' dir='ltr'>Aldina</span> <span class='ocrx_word' id='word_1_248' title='bbox 498 3307 627 3368; x_wconf 90' lang='lat' dir='ltr'>editione</span> <span class='ocrx_word' id='word_1_249' title='bbox 656 3316 808 3385; x_wconf 88' lang='lat' dir='ltr'>receptum</span> <span class='ocrx_word' id='word_1_250' title='bbox 833 3315 905 3386; x_wconf 89' lang='lat' dir='ltr'>erat,</span> <span class='ocrx_word' id='word_1_251' title='bbox 933 3305 983 3367; x_wconf 90' lang='lat' dir='ltr'>uhi</span> <span class='ocrx_word' id='word_1_252' title='bbox 1008 3309 1071 3367; x_wconf 82' lang='lat' dir='ltr'>nisi</span> <span class='ocrx_word' id='word_1_253' title='bbox 1091 3321 1146 3381; x_wconf 82' lang='lat' dir='ltr'>quo</span> <span class='ocrx_word' id='word_1_254' title='bbox 1163 3321 1217 3380; x_wconf 75' lang='lat' dir='ltr'>por·</span> 
     </span>
     <span class='ocr_line' id='line_1_31' title="bbox 101 3410 1222 3495; baseline -0.007 -19"><span class='ocrx_word' id='word_1_255' title='bbox 101 3419 181 3476; x_wconf 72' lang='lat' dir='ltr'>rrorril</span> <span class='ocrx_word' id='word_1_256' title='bbox 208 3416 254 3474; x_wconf 83' lang='lat' dir='ltr'>sol</span> <span class='ocrx_word' id='word_1_257' title='bbox 280 3414 406 3473; x_wconf 88' lang='lat' dir='ltr'>coniecit</span> <span class='ocrx_word' id='word_1_258' title='bbox 435 3412 578 3495; x_wconf 81' lang='lat' dir='ltr'>Scaliger,</span> <span class='ocrx_word' id='word_1_259' title='bbox 611 3418 672 3474; x_wconf 85' lang='lat' dir='ltr'>uisi</span> <span class='ocrx_word' id='word_1_260' title='bbox 698 3431 755 3488; x_wconf 84' lang='lat' dir='ltr'>quo</span> <span class='ocrx_word' id='word_1_261' title='bbox 784 3423 886 3490; x_wconf 83' lang='lat' dir='ltr'>lepore</span> <span class='ocrx_word' id='word_1_262' title='bbox 913 3417 994 3474; x_wconf 79' lang='lat' dir='ltr'>veuit</span> <span class='ocrx_word' id='word_1_263' title='bbox 1019 3416 1068 3475; x_wconf 86' lang='lat' dir='ltr'>soi</span> <span class='ocrx_word' id='word_1_264' title='bbox 1093 3410 1222 3473; x_wconf 82' lang='lat' dir='ltr'>Victorius</span> 
     </span>
     <span class='ocr_line' id='line_1_32' title="bbox 102 3516 1226 3600; baseline -0.003 -19"><span class='ocrx_word' id='word_1_265' title='bbox 102 3542 161 3582; x_wconf 82' lang='lat' dir='ltr'>rar.</span> <span class='ocrx_word' id='word_1_266' title='bbox 184 3520 252 3580; x_wconf 84' lang='lat' dir='ltr'>lect.</span> <span class='ocrx_word' id='word_1_267' title='bbox 272 3516 359 3599; x_wconf 79' lang='lat'>35‚3</span> <span class='ocrx_word' id='word_1_268' title='bbox 383 3527 413 3580; x_wconf 89' lang='lat' dir='ltr'>el</span> <span class='ocrx_word' id='word_1_269' title='bbox 436 3521 545 3579; x_wconf 86' lang='lat' dir='ltr'>omisso</span> <span class='ocrx_word' id='word_1_270' title='bbox 574 3523 672 3600; x_wconf 90' lang='lat' dir='ltr'>priore</span> <span class='ocrx_word' id='word_1_271' title='bbox 696 3519 760 3579; x_wconf 91' lang='lat' dir='ltr'>loco</span> <span class='ocrx_word' id='word_1_272' title='bbox 784 3523 903 3595; x_wconf 78' lang='lat' dir='ltr'>loupius</span> <span class='ocrx_word' id='word_1_273' title='bbox 927 3518 1070 3599; x_wconf 91' lang='lat' dir='ltr'>Ursinus,</span> <span class='ocrx_word' id='word_1_274' title='bbox 1098 3522 1157 3582; x_wconf 83' lang='lat' dir='ltr'>nisi</span> <span class='ocrx_word' id='word_1_275' title='bbox 1176 3536 1226 3595; x_wconf 85' lang='lat' dir='ltr'>quo</span> 
     </span>
     <span class='ocr_line' id='line_1_33' title="bbox 100 3624 1220 3706; baseline -0.001 -17"><span class='ocrx_word' id='word_1_276' title='bbox 100 3640 185 3706; x_wconf 71' lang='lat' dir='ltr'>lepor</span> <span class='ocrx_word' id='word_1_277' title='bbox 209 3631 288 3689; x_wconf 77' lang='lat' dir='ltr'>iuuit</span> <span class='ocrx_word' id='word_1_278' title='bbox 310 3629 380 3687; x_wconf 85' lang='lat' dir='ltr'>solis</span> <span class='ocrx_word' id='word_1_279' title='bbox 403 3624 527 3706; x_wconf 90' lang='lat' dir='ltr'>Popma,</span> <span class='ocrx_word' id='word_1_280' title='bbox 556 3630 615 3687; x_wconf 88' lang='lat' dir='ltr'>uisi</span> <span class='ocrx_word' id='word_1_281' title='bbox 638 3636 784 3702; x_wconf 70' lang='lat' dir='ltr'>paterenus</span> <span class='ocrx_word' id='word_1_282' title='bbox 804 3628 943 3703; x_wconf 81' lang='lat' dir='ltr'>peruenit</span> <span class='ocrx_word' id='word_1_283' title='bbox 968 3631 1017 3688; x_wconf 84' lang='lat' dir='ltr'>sol</span> <span class='ocrx_word' id='word_1_284' title='bbox 1039 3626 1220 3689; x_wconf 86' lang='lat' dir='ltr'>Schneidcru</span> 
     </span>
     <span class='ocr_line' id='line_1_34' title="bbox 102 3732 1213 3812; baseline -0.002 -16"><span class='ocrx_word' id='word_1_285' title='bbox 102 3736 237 3796; x_wconf 88' lang='lat' dir='ltr'>coniecit.</span> <span class='ocrx_word' id='word_1_286' title='bbox 276 3740 449 3811; x_wconf 89' lang='lat' dir='ltr'>recuperata</span> <span class='ocrx_word' id='word_1_287' title='bbox 468 3735 594 3809; x_wconf 85' lang='lat' dir='ltr'>genuina</span> <span class='ocrx_word' id='word_1_288' title='bbox 615 3732 725 3792; x_wconf 87' lang='lat' dir='ltr'>codicis</span> <span class='ocrx_word' id='word_1_289' title='bbox 744 3734 891 3811; x_wconf 90' lang='lat' dir='ltr'>scriptura</span> <span class='ocrx_word' id='word_1_290' title='bbox 910 3741 1034 3812; x_wconf 90' lang='lat' dir='ltr'>apparet</span> <span class='ocrx_word' id='word_1_291' title='bbox 1054 3752 1159 3796; x_wconf 82' lang='lat' dir='ltr'>verum</span> <span class='ocrx_word' id='word_1_292' title='bbox 1175 3752 1213 3794; x_wconf 73' lang='lat' dir='ltr'>eu</span> 
     </span>
     <span class='ocr_line' id='line_1_35' title="bbox 101 3838 1203 3922; baseline 0.001 -19"><span class='ocrx_word' id='word_1_293' title='bbox 101 3842 178 3922; x_wconf 90' lang='lat' dir='ltr'>quod</span> <span class='ocrx_word' id='word_1_294' title='bbox 207 3840 317 3920; x_wconf 90' lang='lat' dir='ltr'>Popma</span> <span class='ocrx_word' id='word_1_295' title='bbox 346 3842 512 3918; x_wconf 81' lang='lat' dir='ltr'>invenerat,</span> <span class='ocrx_word' id='word_1_296' title='bbox 542 3850 627 3916; x_wconf 79' lang='lat' dir='ltr'>lepor</span> <span class='ocrx_word' id='word_1_297' title='bbox 661 3844 740 3900; x_wconf 80' lang='lat' dir='ltr'>reni!</span> <span class='ocrx_word' id='word_1_298' title='bbox 767 3843 850 3920; x_wconf 83' lang='lat' dir='ltr'>soils,</span> <span class='ocrx_word' id='word_1_299' title='bbox 882 3847 913 3900; x_wconf 88' lang='lat' dir='ltr'>ct</span> <span class='ocrx_word' id='word_1_300' title='bbox 944 3838 1016 3919; x_wconf 83' lang='lat' dir='ltr'>legii</span> <span class='ocrx_word' id='word_1_301' title='bbox 1045 3839 1107 3904; x_wconf 89' lang='lat' dir='ltr'>hoc</span> <span class='ocrx_word' id='word_1_302' title='bbox 1133 3841 1203 3904; x_wconf 86' lang='lat' dir='ltr'>Plini</span> 
     </span>
     <span class='ocr_line' id='line_1_36' title="bbox 100 3944 1196 4022; baseline 0.003 -13"><span class='ocrx_word' id='word_1_303' title='bbox 100 3948 162 4009; x_wconf 74' lang='lat' dir='ltr'>Xl&#39;l</span> <span class='ocrx_word' id='word_1_304' title='bbox 180 3944 241 4008; x_wconf 73' lang='lat'>129</span> <span class='ocrx_word' id='word_1_305' title='bbox 267 3949 389 4021; x_wconf 75' lang='lat' dir='ltr'>putidum</span> <span class='ocrx_word' id='word_1_306' title='bbox 408 3966 467 4007; x_wconf 85' lang='lat' dir='ltr'>uon</span> <span class='ocrx_word' id='word_1_307' title='bbox 492 3951 583 4007; x_wconf 72' lang='lat' dir='ltr'>altitu</span> <span class='ocrx_word' id='word_1_308' title='bbox 603 3949 788 4008; x_wconf 79' lang='lat' dir='ltr'>descendere</span> <span class='ocrx_word' id='word_1_309' title='bbox 806 3948 937 4020; x_wconf 82' lang='lat' dir='ltr'>radices,</span> <span class='ocrx_word' id='word_1_310' title='bbox 956 3964 1052 4022; x_wconf 84' lang='lat' dir='ltr'>quom</span> <span class='ocrx_word' id='word_1_311' title='bbox 1069 3953 1143 4011; x_wconf 70' lang='lat' dir='ltr'>solie</span> <span class='ocrx_word' id='word_1_312' title='bbox 1160 3969 1196 4012; x_wconf 87' lang='lat' dir='ltr'>co</span> 
     </span>
     <span class='ocr_line' id='line_1_37' title="bbox 100 4054 1190 4132; baseline 0.004 -17"><span class='ocrx_word' id='word_1_313' title='bbox 100 4054 275 4132; x_wconf 79' lang='lat' dir='ltr'>tepefaciet,</span> <span class='ocrx_word' id='word_1_314' title='bbox 299 4056 388 4128; x_wconf 85' lang='lat' dir='ltr'>idque</span> <span class='ocrx_word' id='word_1_315' title='bbox 410 4061 526 4114; x_wconf 81' lang='lat' dir='ltr'>nutura</span> <span class='ocrx_word' id='word_1_316' title='bbox 549 4057 610 4114; x_wconf 84' lang='lat' dir='ltr'>loci</span> <span class='ocrx_word' id='word_1_317' title='bbox 627 4058 773 4115; x_wconf 80' lang='lat' dir='ltr'>tenuioris</span> <span class='ocrx_word' id='word_1_318' title='bbox 792 4056 935 4126; x_wconf 79' lang='lat' dir='ltr'>cruscire,</span> <span class='ocrx_word' id='word_1_319' title='bbox 954 4056 1081 4118; x_wconf 81' lang='lat' dir='ltr'>dixero.</span> <span class='ocrx_word' id='word_1_320' title='bbox 1101 4091 1144 4101; x_wconf 96' lang='lat'><em>-</em></span> <span class='ocrx_word' id='word_1_321' title='bbox 1163 4078 1190 4119; x_wconf 75' lang='lat' dir='ltr'>ri</span> 
     </span>
     <span class='ocr_line' id='line_1_38' title="bbox 101 4157 1181 4240; baseline 0.003 -17"><span class='ocrx_word' id='word_1_322' title='bbox 101 4165 181 4223; x_wconf 83' lang='lat' dir='ltr'>cium</span> <span class='ocrx_word' id='word_1_323' title='bbox 208 4162 324 4220; x_wconf 89' lang='lat' dir='ltr'>restitui</span> <span class='ocrx_word' id='word_1_324' title='bbox 355 4179 389 4220; x_wconf 85' lang='lat' dir='ltr'>ex</span> <span class='ocrx_word' id='word_1_325' title='bbox 418 4160 551 4220; x_wconf 86' lang='lat' dir='ltr'>Clrarisio</span> <span class='ocrx_word' id='word_1_326' title='bbox 581 4179 608 4239; x_wconf 91' lang='lat' dir='ltr'>p.</span> <span class='ocrx_word' id='word_1_327' title='bbox 635 4158 711 4240; x_wconf 79' lang='lat'>142,</span> <span class='ocrx_word' id='word_1_328' title='bbox 733 4157 774 4221; x_wconf 81' lang='lat'>14</span> <span class='ocrx_word' id='word_1_329' title='bbox 802 4161 967 4221; x_wconf 76' lang='lat' dir='ltr'>diudicium</span> <span class='ocrx_word' id='word_1_330' title='bbox 1006 4162 1113 4225; x_wconf 82' lang='lat' dir='ltr'>l’urro</span> <span class='ocrx_word' id='word_1_331' title='bbox 1145 4184 1181 4226; x_wconf 88' lang='lat' dir='ltr'>re</span> 
     </span>
     <span class='ocr_line' id='line_1_39' title="bbox 102 4265 1171 4346; baseline 0.007 -20"><span class='ocrx_word' id='word_1_332' title='bbox 102 4269 287 4327; x_wconf 81' lang='lat' dir='ltr'>rusticorum</span> <span class='ocrx_word' id='word_1_333' title='bbox 304 4269 362 4329; x_wconf 79' lang='lat' dir='ltr'>Ie!</span> <span class='ocrx_word' id='word_1_334' title='bbox 378 4270 437 4328; x_wconf 90' lang='grc' dir='ltr'><em>ΙΙΙ.</em></span> <span class='ocrx_word' id='word_1_335' title='bbox 456 4301 492 4310; x_wconf 94' lang='grc'><strong>-</strong></span> <span class='ocrx_word' id='word_1_336' title='bbox 511 4272 653 4329; x_wconf 69' lang='lat' dir='ltr'>retulerim</span> <span class='ocrx_word' id='word_1_337' title='bbox 672 4269 735 4327; x_wconf 89' lang='lat' dir='ltr'>sine</span> <span class='ocrx_word' id='word_1_338' title='bbox 753 4266 950 4346; x_wconf 84' lang='lat' dir='ltr'>discrepantia</span> <span class='ocrx_word' id='word_1_339' title='bbox 970 4265 1127 4332; x_wconf 87' lang='lat' dir='ltr'>librorum</span> <span class='ocrx_word' id='word_1_340' title='bbox 1145 4272 1171 4334; x_wconf 93' lang='lat' dir='ltr'>ie</span> 
     </span>
    </p>
   </div>
   <div class='ocr_carea' id='block_1_3' title="bbox 0 0 1445 4994">
    <p class='ocr_par' dir='ltr' id='par_1_5' title="bbox 0 0 1445 4994">
     <span class='ocr_line' id='line_1_40' title="bbox 0 0 1445 4994; baseline 0 0"><span class='ocrx_word' id='word_1_341' title='bbox 0 0 1445 4994; x_wconf 95' lang='lat' dir='ltr'> </span> 
     </span>
    </p>
   </div>
  </div>
 </body>
</html>
