<?xml version="1.0" encoding="UTF-8"?>
<!DOCTYPE html PUBLIC "-//W3C//DTD XHTML 1.0 Transitional//EN"
    "http://www.w3.org/TR/xhtml1/DTD/xhtml1-transitional.dtd">
<html xmlns="http://www.w3.org/1999/xhtml" xml:lang="en" lang="en">
 <head>
  <title>
</title>
<meta http-equiv="Content-Type" content="text/html;charset=utf-8" />
  <meta name='ocr-system' content='tesseract 3.04.00' />
  <meta name='ocr-capabilities' content='ocr_page ocr_carea ocr_par ocr_line ocrx_word'/>
</head>
<body>
  <div class='ocr_page' id='page_1' title='image "./mporcicatonisde00keilgoog_0274.png"; bbox 0 0 2874 4994; ppageno 0'>
   <div class='ocr_carea' id='block_1_1' title="bbox 322 327 1219 392">
    <p class='ocr_par' dir='ltr' id='par_1_1' title="bbox 322 327 1219 392">
     <span class='ocr_line' id='line_1_1' title="bbox 322 327 1219 392; baseline 0.006 -5"><span class='ocrx_word' id='word_1_1' title='bbox 322 332 454 388; x_wconf 82' lang='lat' dir='ltr'><strong>RERVM</strong></span> <span class='ocrx_word' id='word_1_2' title='bbox 471 331 711 389; x_wconf 77' lang='lat' dir='ltr'><em>nusumnnvm</em></span> <span class='ocrx_word' id='word_1_3' title='bbox 729 333 797 388; x_wconf 88' lang='lat' dir='ltr'><em>LIB.</em></span> <span class='ocrx_word' id='word_1_4' title='bbox 816 334 829 386; x_wconf 94' lang='lat' dir='ltr'>I</span> <span class='ocrx_word' id='word_1_5' title='bbox 851 333 979 389; x_wconf 84' lang='lat'>13—14</span> <span class='ocrx_word' id='word_1_6' title='bbox 1179 327 1219 392; x_wconf 79' lang='lat'><em>51</em></span> 
     </span>
    </p>
   </div>
   <div class='ocr_carea' id='block_1_2' title="bbox 120 488 1229 4410">
    <p class='ocr_par' dir='ltr' id='par_1_2' title="bbox 120 488 1226 2275">
     <span class='ocr_line' id='line_1_2' title="bbox 120 488 1221 570; baseline 0.001 -21"><span class='ocrx_word' id='word_1_7' title='bbox 120 492 211 550; x_wconf 86' lang='lat' dir='ltr'><em>ectent</em></span> <span class='ocrx_word' id='word_1_8' title='bbox 224 519 268 530; x_wconf 90' lang='lat'><em>-</em></span> <span class='ocrx_word' id='word_1_9' title='bbox 282 488 327 548; x_wconf 87' lang='lat' dir='ltr'><em>ad</em></span> <span class='ocrx_word' id='word_1_10' title='bbox 346 491 438 548; x_wconf 67' lang='lat' dir='ltr'><em>soum</em></span> <span class='ocrx_word' id='word_1_11' title='bbox 460 489 655 570; x_wconf 83' lang='lat' dir='ltr'><em>occidentem,</em></span> <span class='ocrx_word' id='word_1_12' title='bbox 673 505 765 563; x_wconf 81' lang='lat' dir='ltr'><em>quam</em></span> <span class='ocrx_word' id='word_1_13' title='bbox 789 496 823 549; x_wconf 92' lang='lat' dir='ltr'><em>ut</em></span> <span class='ocrx_word' id='word_1_14' title='bbox 840 491 967 568; x_wconf 80' lang='lat' dir='ltr'><em>antiqui,</em></span> <span class='ocrx_word' id='word_1_15' title='bbox 986 491 1041 563; x_wconf 80' lang='lat' dir='ltr'><em>aui</em></span> <span class='ocrx_word' id='word_1_16' title='bbox 1058 491 1221 565; x_wconf 84' lang='lat' dir='ltr'><em>curabant,</em></span> 
     </span>
     <span class='ocr_line' id='line_1_3' title="bbox 120 594 1222 676; baseline 0.002 -21"><span class='ocrx_word' id='word_1_17' title='bbox 120 612 217 671; x_wconf 79' lang='lat' dir='ltr'><em>quam</em></span> <span class='ocrx_word' id='word_1_18' title='bbox 232 603 355 671; x_wconf 89' lang='lat' dir='ltr'><em>partem</em></span> <span class='ocrx_word' id='word_1_19' title='bbox 373 613 438 675; x_wconf 87' lang='lat' dir='ltr'><em>sqq.</em></span> <span class='ocrx_word' id='word_1_20' title='bbox 459 594 661 656; x_wconf 87' lang='lat' dir='ltr'><em>Schneiderus</em></span> <span class='ocrx_word' id='word_1_21' title='bbox 680 598 816 656; x_wconf 90' lang='lat' dir='ltr'><em>coniecit.</em></span> <span class='ocrx_word' id='word_1_22' title='bbox 839 613 898 671; x_wconf 81' lang='lat' dir='ltr'><em>quo</em></span> <span class='ocrx_word' id='word_1_23' title='bbox 916 597 951 656; x_wconf 75' lang='lat' dir='ltr'><em>lsi</em></span> <span class='ocrx_word' id='word_1_24' title='bbox 967 597 1110 657; x_wconf 78' lang='lat' dir='ltr'><em>laborant</em></span> <span class='ocrx_word' id='word_1_25' title='bbox 1132 615 1222 676; x_wconf 90' lang='lat' dir='ltr'><em>quem</em></span> 
     </span>
     <span class='ocr_line' id='line_1_4' title="bbox 120 699 1226 782; baseline 0.003 -20"><span class='ocrx_word' id='word_1_26' title='bbox 120 700 257 763; x_wconf 84' lang='lat' dir='ltr'><em>inodum</em></span> <span class='ocrx_word' id='word_1_27' title='bbox 282 701 512 782; x_wconf 78' lang='lat' dir='ltr'><em>intellegendum</em></span> <span class='ocrx_word' id='word_1_28' title='bbox 537 705 576 763; x_wconf 89' lang='lat' dir='ltr'><em>sit</em></span> <span class='ocrx_word' id='word_1_29' title='bbox 605 705 729 781; x_wconf 78' lang='lat' dir='ltr'>exposui</span> <span class='ocrx_word' id='word_1_30' title='bbox 752 699 813 782; x_wconf 84' lang='lat'><em>18,</em></span> <span class='ocrx_word' id='word_1_31' title='bbox 831 699 862 763; x_wconf 90' lang='grc'><em>4.</em></span> <span class='ocrx_word' id='word_1_32' title='bbox 908 701 1014 762; x_wconf 91' lang='lat' dir='ltr'><em>deinde</em></span> <span class='ocrx_word' id='word_1_33' title='bbox 1043 711 1077 763; x_wconf 90' lang='lat' dir='ltr'><em>at</em></span> <span class='ocrx_word' id='word_1_34' title='bbox 1105 707 1226 780; x_wconf 76' lang='lat' dir='ltr'><em>antiqui</em></span> 
     </span>
     <span class='ocr_line' id='line_1_5' title="bbox 120 806 1223 889; baseline 0.003 -21"><span class='ocrx_word' id='word_1_35' title='bbox 120 809 189 870; x_wconf 75' lang='lat' dir='ltr'><em>nuso</em></span> <span class='ocrx_word' id='word_1_36' title='bbox 211 808 302 870; x_wconf 84' lang='lat' dir='ltr'><em>rerba</em></span> <span class='ocrx_word' id='word_1_37' title='bbox 326 808 438 870; x_wconf 90' lang='lat' dir='ltr'><em>dictum</em></span> <span class='ocrx_word' id='word_1_38' title='bbox 457 816 517 889; x_wconf 85' lang='lat' dir='ltr'><em>est,</em></span> <span class='ocrx_word' id='word_1_39' title='bbox 540 817 574 870; x_wconf 88' lang='lat' dir='ltr'><em>ut</em></span> <span class='ocrx_word' id='word_1_40' title='bbox 596 811 711 888; x_wconf 81' lang='lat' dir='ltr'><strong>antiqui</strong></span> <span class='ocrx_word' id='word_1_41' title='bbox 734 806 914 869; x_wconf 89' lang='lat' dir='ltr'><em>laborabant.</em></span> <span class='ocrx_word' id='word_1_42' title='bbox 961 811 1127 888; x_wconf 82' lang='lat' dir='ltr'><em>praesentis</em></span> <span class='ocrx_word' id='word_1_43' title='bbox 1151 819 1223 871; x_wconf 87' lang='lat' dir='ltr'><em>tem·</em></span> 
     </span>
     <span class='ocr_line' id='line_1_6' title="bbox 120 917 1224 997; baseline 0.003 -22"><span class='ocrx_word' id='word_1_44' title='bbox 120 917 164 976; x_wconf 80' lang='lat' dir='ltr'><em>sris</em></span> <span class='ocrx_word' id='word_1_45' title='bbox 184 934 250 977; x_wconf 77' lang='lat' dir='ltr'><em>crim</em></span> <span class='ocrx_word' id='word_1_46' title='bbox 275 918 450 996; x_wconf 82' lang='lat' dir='ltr'><em>imperfecto</em></span> <span class='ocrx_word' id='word_1_47' title='bbox 475 917 679 997; x_wconf 80' lang='lat' dir='ltr'><em>neglegentius</em></span> <span class='ocrx_word' id='word_1_48' title='bbox 703 919 855 979; x_wconf 88' lang='lat' dir='ltr'><em>coniuncti</em></span> <span class='ocrx_word' id='word_1_49' title='bbox 886 917 1020 997; x_wconf 79' lang='lat' dir='ltr'><em>exempla</em></span> <span class='ocrx_word' id='word_1_50' title='bbox 1048 928 1119 979; x_wconf 88' lang='lat' dir='ltr'><em>sunt</em></span> <span class='ocrx_word' id='word_1_51' title='bbox 1141 917 1224 997; x_wconf 90' lang='lat' dir='ltr'><em>haec,</em></span> 
     </span>
     <span class='ocr_line' id='line_1_7' title="bbox 123 1017 1222 1100; baseline 0.004 -18"><span class='ocrx_word' id='word_1_52' title='bbox 123 1017 231 1097; x_wconf 75' lang='lat' dir='ltr'><em>dquae</em></span> <span class='ocrx_word' id='word_1_53' title='bbox 254 1024 443 1098; x_wconf 81' lang='lat' dir='ltr'><em>diiunpenlla</em></span> <span class='ocrx_word' id='word_1_54' title='bbox 466 1032 565 1085; x_wconf 90' lang='lat' dir='ltr'><em>essent</em></span> <span class='ocrx_word' id='word_1_55' title='bbox 587 1042 607 1084; x_wconf 92' lang='lat' dir='ltr'><em>a</em></span> <span class='ocrx_word' id='word_1_56' title='bbox 630 1029 754 1086; x_wconf 88' lang='lat' dir='ltr'><em>cultura</em></span> <span class='ocrx_word' id='word_1_57' title='bbox 777 1027 865 1085; x_wconf 90' lang='lat' dir='ltr'><em>cuins</em></span> <span class='ocrx_word' id='word_1_58' title='bbox 893 1027 976 1085; x_wconf 84' lang='lat' dir='ltr'><em>modi</em></span> <span class='ocrx_word' id='word_1_59' title='bbox 997 1029 1057 1085; x_wconf 88' lang='lat' dir='ltr'><em>sint</em></span> <span class='ocrx_word' id='word_1_60' title='bbox 1079 1029 1222 1100; x_wconf 81' lang='lat' dir='ltr'><em>quoniam</em></span> 
     </span>
     <span class='ocr_line' id='line_1_8' title="bbox 120 1126 1223 1206; baseline 0.005 -18"><span class='ocrx_word' id='word_1_61' title='bbox 120 1130 258 1203; x_wconf 72' lang='lat' dir='ltr'><em>imnum,</em></span> <span class='ocrx_word' id='word_1_62' title='bbox 287 1126 399 1204; x_wconf 84' lang='lat'><em>118‚1</em></span> <span class='ocrx_word' id='word_1_63' title='bbox 429 1134 511 1190; x_wconf 89' lang='lat' dir='ltr'><em>uenit</em></span> <span class='ocrx_word' id='word_1_64' title='bbox 538 1148 557 1190; x_wconf 88' lang='lat' dir='ltr'><em>a</em></span> <span class='ocrx_word' id='word_1_65' title='bbox 581 1130 705 1192; x_wconf 87' lang='lat' dir='ltr'><em>Menate</em></span> <span class='ocrx_word' id='word_1_66' title='bbox 732 1133 858 1192; x_wconf 80' lang='lat' dir='ltr'><em>libertus</em></span> <span class='ocrx_word' id='word_1_67' title='bbox 885 1135 941 1206; x_wconf 86' lang='lat' dir='ltr'><em>pui</em></span> <span class='ocrx_word' id='word_1_68' title='bbox 966 1133 1051 1193; x_wconf 82' lang='lat' dir='ltr'><em>dicat</em></span> <span class='ocrx_word' id='word_1_69' title='bbox 1077 1134 1140 1193; x_wconf 80' lang='lat' dir='ltr'><em>liba</em></span> <span class='ocrx_word' id='word_1_70' title='bbox 1171 1136 1223 1194; x_wconf 80' lang='lat' dir='ltr'><em>ab·</em></span> 
     </span>
     <span class='ocr_line' id='line_1_9' title="bbox 120 1233 1221 1315; baseline 0.005 -21"><span class='ocrx_word' id='word_1_71' title='bbox 120 1236 177 1294; x_wconf 82' lang='lat' dir='ltr'><em>luta</em></span> <span class='ocrx_word' id='word_1_72' title='bbox 194 1253 266 1314; x_wconf 86' lang='lat' dir='ltr'><em>esse,</em></span> <span class='ocrx_word' id='word_1_73' title='bbox 279 1239 358 1296; x_wconf 87' lang='lat' dir='ltr'><em>-si</em></span> <span class='ocrx_word' id='word_1_74' title='bbox 375 1240 490 1311; x_wconf 87' lang='lat' dir='ltr'><em>vellent,</em></span> <span class='ocrx_word' id='word_1_75' title='bbox 509 1240 648 1298; x_wconf 88' lang='lat' dir='ltr'><em>uenirent</em></span> <span class='ocrx_word' id='word_1_76' title='bbox 666 1241 748 1311; x_wconf 88' lang='lat' dir='ltr'><em>illuc,</em></span> <span class='ocrx_word' id='word_1_77' title='bbox 772 1233 878 1315; x_wconf 75' lang='lat' dir='ltr'><em>119,ss</em></span> <span class='ocrx_word' id='word_1_78' title='bbox 901 1256 999 1312; x_wconf 82' lang='lat' dir='ltr'><em>neque</em></span> <span class='ocrx_word' id='word_1_79' title='bbox 1017 1256 1122 1299; x_wconf 89' lang='lat' dir='ltr'><em>eorum</em></span> <span class='ocrx_word' id='word_1_80' title='bbox 1140 1243 1221 1314; x_wconf 83' lang='lat' dir='ltr'><em>quis·</em></span> 
     </span>
     <span class='ocr_line' id='line_1_10' title="bbox 120 1340 1223 1426; baseline 0.005 -25"><span class='ocrx_word' id='word_1_81' title='bbox 120 1358 170 1401; x_wconf 82' lang='lat' dir='ltr'><em>san</em></span> <span class='ocrx_word' id='word_1_82' title='bbox 188 1340 317 1416; x_wconf 80' lang='lat' dir='ltr'><em>fecerat,</em></span> <span class='ocrx_word' id='word_1_83' title='bbox 336 1344 419 1418; x_wconf 82' lang='lat' dir='ltr'><em>qaod</em></span> <span class='ocrx_word' id='word_1_84' title='bbox 441 1346 472 1403; x_wconf 89' lang='lat' dir='ltr'><em>in</em></span> <span class='ocrx_word' id='word_1_85' title='bbox 492 1346 565 1417; x_wconf 80' lang='lat' dir='ltr'><em>apri</em></span> <span class='ocrx_word' id='word_1_86' title='bbox 582 1347 706 1405; x_wconf 89' lang='lat' dir='ltr'><em>cultura</em></span> <span class='ocrx_word' id='word_1_87' title='bbox 725 1345 861 1405; x_wconf 82' lang='lat' dir='ltr'><em>Saserna</em></span> <span class='ocrx_word' id='word_1_88' title='bbox 875 1344 1045 1426; x_wconf 88' lang='lat' dir='ltr'><em>praecepit,</em></span> <span class='ocrx_word' id='word_1_89' title='bbox 1065 1349 1120 1420; x_wconf 83' lang='lat' dir='ltr'><em>qui</em></span> <span class='ocrx_word' id='word_1_90' title='bbox 1136 1350 1223 1407; x_wconf 85' lang='lat' dir='ltr'><em>vellet</em></span> 
     </span>
     <span class='ocr_line' id='line_1_11' title="bbox 120 1449 1223 1532; baseline 0.008 -27"><span class='ocrx_word' id='word_1_91' title='bbox 120 1464 158 1506; x_wconf 72' lang='lat' dir='ltr'><em>eo</em></span> <span class='ocrx_word' id='word_1_92' title='bbox 182 1464 259 1508; x_wconf 88' lang='lat' dir='ltr'><em>cane</em></span> <span class='ocrx_word' id='word_1_93' title='bbox 285 1453 413 1524; x_wconf 89' lang='lat' dir='ltr'><em>sectari,</em></span> <span class='ocrx_word' id='word_1_94' title='bbox 442 1458 476 1511; x_wconf 89' lang='lat' dir='ltr'><em>ul</em></span> <span class='ocrx_word' id='word_1_95' title='bbox 502 1468 613 1511; x_wconf 88' lang='lat' dir='ltr'><em>ranam</em></span> <span class='ocrx_word' id='word_1_96' title='bbox 640 1453 755 1512; x_wconf 68' lang='lat' dir='ltr'><em>abulat</em></span> <span class='ocrx_word' id='word_1_97' title='bbox 782 1459 919 1524; x_wconf 87' lang='lat' dir='ltr'><em>coctam‚·</em></span> <span class='ocrx_word' id='word_1_98' title='bbox 946 1452 1083 1513; x_wconf 87' lang='lat' dir='ltr'><em>similiter</em></span> <span class='ocrx_word' id='word_1_99' title='bbox 1107 1449 1223 1532; x_wconf 86' lang='lat'><em>111,3</em></span> 
     </span>
     <span class='ocr_line' id='line_1_12' title="bbox 120 1556 1224 1635; baseline 0.005 -23"><span class='ocrx_word' id='word_1_100' title='bbox 120 1568 155 1613; x_wconf 82' lang='lat' dir='ltr'><em>un</em></span> <span class='ocrx_word' id='word_1_101' title='bbox 172 1556 355 1630; x_wconf 81' lang='lat' dir='ltr'><em>accepissem</em></span> <span class='ocrx_word' id='word_1_102' title='bbox 377 1558 586 1617; x_wconf 82' lang='lat' dir='ltr'><em>condicionem</em></span> <span class='ocrx_word' id='word_1_103' title='bbox 605 1564 635 1617; x_wconf 90' lang='lat' dir='ltr'><em>ct</em></span> <span class='ocrx_word' id='word_1_104' title='bbox 657 1574 742 1618; x_wconf 89' lang='lat' dir='ltr'><em>meae</em></span> <span class='ocrx_word' id='word_1_105' title='bbox 762 1566 870 1634; x_wconf 87' lang='lat' dir='ltr'><em>partes</em></span> <span class='ocrx_word' id='word_1_106' title='bbox 893 1567 991 1620; x_wconf 81' lang='lat' dir='ltr'><em>essent</em></span> <span class='ocrx_word' id='word_1_107' title='bbox 1009 1562 1140 1635; x_wconf 79' lang='lat' dir='ltr'><em>primae,</em></span> <span class='ocrx_word' id='word_1_108' title='bbox 1163 1576 1224 1619; x_wconf 91' lang='lat' dir='ltr'><em>nan</em></span> 
     </span>
     <span class='ocr_line' id='line_1_13' title="bbox 120 1661 1221 1746; baseline 0.004 -26"><span class='ocrx_word' id='word_1_109' title='bbox 120 1676 151 1720; x_wconf 83' lang='lat' dir='ltr'><em>rto</em></span> <span class='ocrx_word' id='word_1_110' title='bbox 167 1677 223 1721; x_wconf 90' lang='lat' dir='ltr'><em>non</em></span> <span class='ocrx_word' id='word_1_111' title='bbox 245 1678 302 1736; x_wconf 77' lang='lat' dir='ltr'><em>eqo</em></span> <span class='ocrx_word' id='word_1_112' title='bbox 323 1664 492 1738; x_wconf 87' lang='lat' dir='ltr'><em>pecuarias</em></span> <span class='ocrx_word' id='word_1_113' title='bbox 511 1665 543 1724; x_wconf 88' lang='lat' dir='ltr'><em>in</em></span> <span class='ocrx_word' id='word_1_114' title='bbox 563 1663 656 1724; x_wconf 87' lang='lat' dir='ltr'><em>Italia</em></span> <span class='ocrx_word' id='word_1_115' title='bbox 679 1665 815 1725; x_wconf 76' lang='lat' dir='ltr'><em>habeam.</em></span> <span class='ocrx_word' id='word_1_116' title='bbox 849 1667 966 1725; x_wconf 80' lang='lat' dir='ltr'><em>correxi</em></span> <span class='ocrx_word' id='word_1_117' title='bbox 991 1665 1072 1746; x_wconf 83' lang='lat' dir='ltr'><em>iraec,</em></span> <span class='ocrx_word' id='word_1_118' title='bbox 1095 1661 1221 1746; x_wconf 79' lang='lat'><em>117,11</em></span> 
     </span>
     <span class='ocr_line' id='line_1_14' title="bbox 120 1768 1222 1851; baseline 0.006 -26"><span class='ocrx_word' id='word_1_119' title='bbox 120 1768 284 1829; x_wconf 85' lang='lat' dir='ltr'><em>trestidiles</em></span> <span class='ocrx_word' id='word_1_120' title='bbox 306 1776 421 1844; x_wconf 76' lang='lat' dir='ltr'><em>sepcies</em></span> <span class='ocrx_word' id='word_1_121' title='bbox 450 1777 549 1831; x_wconf 88' lang='lat' dir='ltr'><em>essent</em></span> <span class='ocrx_word' id='word_1_122' title='bbox 571 1774 758 1851; x_wconf 78' lang='lat' dir='ltr'><em>exactiores,</em></span> <span class='ocrx_word' id='word_1_123' title='bbox 779 1774 824 1832; x_wconf 89' lang='lat' dir='ltr'><em>sic</em></span> <span class='ocrx_word' id='word_1_124' title='bbox 846 1776 1009 1846; x_wconf 80' lang='lat' dir='ltr'><em>quotannis</em></span> <span class='ocrx_word' id='word_1_125' title='bbox 1032 1789 1112 1846; x_wconf 83' lang='lat' dir='ltr'><em>quae</em></span> <span class='ocrx_word' id='word_1_126' title='bbox 1130 1788 1222 1847; x_wconf 91' lang='lat' dir='ltr'><em>prae-</em></span> 
     </span>
     <span class='ocr_line' id='line_1_15' title="bbox 120 1871 1222 1957; baseline 0.004 -25"><span class='ocrx_word' id='word_1_127' title='bbox 120 1880 187 1933; x_wconf 79' lang='lat' dir='ltr'><em>naus</em></span> <span class='ocrx_word' id='word_1_128' title='bbox 201 1877 288 1948; x_wconf 77' lang='lat' dir='ltr'><em>liant,</em></span> <span class='ocrx_word' id='word_1_129' title='bbox 306 1871 357 1934; x_wconf 92' lang='lat' dir='ltr'><em>ubi</em></span> <span class='ocrx_word' id='word_1_130' title='bbox 375 1893 440 1936; x_wconf 90' lang='lat' dir='ltr'><em>esse</em></span> <span class='ocrx_word' id='word_1_131' title='bbox 459 1877 574 1955; x_wconf 85' lang='lat' dir='ltr'><em>scripsi,</em></span> <span class='ocrx_word' id='word_1_132' title='bbox 588 1877 659 1937; x_wconf 88' lang='lat' dir='ltr'><em>item</em></span> <span class='ocrx_word' id='word_1_133' title='bbox 680 1875 691 1934; x_wconf 93' lang='lat' dir='ltr'><em>l</em></span> <span class='ocrx_word' id='word_1_134' title='bbox 711 1873 793 1957; x_wconf 79' lang='lat'><em>17,3</em></span> <span class='ocrx_word' id='word_1_135' title='bbox 812 1880 1010 1952; x_wconf 84' lang='lat' dir='ltr'><em>requisitione</em></span> <span class='ocrx_word' id='word_1_136' title='bbox 1027 1879 1071 1937; x_wconf 83' lang='lat' dir='ltr'><em>ad</em></span> <span class='ocrx_word' id='word_1_137' title='bbox 1084 1880 1222 1953; x_wconf 83' lang='lat' dir='ltr'><em>priorem</em></span> 
     </span>
     <span class='ocr_line' id='line_1_16' title="bbox 120 1978 1222 2063; baseline 0.004 -24"><span class='ocrx_word' id='word_1_138' title='bbox 120 1982 230 2039; x_wconf 85' lang='lat' dir='ltr'><em>aninum</em></span> <span class='ocrx_word' id='word_1_139' title='bbox 253 1982 330 2055; x_wconf 80' lang='lat' dir='ltr'><em>quid</em></span> <span class='ocrx_word' id='word_1_140' title='bbox 347 1981 532 2057; x_wconf 72' lang='lat' dir='ltr'><em>factitarent</em></span> <span class='ocrx_word' id='word_1_141' title='bbox 554 1990 584 2043; x_wconf 87' lang='lat' dir='ltr'><em>el</em></span> <span class='ocrx_word' id='word_1_142' title='bbox 607 1980 647 2041; x_wconf 89' lang='grc' dir='ltr'><em>ΙΙΙ</em></span> <span class='ocrx_word' id='word_1_143' title='bbox 669 1979 718 2063; x_wconf 90' lang='lat'><em>16,</em></span> <span class='ocrx_word' id='word_1_144' title='bbox 741 1978 781 2044; x_wconf 88' lang='lat'><em>15</em></span> <span class='ocrx_word' id='word_1_145' title='bbox 809 2001 870 2044; x_wconf 92' lang='lat' dir='ltr'><em>non</em></span> <span class='ocrx_word' id='word_1_146' title='bbox 898 2002 957 2059; x_wconf 85' lang='lat' dir='ltr'><em>quo</em></span> <span class='ocrx_word' id='word_1_147' title='bbox 985 2002 1045 2045; x_wconf 91' lang='lat' dir='ltr'><em>non</em></span> <span class='ocrx_word' id='word_1_148' title='bbox 1074 1986 1105 2043; x_wconf 89' lang='lat' dir='ltr'><em>in</em></span> <span class='ocrx_word' id='word_1_149' title='bbox 1133 1986 1222 2044; x_wconf 84' lang='lat' dir='ltr'><em>uillae</em></span> 
     </span>
     <span class='ocr_line' id='line_1_17' title="bbox 120 2088 1225 2170; baseline 0.002 -23"><span class='ocrx_word' id='word_1_150' title='bbox 120 2088 200 2147; x_wconf 73' lang='lat' dir='ltr'><em>num</em></span> <span class='ocrx_word' id='word_1_151' title='bbox 220 2105 339 2164; x_wconf 80' lang='lat' dir='ltr'><em>quoque</em></span> <span class='ocrx_word' id='word_1_152' title='bbox 366 2091 489 2163; x_wconf 82' lang='lat' dir='ltr'><em>quidam</em></span> <span class='ocrx_word' id='word_1_153' title='bbox 508 2121 552 2131; x_wconf 92' lang='lat'>-</span> <span class='ocrx_word' id='word_1_154' title='bbox 570 2092 721 2151; x_wconf 86' lang='lat' dir='ltr'><em>alnarium</em></span> <span class='ocrx_word' id='word_1_155' title='bbox 743 2093 943 2170; x_wconf 87' lang='lat' dir='ltr'><em>collocarent,</em></span> <span class='ocrx_word' id='word_1_156' title='bbox 968 2089 1020 2151; x_wconf 91' lang='lat' dir='ltr'><em>ubi</em></span> <span class='ocrx_word' id='word_1_157' title='bbox 1045 2089 1225 2165; x_wconf 75' lang='lat' dir='ltr'><em>factitarint</em></span> 
     </span>
     <span class='ocr_line' id='line_1_18' title="bbox 120 2197 453 2275; baseline 0.012 -23"><span class='ocrx_word' id='word_1_158' title='bbox 120 2198 314 2256; x_wconf 71' lang='lat' dir='ltr'><em>[colocerint</em></span> <span class='ocrx_word' id='word_1_159' title='bbox 337 2197 453 2275; x_wconf 85' lang='lat' dir='ltr'><em>scripsi.</em></span> 
     </span>
    </p>

    <p class='ocr_par' dir='ltr' id='par_1_3' title="bbox 120 2300 1229 3768">
     <span class='ocr_line' id='line_1_19' title="bbox 173 2300 1226 2383; baseline 0.004 -22"><span class='ocrx_word' id='word_1_160' title='bbox 173 2300 250 2362; x_wconf 84' lang='lat' dir='ltr'><em>Cum</em></span> <span class='ocrx_word' id='word_1_161' title='bbox 273 2302 418 2362; x_wconf 84' lang='lat' dir='ltr'><em>fructus</em></span> <span class='ocrx_word' id='word_1_162' title='bbox 446 2304 479 2362; x_wconf 93' lang='lat' dir='ltr'><em>in</em></span> <span class='ocrx_word' id='word_1_163' title='bbox 508 2320 549 2362; x_wconf 90' lang='lat' dir='ltr'><em>eo</em></span> <span class='ocrx_word' id='word_1_164' title='bbox 577 2305 743 2364; x_wconf 90' lang='lat' dir='ltr'><em>uinarius</em></span> <span class='ocrx_word' id='word_1_165' title='bbox 771 2312 923 2383; x_wconf 88' lang='lat' dir='ltr'><em>quaerat</em></span> <span class='ocrx_word' id='word_1_166' title='bbox 949 2303 989 2363; x_wconf 90' lang='lat' dir='ltr'><em>ad</em></span> <span class='ocrx_word' id='word_1_167' title='bbox 1018 2302 1114 2364; x_wconf 90' lang='lat' dir='ltr'><em>dolia</em></span> <span class='ocrx_word' id='word_1_168' title='bbox 1143 2323 1226 2365; x_wconf 89' lang='lat' dir='ltr'><em>aera</em></span> 
     </span>
     <span class='ocr_line' id='line_1_20' title="bbox 120 2405 1227 2485; baseline 0.006 -21"><span class='ocrx_word' id='word_1_169' title='bbox 120 2405 307 2484; x_wconf 76' lang='lat' dir='ltr'><em>rigidiorem</em></span> <span class='ocrx_word' id='word_1_170' title='bbox 339 2409 423 2468; x_wconf 78' lang='lat' dir='ltr'><em>item</em></span> <span class='ocrx_word' id='word_1_171' title='bbox 456 2407 592 2468; x_wconf 89' lang='lat' dir='ltr'><em>olearia</em></span> <span class='ocrx_word' id='word_1_172' title='bbox 621 2408 848 2485; x_wconf 79' lang='lat' dir='ltr'><em>calidiorem]</em></span> <span class='ocrx_word' id='word_1_173' title='bbox 880 2411 953 2470; x_wconf 80' lang='lat' dir='ltr'><em>Cum</em></span> <span class='ocrx_word' id='word_1_174' title='bbox 977 2408 1102 2485; x_wconf 80' lang='lat' dir='ltr'><em>[ructus</em></span> <span class='ocrx_word' id='word_1_175' title='bbox 1130 2413 1161 2471; x_wconf 92' lang='lat' dir='ltr'><em>in</em></span> <span class='ocrx_word' id='word_1_176' title='bbox 1189 2429 1227 2471; x_wconf 89' lang='lat' dir='ltr'><em>ca</em></span> 
     </span>
     <span class='ocr_line' id='line_1_21' title="bbox 120 2513 1224 2591; baseline 0.005 -19"><span class='ocrx_word' id='word_1_177' title='bbox 120 2513 218 2575; x_wconf 83' lang='lat' dir='ltr'><em>imrtns</em></span> <span class='ocrx_word' id='word_1_178' title='bbox 240 2522 381 2590; x_wconf 85' lang='lat' dir='ltr'><em>quaerat,</em></span> <span class='ocrx_word' id='word_1_179' title='bbox 400 2523 434 2576; x_wconf 90' lang='lat' dir='ltr'><em>ut</em></span> <span class='ocrx_word' id='word_1_180' title='bbox 453 2517 535 2576; x_wconf 85' lang='lat' dir='ltr'><em>dolia</em></span> <span class='ocrx_word' id='word_1_181' title='bbox 558 2534 636 2576; x_wconf 89' lang='lat' dir='ltr'><em>aera</em></span> <span class='ocrx_word' id='word_1_182' title='bbox 656 2515 861 2591; x_wconf 73' lang='lat' dir='ltr'><em>tripidiorcm,</em></span> <span class='ocrx_word' id='word_1_183' title='bbox 881 2519 951 2576; x_wconf 91' lang='lat' dir='ltr'><em>item</em></span> <span class='ocrx_word' id='word_1_184' title='bbox 974 2523 1007 2576; x_wconf 88' lang='lat' dir='ltr'><em>ut</em></span> <span class='ocrx_word' id='word_1_185' title='bbox 1026 2519 1144 2577; x_wconf 90' lang='lat' dir='ltr'><em>olearia</em></span> <span class='ocrx_word' id='word_1_186' title='bbox 1163 2520 1224 2578; x_wconf 90' lang='lat' dir='ltr'><em>eal·</em></span> 
     </span>
     <span class='ocr_line' id='line_1_22' title="bbox 120 2616 1227 2702; baseline 0.007 -26"><span class='ocrx_word' id='word_1_187' title='bbox 120 2616 197 2679; x_wconf 62' lang='lat' dir='ltr'><em>irem</em></span> <span class='ocrx_word' id='word_1_188' title='bbox 218 2622 330 2682; x_wconf 83' lang='lat' dir='ltr'><em>liadeat</em></span> <span class='ocrx_word' id='word_1_189' title='bbox 348 2619 510 2682; x_wconf 87' lang='lat' dir='ltr'><em>iucundus.</em></span> <span class='ocrx_word' id='word_1_190' title='bbox 545 2621 698 2702; x_wconf 80' lang='lat' dir='ltr'><em>archetypi</em></span> <span class='ocrx_word' id='word_1_191' title='bbox 717 2624 895 2702; x_wconf 84' lang='lat' dir='ltr'><em>scripturam</em></span> <span class='ocrx_word' id='word_1_192' title='bbox 915 2621 1064 2684; x_wconf 85' lang='lat' dir='ltr'><em>Victorius</em></span> <span class='ocrx_word' id='word_1_193' title='bbox 1088 2624 1227 2684; x_wconf 80' lang='lat' dir='ltr'><em>restituit.</em></span> 
     </span>
     <span class='ocr_line' id='line_1_23' title="bbox 120 2725 1227 2810; baseline 0.011 -29"><span class='ocrx_word' id='word_1_194' title='bbox 120 2725 260 2787; x_wconf 71' lang='lat' dir='ltr'><em>nonaria</em></span> <span class='ocrx_word' id='word_1_195' title='bbox 280 2730 312 2788; x_wconf 91' lang='lat' dir='ltr'><em>in</em></span> <span class='ocrx_word' id='word_1_196' title='bbox 331 2727 422 2790; x_wconf 88' lang='lat' dir='ltr'><em>altera</em></span> <span class='ocrx_word' id='word_1_197' title='bbox 442 2728 573 2790; x_wconf 89' lang='lat' dir='ltr'><em>editione</em></span> <span class='ocrx_word' id='word_1_198' title='bbox 593 2728 716 2790; x_wconf 85' lang='lat' dir='ltr'><em>Victorii</em></span> <span class='ocrx_word' id='word_1_199' title='bbox 734 2748 759 2790; x_wconf 91' lang='lat' dir='ltr'><em>a.</em></span> <span class='ocrx_word' id='word_1_200' title='bbox 783 2727 866 2792; x_wconf 85' lang='lat'>1543</span> <span class='ocrx_word' id='word_1_201' title='bbox 887 2748 1061 2810; x_wconf 79' lang='lat' dir='ltr'><em>expressum</em></span> <span class='ocrx_word' id='word_1_202' title='bbox 1080 2739 1136 2792; x_wconf 88' lang='lat' dir='ltr'><em>est.</em></span> <span class='ocrx_word' id='word_1_203' title='bbox 1158 2748 1227 2793; x_wconf 89' lang='lat' dir='ltr'><em>cum</em></span> 
     </span>
     <span class='ocr_line' id='line_1_24' title="bbox 120 2836 1229 2913; baseline 0.005 -21"><span class='ocrx_word' id='word_1_204' title='bbox 120 2839 202 2895; x_wconf 71' lang='lat' dir='ltr'><em>maus</em></span> <span class='ocrx_word' id='word_1_205' title='bbox 228 2842 362 2910; x_wconf 83' lang='lat' dir='ltr'><em>quaerut</em></span> <span class='ocrx_word' id='word_1_206' title='bbox 387 2842 422 2896; x_wconf 95' lang='lat' dir='ltr'><em>ut</em></span> <span class='ocrx_word' id='word_1_207' title='bbox 449 2838 493 2897; x_wconf 83' lang='lat' dir='ltr'><em>ad</em></span> <span class='ocrx_word' id='word_1_208' title='bbox 518 2839 641 2897; x_wconf 88' lang='lat' dir='ltr'><em>uinaria</em></span> <span class='ocrx_word' id='word_1_209' title='bbox 669 2839 752 2899; x_wconf 82' lang='lat' dir='ltr'><em>dolia</em></span> <span class='ocrx_word' id='word_1_210' title='bbox 780 2855 857 2898; x_wconf 91' lang='lat' dir='ltr'><em>aera</em></span> <span class='ocrx_word' id='word_1_211' title='bbox 886 2836 1083 2913; x_wconf 78' lang='lat' dir='ltr'><em>sripidiorem</em></span> <span class='ocrx_word' id='word_1_212' title='bbox 1113 2841 1157 2898; x_wconf 91' lang='lat' dir='ltr'><em>ita</em></span> <span class='ocrx_word' id='word_1_213' title='bbox 1185 2840 1229 2898; x_wconf 84' lang='lat' dir='ltr'><em>ad</em></span> 
     </span>
     <span class='ocr_line' id='line_1_25' title="bbox 120 2936 1226 3024; baseline 0.009 -29"><span class='ocrx_word' id='word_1_214' title='bbox 120 2936 198 3001; x_wconf 68' lang='lat' dir='ltr'><em>uaria</em></span> <span class='ocrx_word' id='word_1_215' title='bbox 227 2944 408 3004; x_wconf 82' lang='lat' dir='ltr'><em>calidiorem</em></span> <span class='ocrx_word' id='word_1_216' title='bbox 430 2941 597 3022; x_wconf 88' lang='lat' dir='ltr'><em>Nettleship</em></span> <span class='ocrx_word' id='word_1_217' title='bbox 625 2945 655 3003; x_wconf 93' lang='lat' dir='ltr'><em>in</em></span> <span class='ocrx_word' id='word_1_218' title='bbox 683 2942 837 3005; x_wconf 89' lang='lat' dir='ltr'><em>annalibus</em></span> <span class='ocrx_word' id='word_1_219' title='bbox 866 2943 1052 3024; x_wconf 85' lang='lat' dir='ltr'><em>philologieis</em></span> <span class='ocrx_word' id='word_1_220' title='bbox 1075 2943 1226 3005; x_wconf 84' lang='lat' dir='ltr'><em>Cantabri·</em></span> 
     </span>
     <span class='ocr_line' id='line_1_26' title="bbox 120 3040 1224 3131; baseline 0.005 -25"><span class='ocrx_word' id='word_1_221' title='bbox 120 3040 232 3109; x_wconf 75' lang='lat' dir='ltr'><em>ansibus</em></span> <span class='ocrx_word' id='word_1_222' title='bbox 255 3067 282 3111; x_wconf 89' lang='lat' dir='ltr'><em>a.</em></span> <span class='ocrx_word' id='word_1_223' title='bbox 306 3046 390 3111; x_wconf 78' lang='lat'>1877</span> <span class='ocrx_word' id='word_1_224' title='bbox 415 3067 444 3129; x_wconf 93' lang='lat' dir='ltr'><em>p.</em></span> <span class='ocrx_word' id='word_1_225' title='bbox 465 3047 538 3111; x_wconf 78' lang='lat'><em>173.</em></span> <span class='ocrx_word' id='word_1_226' title='bbox 572 3053 603 3111; x_wconf 89' lang='lat' dir='ltr'><em>in</em></span> <span class='ocrx_word' id='word_1_227' title='bbox 627 3068 673 3125; x_wconf 88' lang='lat' dir='ltr'><em>ea,</em></span> <span class='ocrx_word' id='word_1_228' title='bbox 697 3050 726 3110; x_wconf 90' lang='lat' dir='ltr'><em>h.</em></span> <span class='ocrx_word' id='word_1_229' title='bbox 745 3068 770 3110; x_wconf 91' lang='lat' dir='ltr'><em>e.</em></span> <span class='ocrx_word' id='word_1_230' title='bbox 794 3051 825 3110; x_wconf 91' lang='lat' dir='ltr'><em>in</em></span> <span class='ocrx_word' id='word_1_231' title='bbox 849 3048 931 3130; x_wconf 89' lang='lat' dir='ltr'><em>cella,</em></span> <span class='ocrx_word' id='word_1_232' title='bbox 955 3058 1036 3111; x_wconf 86' lang='lat' dir='ltr'><em>reete</em></span> <span class='ocrx_word' id='word_1_233' title='bbox 1061 3050 1224 3131; x_wconf 78' lang='lat' dir='ltr'><em>lucrmdus3</em></span> 
     </span>
     <span class='ocr_line' id='line_1_27' title="bbox 120 3153 1226 3236; baseline 0.003 -23"><span class='ocrx_word' id='word_1_234' title='bbox 120 3153 253 3235; x_wconf 76' lang='lat' dir='ltr'><em>treliquis</em></span> <span class='ocrx_word' id='word_1_235' title='bbox 272 3155 467 3236; x_wconf 87' lang='lat' dir='ltr'><em>inaequalitas</em></span> <span class='ocrx_word' id='word_1_236' title='bbox 486 3158 630 3218; x_wconf 84' lang='lat' dir='ltr'><em>orationis</em></span> <span class='ocrx_word' id='word_1_237' title='bbox 649 3154 775 3217; x_wconf 88' lang='lat' dir='ltr'><em>Varroni</em></span> <span class='ocrx_word' id='word_1_238' title='bbox 793 3155 986 3234; x_wconf 87' lang='lat' dir='ltr'><em>relinquenda</em></span> <span class='ocrx_word' id='word_1_239' title='bbox 1011 3155 1076 3216; x_wconf 84' lang='lat' dir='ltr'><em>suit.</em></span> <span class='ocrx_word' id='word_1_240' title='bbox 1110 3156 1226 3217; x_wconf 82' lang='lat' dir='ltr'><em>srucius</em></span> 
     </span>
     <span class='ocr_line' id='line_1_28' title="bbox 123 3262 1226 3344; baseline 0.006 -28"><span class='ocrx_word' id='word_1_241' title='bbox 123 3262 212 3322; x_wconf 83' lang='lat' dir='ltr'><em>uarius</em></span> <span class='ocrx_word' id='word_1_242' title='bbox 235 3264 265 3322; x_wconf 91' lang='lat' dir='ltr'><em>in</em></span> <span class='ocrx_word' id='word_1_243' title='bbox 290 3262 364 3323; x_wconf 88' lang='lat' dir='ltr'><em>cella</em></span> <span class='ocrx_word' id='word_1_244' title='bbox 392 3262 428 3322; x_wconf 88' lang='lat' dir='ltr'><em>ad</em></span> <span class='ocrx_word' id='word_1_245' title='bbox 458 3262 550 3343; x_wconf 91' lang='lat' dir='ltr'><em>dolia,</em></span> <span class='ocrx_word' id='word_1_246' title='bbox 573 3281 648 3343; x_wconf 91' lang='lat' dir='ltr'><em>quae</em></span> <span class='ocrx_word' id='word_1_247' title='bbox 677 3262 719 3322; x_wconf 91' lang='lat' dir='ltr'><em>ibi</em></span> <span class='ocrx_word' id='word_1_248' title='bbox 746 3264 906 3323; x_wconf 84' lang='lat' dir='ltr'><em>constituta</em></span> <span class='ocrx_word' id='word_1_249' title='bbox 936 3270 1020 3344; x_wconf 88' lang='lat' dir='ltr'><em>suut,</em></span> <span class='ocrx_word' id='word_1_250' title='bbox 1044 3262 1226 3341; x_wconf 77' lang='lat' dir='ltr'><em>frigidiorem</em></span> 
     </span>
     <span class='ocr_line' id='line_1_29' title="bbox 120 3368 1225 3449; baseline 0.003 -24"><span class='ocrx_word' id='word_1_251' title='bbox 120 3375 156 3424; x_wconf 74' lang='lat' dir='ltr'><em>tra</em></span> <span class='ocrx_word' id='word_1_252' title='bbox 177 3371 300 3449; x_wconf 80' lang='lat' dir='ltr'><em>quaerit,</em></span> <span class='ocrx_word' id='word_1_253' title='bbox 324 3372 396 3430; x_wconf 84' lang='lat' dir='ltr'><em>ilem</em></span> <span class='ocrx_word' id='word_1_254' title='bbox 419 3368 527 3430; x_wconf 89' lang='lat' dir='ltr'><em>olearia</em></span> <span class='ocrx_word' id='word_1_255' title='bbox 553 3369 628 3430; x_wconf 90' lang='lat' dir='ltr'><em>dolia</em></span> <span class='ocrx_word' id='word_1_256' title='bbox 653 3369 823 3429; x_wconf 89' lang='lat' dir='ltr'><em>calidiorem</em></span> <span class='ocrx_word' id='word_1_257' title='bbox 848 3375 1003 3448; x_wconf 87' lang='lat' dir='ltr'><em>quaerunt.</em></span> <span class='ocrx_word' id='word_1_258' title='bbox 1034 3370 1104 3428; x_wconf 89' lang='lat' dir='ltr'><em>item</em></span> <span class='ocrx_word' id='word_1_259' title='bbox 1129 3368 1225 3447; x_wconf 84' lang='lat' dir='ltr'><em>negle-</em></span> 
     </span>
     <span class='ocr_line' id='line_1_30' title="bbox 120 3473 1225 3555; baseline 0.003 -24"><span class='ocrx_word' id='word_1_260' title='bbox 120 3474 197 3534; x_wconf 77' lang='lat' dir='ltr'><em>nun</em></span> <span class='ocrx_word' id='word_1_261' title='bbox 226 3477 383 3555; x_wconf 89' lang='lat' dir='ltr'><em>scriptoris</em></span> <span class='ocrx_word' id='word_1_262' title='bbox 411 3474 511 3537; x_wconf 86' lang='lat' dir='ltr'><em>tribuo</em></span> <span class='ocrx_word' id='word_1_263' title='bbox 539 3494 615 3555; x_wconf 91' lang='lat' dir='ltr'><em>quae</em></span> <span class='ocrx_word' id='word_1_264' title='bbox 643 3475 680 3536; x_wconf 89' lang='lat' dir='ltr'><em>de</em></span> <span class='ocrx_word' id='word_1_265' title='bbox 711 3473 778 3536; x_wconf 87' lang='lat' dir='ltr'><em>villa</em></span> <span class='ocrx_word' id='word_1_266' title='bbox 801 3478 832 3536; x_wconf 93' lang='lat' dir='ltr'><em>in</em></span> <span class='ocrx_word' id='word_1_267' title='bbox 855 3474 930 3535; x_wconf 86' lang='lat' dir='ltr'><em>colle</em></span> <span class='ocrx_word' id='word_1_268' title='bbox 959 3476 1148 3555; x_wconf 90' lang='lat' dir='ltr'><em>potissimum</em></span> <span class='ocrx_word' id='word_1_269' title='bbox 1174 3494 1225 3554; x_wconf 91' lang='lat' dir='ltr'><em>po·</em></span> 
     </span>
     <span class='ocr_line' id='line_1_31' title="bbox 120 3578 1225 3665; baseline 0.004 -28"><span class='ocrx_word' id='word_1_270' title='bbox 120 3578 178 3638; x_wconf 80' lang='lat' dir='ltr'><em>nula</em></span> <span class='ocrx_word' id='word_1_271' title='bbox 200 3580 257 3642; x_wconf 89' lang='lat' dir='ltr'><em>hoc</em></span> <span class='ocrx_word' id='word_1_272' title='bbox 281 3581 347 3643; x_wconf 93' lang='lat' dir='ltr'><em>loco</em></span> <span class='ocrx_word' id='word_1_273' title='bbox 371 3585 481 3663; x_wconf 88' lang='lat' dir='ltr'><em>scripta</em></span> <span class='ocrx_word' id='word_1_274' title='bbox 505 3591 588 3665; x_wconf 88' lang='lat' dir='ltr'><em>sunt,</em></span> <span class='ocrx_word' id='word_1_275' title='bbox 617 3601 693 3663; x_wconf 87' lang='lat' dir='ltr'><em>quae</em></span> <span class='ocrx_word' id='word_1_276' title='bbox 718 3581 918 3643; x_wconf 89' lang='lat' dir='ltr'><em>Schneiderus</em></span> <span class='ocrx_word' id='word_1_277' title='bbox 947 3592 1096 3661; x_wconf 83' lang='lat' dir='ltr'><em>tamquam</em></span> <span class='ocrx_word' id='word_1_278' title='bbox 1125 3583 1225 3662; x_wconf 89' lang='lat' dir='ltr'><em>spuria</em></span> 
     </span>
     <span class='ocr_line' id='line_1_32' title="bbox 120 3687 1144 3768; baseline 0.006 -24"><span class='ocrx_word' id='word_1_279' title='bbox 120 3688 195 3748; x_wconf 64' lang='lat' dir='ltr'><em>‘tavit</em></span> <span class='ocrx_word' id='word_1_280' title='bbox 217 3687 263 3748; x_wconf 83' lang='lat' dir='ltr'><em>vel</em></span> <span class='ocrx_word' id='word_1_281' title='bbox 285 3707 322 3748; x_wconf 84' lang='lat' dir='ltr'><em>ex</em></span> <span class='ocrx_word' id='word_1_282' title='bbox 345 3690 430 3750; x_wconf 85' lang='lat' dir='ltr'><em>initio</em></span> <span class='ocrx_word' id='word_1_283' title='bbox 455 3689 624 3752; x_wconf 90' lang='lat' dir='ltr'><em>duodecimi</em></span> <span class='ocrx_word' id='word_1_284' title='bbox 647 3690 752 3768; x_wconf 88' lang='lat' dir='ltr'><em>capitis</em></span> <span class='ocrx_word' id='word_1_285' title='bbox 774 3687 833 3749; x_wconf 89' lang='lat' dir='ltr'><em>huc</em></span> <span class='ocrx_word' id='word_1_286' title='bbox 858 3689 997 3749; x_wconf 86' lang='lat' dir='ltr'><em>translata</em></span> <span class='ocrx_word' id='word_1_287' title='bbox 1020 3690 1144 3768; x_wconf 85' lang='lat' dir='ltr'><em>putavit.</em></span> 
     </span>
    </p>

    <p class='ocr_par' dir='ltr' id='par_1_4' title="bbox 120 3793 1225 4410">
     <span class='ocr_line' id='line_1_33' title="bbox 170 3793 1225 3875; baseline 0.004 -22"><span class='ocrx_word' id='word_1_288' title='bbox 170 3793 270 3856; x_wconf 82' lang='lat' dir='ltr'><em>lel</em></span> <span class='ocrx_word' id='word_1_289' title='bbox 306 3793 403 3866; x_wconf 82' lang='lat' dir='ltr'><em>Quod</em></span> <span class='ocrx_word' id='word_1_290' title='bbox 432 3795 538 3858; x_wconf 87' lang='lat' dir='ltr'><em>hahet</em></span> <span class='ocrx_word' id='word_1_291' title='bbox 571 3797 710 3857; x_wconf 88' lang='lat' dir='ltr'><em>radices</em></span> <span class='ocrx_word' id='word_1_292' title='bbox 733 3814 772 3856; x_wconf 91' lang='lat' dir='ltr'><em>ac</em></span> <span class='ocrx_word' id='word_1_293' title='bbox 800 3797 905 3855; x_wconf 88' lang='lat' dir='ltr'><em>uiuae</em></span> <span class='ocrx_word' id='word_1_294' title='bbox 936 3797 1033 3874; x_wconf 89' lang='lat' dir='ltr'><em>sepis</em></span> <span class='ocrx_word' id='word_1_295' title='bbox 1061 3806 1225 3875; x_wconf 83' lang='lat' dir='ltr'><em>praeter-</em></span> 
     </span>
     <span class='ocr_line' id='line_1_34' title="bbox 120 3899 1223 3982; baseline 0.005 -24"><span class='ocrx_word' id='word_1_296' title='bbox 120 3903 201 3961; x_wconf 77' lang='lat' dir='ltr'><em>rutis</em></span> <span class='ocrx_word' id='word_1_297' title='bbox 232 3901 365 3964; x_wconf 82' lang='lat' dir='ltr'><em>lasciui</em></span> <span class='ocrx_word' id='word_1_298' title='bbox 403 3923 471 3965; x_wconf 88' lang='lat' dir='ltr'><em>non</em></span> <span class='ocrx_word' id='word_1_299' title='bbox 507 3913 646 3966; x_wconf 87' lang='lat' dir='ltr'><em>metuet</em></span> <span class='ocrx_word' id='word_1_300' title='bbox 678 3899 808 3982; x_wconf 86' lang='lat' dir='ltr'><em>lacem]</em></span> <span class='ocrx_word' id='word_1_301' title='bbox 851 3903 939 3974; x_wconf 80' lang='lat' dir='ltr'><em>Quod</em></span> <span class='ocrx_word' id='word_1_302' title='bbox 974 3902 1064 3962; x_wconf 80' lang='lat' dir='ltr'><em>nabet</em></span> <span class='ocrx_word' id='word_1_303' title='bbox 1100 3906 1223 3963; x_wconf 81' lang='lat' dir='ltr'><em>radices</em></span> 
     </span>
     <span class='ocr_line' id='line_1_35' title="bbox 120 4003 1223 4088; baseline 0.003 -24"><span class='ocrx_word' id='word_1_304' title='bbox 120 4003 171 4066; x_wconf 75' lang='lat' dir='ltr'><em>uae</em></span> <span class='ocrx_word' id='word_1_305' title='bbox 191 4012 291 4088; x_wconf 86' lang='lat' dir='ltr'><em>saepis</em></span> <span class='ocrx_word' id='word_1_306' title='bbox 314 4027 353 4072; x_wconf 90' lang='lat' dir='ltr'><em>ac</em></span> <span class='ocrx_word' id='word_1_307' title='bbox 376 4014 503 4073; x_wconf 82' lang='lat' dir='ltr'><em>vintoris</em></span> <span class='ocrx_word' id='word_1_308' title='bbox 522 4014 749 4088; x_wconf 86' lang='lat' dir='ltr'><em>praetereuntis</em></span> <span class='ocrx_word' id='word_1_309' title='bbox 769 4011 878 4071; x_wconf 87' lang='lat' dir='ltr'><em>lasciui</em></span> <span class='ocrx_word' id='word_1_310' title='bbox 899 4025 962 4086; x_wconf 86' lang='lat' dir='ltr'><em>sqq.</em></span> <span class='ocrx_word' id='word_1_311' title='bbox 986 4005 1106 4066; x_wconf 86' lang='lat' dir='ltr'><em>Merula.</em></span> <span class='ocrx_word' id='word_1_312' title='bbox 1139 4009 1223 4067; x_wconf 80' lang='lat' dir='ltr'><em>radi·</em></span> 
     </span>
     <span class='ocr_line' id='line_1_36' title="bbox 120 4116 1225 4197; baseline -0.003 -22"><span class='ocrx_word' id='word_1_313' title='bbox 120 4122 195 4175; x_wconf 59' lang='lat' dir='ltr'><em>tiae</em></span> <span class='ocrx_word' id='word_1_314' title='bbox 215 4120 300 4178; x_wconf 84' lang='lat' dir='ltr'><em>airas</em></span> <span class='ocrx_word' id='word_1_315' title='bbox 318 4135 404 4194; x_wconf 85' lang='lat' dir='ltr'><em>sepes</em></span> <span class='ocrx_word' id='word_1_316' title='bbox 426 4117 591 4178; x_wconf 85' lang='lat' dir='ltr'><em>Pontedera</em></span> <span class='ocrx_word' id='word_1_317' title='bbox 615 4117 693 4197; x_wconf 92' lang='lat' dir='ltr'><em>apud</em></span> <span class='ocrx_word' id='word_1_318' title='bbox 717 4116 891 4176; x_wconf 88' lang='lat' dir='ltr'><em>Gesnerum.</em></span> <span class='ocrx_word' id='word_1_319' title='bbox 937 4116 1023 4173; x_wconf 85' lang='lat' dir='ltr'><em>uiuae</em></span> <span class='ocrx_word' id='word_1_320' title='bbox 1050 4116 1130 4189; x_wconf 86' lang='lat' dir='ltr'><em>sepis</em></span> <span class='ocrx_word' id='word_1_321' title='bbox 1158 4119 1225 4192; x_wconf 82' lang='lat' dir='ltr'><em>posi</em></span> 
     </span>
     <span class='ocr_line' id='line_1_37' title="bbox 120 4217 1224 4302; baseline 0.004 -25"><span class='ocrx_word' id='word_1_322' title='bbox 120 4221 224 4283; x_wconf 70' lang='lat' dir='ltr'><em>aurate</em></span> <span class='ocrx_word' id='word_1_323' title='bbox 259 4225 457 4299; x_wconf 87' lang='lat' dir='ltr'><em>sepimentum</em></span> <span class='ocrx_word' id='word_1_324' title='bbox 494 4224 678 4302; x_wconf 85' lang='lat' dir='ltr'><em>transposuit</em></span> <span class='ocrx_word' id='word_1_325' title='bbox 714 4220 917 4282; x_wconf 87' lang='lat' dir='ltr'><em>Schneiderus</em></span> <span class='ocrx_word' id='word_1_326' title='bbox 948 4227 1075 4279; x_wconf 38' lang='lat' dir='ltr'><em>*auctore</em></span> <span class='ocrx_word' id='word_1_327' title='bbox 1108 4217 1224 4282; x_wconf 83' lang='lat' dir='ltr'><em>Ursino.</em></span> 
     </span>
     <span class='ocr_line' id='line_1_38' title="bbox 120 4324 1225 4410; baseline 0.004 -26"><span class='ocrx_word' id='word_1_328' title='bbox 120 4324 471 4390; x_wconf 70' lang='lat' dir='ltr'><em>consumendarum</em></span> <span class='ocrx_word' id='word_1_329' title='bbox 495 4329 532 4390; x_wconf 87' lang='lat' dir='ltr'><em>ab</em></span> <span class='ocrx_word' id='word_1_330' title='bbox 555 4330 613 4391; x_wconf 92' lang='lat' dir='ltr'><em>hoe</em></span> <span class='ocrx_word' id='word_1_331' title='bbox 635 4329 700 4390; x_wconf 90' lang='lat' dir='ltr'><em>loco</em></span> <span class='ocrx_word' id='word_1_332' title='bbox 723 4328 828 4410; x_wconf 86' lang='lat' dir='ltr'><em>aliena,</em></span> <span class='ocrx_word' id='word_1_333' title='bbox 846 4343 921 4406; x_wconf 84' lang='lat' dir='ltr'><em>quae</em></span> <span class='ocrx_word' id='word_1_334' title='bbox 945 4324 1014 4384; x_wconf 87' lang='lat' dir='ltr'><em>olim</em></span> <span class='ocrx_word' id='word_1_335' title='bbox 1039 4327 1070 4385; x_wconf 88' lang='lat' dir='ltr'><em>in</em></span> <span class='ocrx_word' id='word_1_336' title='bbox 1094 4329 1225 4405; x_wconf 81' lang='lat' dir='ltr'><em>margine</em></span> 
     </span>
    </p>
   </div>
   <div class='ocr_carea' id='block_1_3' title="bbox 120 4420 1015 4586">
    <p class='ocr_par' dir='ltr' id='par_1_5' title="bbox 120 4420 1015 4586">
     <span class='ocr_line' id='line_1_39' title="bbox 120 4420 819 4514; baseline 0.001 -20"><span class='ocrx_word' id='word_1_337' title='bbox 120 4420 228 4514; x_wconf 77' lang='lat' dir='ltr'><em>lunpu</em></span> <span class='ocrx_word' id='word_1_338' title='bbox 251 4435 345 4498; x_wconf 86' lang='lat' dir='ltr'><em>inisse</em></span> <span class='ocrx_word' id='word_1_339' title='bbox 367 4436 516 4514; x_wconf 81' lang='lat' dir='ltr'><em>videmur,</em></span> <span class='ocrx_word' id='word_1_340' title='bbox 540 4438 627 4498; x_wconf 85' lang='lat' dir='ltr'><em>uncis</em></span> <span class='ocrx_word' id='word_1_341' title='bbox 649 4435 819 4497; x_wconf 72' lang='lat' dir='ltr'><em>incluserat</em></span> 
     </span>
     <span class='ocr_line' id='line_1_40' title="bbox 977 4531 1015 4586; baseline 0 -22"><span class='ocrx_word' id='word_1_342' title='bbox 977 4531 1015 4586; x_wconf 69' lang='grc'><em>4*</em></span> 
     </span>
    </p>
   </div>
   <div class='ocr_carea' id='block_1_4' title="bbox 0 0 1443 4994">
    <p class='ocr_par' dir='ltr' id='par_1_6' title="bbox 0 0 1443 4994">
     <span class='ocr_line' id='line_1_41' title="bbox 0 0 1443 4994; baseline 0 0"><span class='ocrx_word' id='word_1_343' title='bbox 0 0 1443 4994; x_wconf 95' lang='lat' dir='ltr'><em> </em></span> 
     </span>
    </p>
   </div>
  </div>
 </body>
</html>
