<?xml version="1.0" encoding="UTF-8"?>
<!DOCTYPE html PUBLIC "-//W3C//DTD XHTML 1.0 Transitional//EN"
    "http://www.w3.org/TR/xhtml1/DTD/xhtml1-transitional.dtd">
<html xmlns="http://www.w3.org/1999/xhtml" xml:lang="en" lang="en">
 <head>
  <title>
</title>
<meta http-equiv="Content-Type" content="text/html;charset=utf-8" />
  <meta name='ocr-system' content='tesseract 3.04.00' />
  <meta name='ocr-capabilities' content='ocr_page ocr_carea ocr_par ocr_line ocrx_word'/>
</head>
<body>
  <div class='ocr_page' id='page_1' title='image "./mporcicatonisde00keilgoog_0025.png"; bbox 0 0 2874 4994; ppageno 0'>
   <div class='ocr_carea' id='block_1_1' title="bbox 247 348 1030 411">
    <p class='ocr_par' dir='ltr' id='par_1_1' title="bbox 247 348 1030 411">
     <span class='ocr_line' id='line_1_1' title="bbox 247 348 1030 411; baseline -0.003 0"><span class='ocrx_word' id='word_1_1' title='bbox 247 348 268 411; x_wconf 90' lang='grc'>4</span> <span class='ocrx_word' id='word_1_2' title='bbox 606 354 795 411; x_wconf 80' lang='lat' dir='ltr'>COMMENT.</span> <span class='ocrx_word' id='word_1_3' title='bbox 814 355 854 409; x_wconf 80' lang='lat' dir='ltr'>IN</span> <span class='ocrx_word' id='word_1_4' title='bbox 873 353 1030 410; x_wconf 76' lang='lat' dir='ltr'>CATONIS</span> 
     </span>
    </p>
   </div>
   <div class='ocr_carea' id='block_1_2' title="bbox 236 508 1431 4551">
    <p class='ocr_par' dir='ltr' id='par_1_2' title="bbox 245 487 1431 1128">
     <span class='ocr_line' id='line_1_2' title="bbox 246 508 1384 589; baseline -0.002 -19"><span class='ocrx_word' id='word_1_5' title='bbox 246 509 292 570; x_wconf 82' lang='lat' dir='ltr'>vei</span> <span class='ocrx_word' id='word_1_6' title='bbox 316 510 489 588; x_wconf 79' lang='lat' dir='ltr'>corrigenda</span> <span class='ocrx_word' id='word_1_7' title='bbox 513 529 578 571; x_wconf 93' lang='lat' dir='ltr'>esse</span> <span class='ocrx_word' id='word_1_8' title='bbox 602 512 735 572; x_wconf 85' lang='lat' dir='ltr'>indicari.</span> <span class='ocrx_word' id='word_1_9' title='bbox 783 510 917 571; x_wconf 80' lang='lat' dir='ltr'>rubricas</span> <span class='ocrx_word' id='word_1_10' title='bbox 940 530 957 571; x_wconf 92' lang='lat' dir='ltr'>a</span> <span class='ocrx_word' id='word_1_11' title='bbox 980 509 1078 571; x_wconf 89' lang='lat' dir='ltr'>verbis</span> <span class='ocrx_word' id='word_1_12' title='bbox 1097 508 1216 569; x_wconf 81' lang='lat' dir='ltr'>Catenis</span> <span class='ocrx_word' id='word_1_13' title='bbox 1240 517 1384 589; x_wconf 86' lang='lat' dir='ltr'>separatas</span> 
     </span>
     <span class='ocr_line' id='line_1_3' title="bbox 246 614 1431 696; baseline 0 -20"><span class='ocrx_word' id='word_1_14' title='bbox 246 617 965 679; x_wconf 64' lang='grc'><strong>1111111111111511111111111111111111111111111</strong></span> <span class='ocrx_word' id='word_1_15' title='bbox 986 617 1174 677; x_wconf 81' lang='lat' dir='ltr'>adnotatione</span> <span class='ocrx_word' id='word_1_16' title='bbox 1194 619 1289 696; x_wconf 90' lang='lat' dir='ltr'>posui.</span> <span class='ocrx_word' id='word_1_17' title='bbox 1322 635 1384 676; x_wconf 89' lang='grc'><strong>1111</strong></span> <span class='ocrx_word' id='word_1_18' title='bbox 1425 614 1431 623; x_wconf 90' lang='grc'><strong>’</strong></span> 
     </span>
     <span class='ocr_line' id='line_1_4' title="bbox 247 724 1383 805; baseline 0.002 -23"><span class='ocrx_word' id='word_1_19' title='bbox 247 725 285 783; x_wconf 92' lang='lat' dir='ltr'>ita</span> <span class='ocrx_word' id='word_1_20' title='bbox 318 724 390 784; x_wconf 92' lang='lat' dir='ltr'>baec</span> <span class='ocrx_word' id='word_1_21' title='bbox 423 743 492 785; x_wconf 91' lang='lat' dir='ltr'>cum</span> <span class='ocrx_word' id='word_1_22' title='bbox 520 726 548 784; x_wconf 87' lang='lat' dir='ltr'><em>R</em></span> <span class='ocrx_word' id='word_1_23' title='bbox 576 724 673 785; x_wconf 89' lang='lat' dir='ltr'>littera</span> <span class='ocrx_word' id='word_1_24' title='bbox 702 728 834 786; x_wconf 91' lang='lat' dir='ltr'>numeris</span> <span class='ocrx_word' id='word_1_25' title='bbox 864 728 895 786; x_wconf 94' lang='lat' dir='ltr'>in</span> <span class='ocrx_word' id='word_1_26' title='bbox 924 727 1056 805; x_wconf 78' lang='lat' dir='ltr'><strong>margine</strong></span> <span class='ocrx_word' id='word_1_27' title='bbox 1085 724 1229 804; x_wconf 76' lang='lat' dir='ltr'>adpositis</span> <span class='ocrx_word' id='word_1_28' title='bbox 1258 725 1287 783; x_wconf 94' lang='lat' dir='ltr'>in</span> <span class='ocrx_word' id='word_1_29' title='bbox 1316 726 1383 784; x_wconf 93' lang='lat' dir='ltr'>anti-</span> 
     </span>
     <span class='ocr_line' id='line_1_5' title="bbox 246 830 1431 914; baseline -0.001 -24"><span class='ocrx_word' id='word_1_30' title='bbox 246 832 388 910; x_wconf 89' lang='lat' dir='ltr'>quissimo</span> <span class='ocrx_word' id='word_1_31' title='bbox 403 831 571 912; x_wconf 86' lang='lat' dir='ltr'>apographo</span> <span class='ocrx_word' id='word_1_32' title='bbox 581 832 715 893; x_wconf 83' lang='lat' dir='ltr'>Parisino</span> <span class='ocrx_word' id='word_1_33' title='bbox 725 834 748 893; x_wconf 83' lang='grc' dir='ltr'><strong>Α</strong></span> <span class='ocrx_word' id='word_1_34' title='bbox 760 835 870 913; x_wconf 88' lang='lat' dir='ltr'>scripta</span> <span class='ocrx_word' id='word_1_35' title='bbox 880 841 959 914; x_wconf 88' lang='lat' dir='ltr'>sunt,</span> <span class='ocrx_word' id='word_1_36' title='bbox 974 850 1151 911; x_wconf 82' lang='lat' dir='ltr'>quamquam</span> <span class='ocrx_word' id='word_1_37' title='bbox 1161 839 1229 910; x_wconf 91' lang='lat' dir='ltr'>post</span> <span class='ocrx_word' id='word_1_38' title='bbox 1239 830 1384 890; x_wconf 74' lang='lat' dir='ltr'>rubricam</span> <span class='ocrx_word' id='word_1_39' title='bbox 1429 908 1431 913; x_wconf 21' lang='grc' dir='ltr'>Ι</span> 
     </span>
     <span class='ocr_line' id='line_1_6' title="bbox 245 931 1385 1022; baseline 0.001 -26"><span class='ocrx_word' id='word_1_40' title='bbox 245 957 270 998; x_wconf 91' lang='lat' dir='ltr'>c.</span> <span class='ocrx_word' id='word_1_41' title='bbox 294 936 336 1000; x_wconf 85' lang='grc'>68</span> <span class='ocrx_word' id='word_1_42' title='bbox 359 931 433 1022; x_wconf 78' lang='lat' dir='ltr'>(tt)</span> <span class='ocrx_word' id='word_1_43' title='bbox 457 940 494 999; x_wconf 84' lang='lat' dir='ltr'>R.</span> <span class='ocrx_word' id='word_1_44' title='bbox 516 940 595 1000; x_wconf 79' lang='lat' dir='ltr'>Vuae</span> <span class='ocrx_word' id='word_1_45' title='bbox 623 943 741 1002; x_wconf 80' lang='lat' dir='ltr'>olearia</span> <span class='ocrx_word' id='word_1_46' title='bbox 770 949 799 1001; x_wconf 88' lang='lat' dir='ltr'>et</span> <span class='ocrx_word' id='word_1_47' title='bbox 821 943 944 1001; x_wconf 80' lang='lat' dir='ltr'>vinaria</span> <span class='ocrx_word' id='word_1_48' title='bbox 968 942 1113 1001; x_wconf 79' lang='lat' dir='ltr'>extollere</span> <span class='ocrx_word' id='word_1_49' title='bbox 1136 940 1165 998; x_wconf 92' lang='lat' dir='ltr'>iu</span> <span class='ocrx_word' id='word_1_50' title='bbox 1190 938 1246 999; x_wconf 90' lang='lat' dir='ltr'>boc</span> <span class='ocrx_word' id='word_1_51' title='bbox 1271 956 1385 1018; x_wconf 83' lang='lat' dir='ltr'>quoquc</span> 
     </span>
     <span class='ocr_line' id='line_1_7' title="bbox 245 1045 1046 1128; baseline 0.004 -23"><span class='ocrx_word' id='word_1_52' title='bbox 245 1045 356 1125; x_wconf 86' lang='lat' dir='ltr'>littera,</span> <span class='ocrx_word' id='word_1_53' title='bbox 381 1065 438 1125; x_wconf 79' lang='lat' dir='ltr'>quia</span> <span class='ocrx_word' id='word_1_54' title='bbox 463 1046 581 1108; x_wconf 85' lang='lat' dir='ltr'>rubrica</span> <span class='ocrx_word' id='word_1_55' title='bbox 606 1049 837 1128; x_wconf 81' lang='lat' dir='ltr'>significaretur,</span> <span class='ocrx_word' id='word_1_56' title='bbox 861 1049 969 1107; x_wconf 92' lang='lat' dir='ltr'>omissa</span> <span class='ocrx_word' id='word_1_57' title='bbox 993 1055 1046 1108; x_wconf 85' lang='lat' dir='ltr'>est.</span> 
     </span>
    </p>

    <p class='ocr_par' dir='ltr' id='par_1_3' title="bbox 244 1152 1385 1340">
     <span class='ocr_line' id='line_1_8' title="bbox 334 1152 1385 1233; baseline -0.002 -19"><span class='ocrx_word' id='word_1_58' title='bbox 334 1154 364 1214; x_wconf 84' lang='lat' dir='ltr'>C.</span> <span class='ocrx_word' id='word_1_59' title='bbox 395 1152 435 1215; x_wconf 99' lang='grc'>12</span> <span class='ocrx_word' id='word_1_60' title='bbox 473 1153 652 1224; x_wconf 83' lang='lat' dir='ltr'>Quomodo</span> <span class='ocrx_word' id='word_1_61' title='bbox 685 1154 800 1216; x_wconf 87' lang='lat' dir='ltr'>oleum</span> <span class='ocrx_word' id='word_1_62' title='bbox 832 1157 908 1233; x_wconf 82' lang='lat' dir='ltr'>agri</span> <span class='ocrx_word' id='word_1_63' title='bbox 940 1157 1009 1232; x_wconf 83' lang='lat' dir='ltr'>ing.</span> <span class='ocrx_word' id='word_1_64' title='bbox 1042 1153 1096 1213; x_wconf 85' lang='lat' dir='ltr'>CC.</span> <span class='ocrx_word' id='word_1_65' title='bbox 1120 1152 1170 1213; x_wconf 79' lang='lat' dir='ltr'>XL</span> <span class='ocrx_word' id='word_1_66' title='bbox 1203 1155 1385 1213; x_wconf 88' lang='lat' dir='ltr'>instruere</span> 
     </span>
     <span class='ocr_line' id='line_1_9' title="bbox 244 1258 830 1340; baseline 0.005 -20"><span class='ocrx_word' id='word_1_67' title='bbox 244 1258 423 1340; x_wconf 85' lang='lat' dir='ltr'>oporteat]</span> <span class='ocrx_word' id='word_1_68' title='bbox 452 1262 567 1322; x_wconf 83' lang='lat' dir='ltr'>Oletum</span> <span class='ocrx_word' id='word_1_69' title='bbox 590 1261 710 1323; x_wconf 84' lang='lat' dir='ltr'>rubrica</span> <span class='ocrx_word' id='word_1_70' title='bbox 734 1282 760 1325; x_wconf 92' lang='lat' dir='ltr'>c.</span> <span class='ocrx_word' id='word_1_71' title='bbox 780 1260 830 1323; x_wconf 91' lang='grc'>10.</span> 
     </span>
    </p>

    <p class='ocr_par' dir='ltr' id='par_1_4' title="bbox 244 1364 1388 1660">
     <span class='ocr_line' id='line_1_10' title="bbox 332 1364 1387 1450; baseline 0 -22"><span class='ocrx_word' id='word_1_72' title='bbox 332 1366 363 1428; x_wconf 84' lang='lat' dir='ltr'>C.</span> <span class='ocrx_word' id='word_1_73' title='bbox 380 1364 421 1428; x_wconf 88' lang='grc'>13</span> <span class='ocrx_word' id='word_1_74' title='bbox 445 1367 627 1439; x_wconf 85' lang='lat' dir='ltr'>Quomodo</span> <span class='ocrx_word' id='word_1_75' title='bbox 650 1371 718 1450; x_wconf 83' lang='lat' dir='ltr'>ing.</span> <span class='ocrx_word' id='word_1_76' title='bbox 738 1370 791 1430; x_wconf 85' lang='lat' dir='ltr'>CC.</span> <span class='ocrx_word' id='word_1_77' title='bbox 811 1371 1010 1431; x_wconf 82' lang='lat' dir='ltr'>instituere</span> <span class='ocrx_word' id='word_1_78' title='bbox 1027 1367 1207 1449; x_wconf 85' lang='lat' dir='ltr'>oporteat]</span> <span class='ocrx_word' id='word_1_79' title='bbox 1236 1370 1387 1442; x_wconf 75' lang='lat' dir='ltr'>Ouomodo</span> 
     </span>
     <span class='ocr_line' id='line_1_11' title="bbox 244 1475 1388 1555; baseline 0.001 -20"><span class='ocrx_word' id='word_1_80' title='bbox 244 1477 360 1535; x_wconf 77' lang='lat' dir='ltr'>uineae</span> <span class='ocrx_word' id='word_1_81' title='bbox 377 1476 439 1549; x_wconf 79' lang='lat' dir='ltr'>inp.</span> <span class='ocrx_word' id='word_1_82' title='bbox 462 1476 491 1535; x_wconf 86' lang='lat' dir='ltr'>C.</span> <span class='ocrx_word' id='word_1_83' title='bbox 516 1479 675 1538; x_wconf 75' lang='lat' dir='ltr'>instituere</span> <span class='ocrx_word' id='word_1_84' title='bbox 697 1485 835 1555; x_wconf 80' lang='lat' dir='ltr'>oporteat</span> <span class='ocrx_word' id='word_1_85' title='bbox 858 1476 977 1537; x_wconf 89' lang='lat' dir='ltr'>rubrica</span> <span class='ocrx_word' id='word_1_86' title='bbox 997 1496 1021 1537; x_wconf 94' lang='lat' dir='ltr'>c.</span> <span class='ocrx_word' id='word_1_87' title='bbox 1046 1475 1093 1536; x_wconf 94' lang='lat' dir='ltr'>ll.</span> <span class='ocrx_word' id='word_1_88' title='bbox 1130 1479 1288 1537; x_wconf 80' lang='lat' dir='ltr'>instruere</span> <span class='ocrx_word' id='word_1_89' title='bbox 1311 1483 1388 1536; x_wconf 90' lang='lat' dir='ltr'>utro·</span> 
     </span>
     <span class='ocr_line' id='line_1_12' title="bbox 244 1580 736 1660; baseline 0.008 -19"><span class='ocrx_word' id='word_1_90' title='bbox 244 1600 301 1660; x_wconf 90' lang='lat' dir='ltr'>que</span> <span class='ocrx_word' id='word_1_91' title='bbox 324 1580 389 1641; x_wconf 90' lang='lat' dir='ltr'>loco</span> <span class='ocrx_word' id='word_1_92' title='bbox 413 1580 505 1642; x_wconf 85' lang='lat' dir='ltr'>codex</span> <span class='ocrx_word' id='word_1_93' title='bbox 529 1581 681 1644; x_wconf 87' lang='lat' dir='ltr'>Parisinus</span> <span class='ocrx_word' id='word_1_94' title='bbox 705 1585 736 1645; x_wconf 83' lang='lat' dir='ltr'>d.</span> 
     </span>
    </p>

    <p class='ocr_par' dir='ltr' id='par_1_5' title="bbox 243 1684 1391 2090">
     <span class='ocr_line' id='line_1_13' title="bbox 332 1684 1388 1770; baseline 0.002 -24"><span class='ocrx_word' id='word_1_95' title='bbox 332 1686 362 1747; x_wconf 86' lang='lat' dir='ltr'>C.</span> <span class='ocrx_word' id='word_1_96' title='bbox 384 1684 424 1748; x_wconf 87' lang='grc'>16</span> <span class='ocrx_word' id='word_1_97' title='bbox 448 1687 484 1748; x_wconf 92' lang='grc'>11</span> <span class='ocrx_word' id='word_1_98' title='bbox 508 1688 600 1749; x_wconf 87' lang='lat' dir='ltr'>cella</span> <span class='ocrx_word' id='word_1_99' title='bbox 623 1689 759 1750; x_wconf 88' lang='lat' dir='ltr'>olearia</span> <span class='ocrx_word' id='word_1_100' title='bbox 782 1709 871 1770; x_wconf 83' lang='lat' dir='ltr'>quac</span> <span class='ocrx_word' id='word_1_101' title='bbox 895 1708 983 1769; x_wconf 90' lang='lat' dir='ltr'>opus</span> <span class='ocrx_word' id='word_1_102' title='bbox 1007 1687 1092 1767; x_wconf 89' lang='lat' dir='ltr'>siut]</span> <span class='ocrx_word' id='word_1_103' title='bbox 1121 1691 1206 1762; x_wconf 77' lang='lat' dir='ltr'>Once</span> <span class='ocrx_word' id='word_1_104' title='bbox 1226 1695 1388 1766; x_wconf 71' lang='lat' dir='ltr'>optassent</span> 
     </span>
     <span class='ocr_line' id='line_1_14' title="bbox 243 1792 1389 1876; baseline 0.003 -24"><span class='ocrx_word' id='word_1_105' title='bbox 243 1792 407 1853; x_wconf 88' lang='lat' dir='ltr'>Politiauus</span> <span class='ocrx_word' id='word_1_106' title='bbox 430 1813 535 1873; x_wconf 88' lang='lat' dir='ltr'>parum</span> <span class='ocrx_word' id='word_1_107' title='bbox 559 1805 706 1875; x_wconf 86' lang='lat' dir='ltr'>accurate,</span> <span class='ocrx_word' id='word_1_108' title='bbox 730 1805 764 1856; x_wconf 89' lang='lat' dir='ltr'>ut</span> <span class='ocrx_word' id='word_1_109' title='bbox 787 1798 913 1876; x_wconf 85' lang='lat' dir='ltr'>videtur,</span> <span class='ocrx_word' id='word_1_110' title='bbox 937 1814 1076 1875; x_wconf 83' lang='lat' dir='ltr'>expressa</span> <span class='ocrx_word' id='word_1_111' title='bbox 1100 1797 1211 1857; x_wconf 91' lang='lat' dir='ltr'>codicis</span> <span class='ocrx_word' id='word_1_112' title='bbox 1230 1798 1389 1874; x_wconf 88' lang='lat' dir='ltr'>scriptura.</span> 
     </span>
     <span class='ocr_line' id='line_1_15' title="bbox 243 1902 1391 1979; baseline 0.003 -20"><span class='ocrx_word' id='word_1_113' title='bbox 243 1919 310 1960; x_wconf 91' lang='lat' dir='ltr'>nam</span> <span class='ocrx_word' id='word_1_114' title='bbox 333 1919 413 1976; x_wconf 84' lang='lat' dir='ltr'>quoe</span> <span class='ocrx_word' id='word_1_115' title='bbox 431 1920 506 1979; x_wconf 81' lang='lat' dir='ltr'>opus</span> <span class='ocrx_word' id='word_1_116' title='bbox 523 1905 585 1964; x_wconf 81' lang='lat' dir='ltr'>sint</span> <span class='ocrx_word' id='word_1_117' title='bbox 602 1902 713 1964; x_wconf 90' lang='lat' dir='ltr'>babent</span> <span class='ocrx_word' id='word_1_118' title='bbox 731 1903 824 1965; x_wconf 87' lang='lat' dir='ltr'>codex</span> <span class='ocrx_word' id='word_1_119' title='bbox 843 1903 996 1964; x_wconf 87' lang='lat' dir='ltr'>Parisinus</span> <span class='ocrx_word' id='word_1_120' title='bbox 1015 1906 1037 1962; x_wconf 82' lang='grc' dir='ltr'>Α</span> <span class='ocrx_word' id='word_1_121' title='bbox 1058 1911 1087 1963; x_wconf 94' lang='lat' dir='ltr'>et</span> <span class='ocrx_word' id='word_1_122' title='bbox 1106 1903 1197 1964; x_wconf 91' lang='lat' dir='ltr'>editio</span> <span class='ocrx_word' id='word_1_123' title='bbox 1216 1903 1341 1965; x_wconf 89' lang='lat' dir='ltr'>Victorii</span> <span class='ocrx_word' id='word_1_124' title='bbox 1360 1912 1391 1963; x_wconf 85' lang='lat' dir='ltr'>et</span> 
     </span>
     <span class='ocr_line' id='line_1_16' title="bbox 243 2006 1170 2090; baseline 0.003 -22"><span class='ocrx_word' id='word_1_125' title='bbox 243 2010 273 2068; x_wconf 92' lang='lat' dir='ltr'>iu</span> <span class='ocrx_word' id='word_1_126' title='bbox 297 2007 417 2069; x_wconf 86' lang='lat' dir='ltr'>rubrica</span> <span class='ocrx_word' id='word_1_127' title='bbox 444 2006 529 2089; x_wconf 84' lang='lat'>13,2</span> <span class='ocrx_word' id='word_1_128' title='bbox 553 2027 665 2090; x_wconf 88' lang='lat' dir='ltr'>omnes,</span> <span class='ocrx_word' id='word_1_129' title='bbox 689 2013 838 2072; x_wconf 86' lang='lat' dir='ltr'>constanti</span> <span class='ocrx_word' id='word_1_130' title='bbox 860 2013 891 2070; x_wconf 93' lang='lat' dir='ltr'>in</span> <span class='ocrx_word' id='word_1_131' title='bbox 914 2010 961 2071; x_wconf 90' lang='lat' dir='ltr'>bis</span> <span class='ocrx_word' id='word_1_132' title='bbox 986 2010 1081 2070; x_wconf 87' lang='lat' dir='ltr'>titulis</span> <span class='ocrx_word' id='word_1_133' title='bbox 1104 2029 1170 2071; x_wconf 88' lang='lat' dir='ltr'>usu.</span> 
     </span>
    </p>

    <p class='ocr_par' dir='ltr' id='par_1_6' title="bbox 241 2112 1393 2410">
     <span class='ocr_line' id='line_1_17' title="bbox 331 2112 1392 2196; baseline 0.003 -21"><span class='ocrx_word' id='word_1_134' title='bbox 331 2114 362 2176; x_wconf 84' lang='lat' dir='ltr'>C.</span> <span class='ocrx_word' id='word_1_135' title='bbox 382 2112 425 2176; x_wconf 89' lang='grc'>20</span> <span class='ocrx_word' id='word_1_136' title='bbox 452 2114 622 2177; x_wconf 87' lang='lat' dir='ltr'>Materies</span> <span class='ocrx_word' id='word_1_137' title='bbox 651 2118 734 2196; x_wconf 83' lang='lat' dir='ltr'>qtrid</span> <span class='ocrx_word' id='word_1_138' title='bbox 758 2119 841 2178; x_wconf 90' lang='lat' dir='ltr'>anni</span> <span class='ocrx_word' id='word_1_139' title='bbox 864 2119 1079 2196; x_wconf 89' lang='lat' dir='ltr'>tempestiua</span> <span class='ocrx_word' id='word_1_140' title='bbox 1104 2116 1172 2195; x_wconf 85' lang='lat' dir='ltr'>est]</span> <span class='ocrx_word' id='word_1_141' title='bbox 1200 2117 1392 2195; x_wconf 80' lang='lat' dir='ltr'>Tempestiua</span> 
     </span>
     <span class='ocr_line' id='line_1_18' title="bbox 241 2222 1393 2304; baseline 0.003 -22"><span class='ocrx_word' id='word_1_142' title='bbox 241 2226 280 2283; x_wconf 82' lang='lat' dir='ltr'>sit</span> <span class='ocrx_word' id='word_1_143' title='bbox 302 2225 334 2283; x_wconf 91' lang='lat' dir='ltr'>iu</span> <span class='ocrx_word' id='word_1_144' title='bbox 359 2222 479 2283; x_wconf 90' lang='lat' dir='ltr'>rubrica</span> <span class='ocrx_word' id='word_1_145' title='bbox 502 2242 527 2284; x_wconf 87' lang='lat' dir='ltr'>c.</span> <span class='ocrx_word' id='word_1_146' title='bbox 549 2222 587 2285; x_wconf 77' lang='lat'>17</span> <span class='ocrx_word' id='word_1_147' title='bbox 613 2224 723 2286; x_wconf 90' lang='lat' dir='ltr'>babent</span> <span class='ocrx_word' id='word_1_148' title='bbox 746 2223 764 2285; x_wconf 95' lang='lat' dir='ltr'>b</span> <span class='ocrx_word' id='word_1_149' title='bbox 788 2235 819 2286; x_wconf 88' lang='lat' dir='ltr'>et</span> <span class='ocrx_word' id='word_1_150' title='bbox 842 2225 933 2286; x_wconf 86' lang='lat' dir='ltr'>editio</span> <span class='ocrx_word' id='word_1_151' title='bbox 956 2226 1135 2304; x_wconf 89' lang='lat' dir='ltr'>princepsa</span> <span class='ocrx_word' id='word_1_152' title='bbox 1159 2223 1304 2285; x_wconf 90' lang='lat' dir='ltr'>Politiauo</span> <span class='ocrx_word' id='word_1_153' title='bbox 1329 2242 1393 2285; x_wconf 82' lang='grc'>111</span> 
     </span>
     <span class='ocr_line' id='line_1_19' title="bbox 242 2334 721 2410; baseline 0.006 -20"><span class='ocrx_word' id='word_1_154' title='bbox 242 2339 367 2410; x_wconf 73' lang='lat' dir='ltr'>mactata,</span> <span class='ocrx_word' id='word_1_155' title='bbox 390 2334 567 2408; x_wconf 81' lang='lat' dir='ltr'>tempestiue</span> <span class='ocrx_word' id='word_1_156' title='bbox 591 2340 636 2393; x_wconf 83' lang='lat' dir='ltr'>est</span> <span class='ocrx_word' id='word_1_157' title='bbox 659 2334 721 2393; x_wconf 79' lang='lat' dir='ltr'>dm.</span> 
     </span>
    </p>

    <p class='ocr_par' dir='ltr' id='par_1_7' title="bbox 242 2434 1393 2621">
     <span class='ocr_line' id='line_1_20' title="bbox 331 2434 1393 2522; baseline 0.001 -23"><span class='ocrx_word' id='word_1_158' title='bbox 331 2437 361 2499; x_wconf 87' lang='lat' dir='ltr'>C.</span> <span class='ocrx_word' id='word_1_159' title='bbox 385 2435 428 2500; x_wconf 90' lang='grc'>23</span> <span class='ocrx_word' id='word_1_160' title='bbox 456 2437 648 2518; x_wconf 88' lang='lat' dir='ltr'>Trapetum</span> <span class='ocrx_word' id='word_1_161' title='bbox 673 2440 845 2518; x_wconf 89' lang='lat' dir='ltr'>quomodo</span> <span class='ocrx_word' id='word_1_162' title='bbox 870 2442 1081 2501; x_wconf 85' lang='lat' dir='ltr'>concinnari</span> <span class='ocrx_word' id='word_1_163' title='bbox 1105 2434 1284 2522; x_wconf 88' lang='lat' dir='ltr'>oporteat]</span> <span class='ocrx_word' id='word_1_164' title='bbox 1314 2442 1393 2501; x_wconf 78' lang='lat' dir='ltr'>Cort-</span> 
     </span>
     <span class='ocr_line' id='line_1_21' title="bbox 242 2542 884 2621; baseline 0.003 -16"><span class='ocrx_word' id='word_1_165' title='bbox 242 2548 371 2606; x_wconf 83' lang='lat' dir='ltr'>einaure</span> <span class='ocrx_word' id='word_1_166' title='bbox 394 2552 532 2621; x_wconf 84' lang='lat' dir='ltr'>oporteat</span> <span class='ocrx_word' id='word_1_167' title='bbox 554 2564 579 2605; x_wconf 90' lang='lat' dir='ltr'>c.</span> <span class='ocrx_word' id='word_1_168' title='bbox 598 2542 642 2606; x_wconf 88' lang='grc'>20</span> <span class='ocrx_word' id='word_1_169' title='bbox 666 2565 734 2607; x_wconf 89' lang='lat' dir='ltr'>cum</span> <span class='ocrx_word' id='word_1_170' title='bbox 757 2547 884 2608; x_wconf 84' lang='lat' dir='ltr'>rubrica.</span> 
     </span>
    </p>

    <p class='ocr_par' dir='ltr' id='par_1_8' title="bbox 246 2648 1392 2835">
     <span class='ocr_line' id='line_1_22' title="bbox 331 2648 1392 2741; baseline 0.002 -29"><span class='ocrx_word' id='word_1_171' title='bbox 331 2651 361 2711; x_wconf 87' lang='lat' dir='ltr'>C.</span> <span class='ocrx_word' id='word_1_172' title='bbox 385 2648 427 2712; x_wconf 85' lang='grc'>26</span> <span class='ocrx_word' id='word_1_173' title='bbox 461 2651 508 2712; x_wconf 78' lang='lat' dir='ltr'>Ad</span> <span class='ocrx_word' id='word_1_174' title='bbox 542 2651 756 2712; x_wconf 89' lang='lat' dir='ltr'>uindemiam</span> <span class='ocrx_word' id='word_1_175' title='bbox 790 2672 878 2732; x_wconf 75' lang='lat' dir='ltr'>(purae</span> <span class='ocrx_word' id='word_1_176' title='bbox 911 2673 1000 2733; x_wconf 91' lang='lat' dir='ltr'>opus</span> <span class='ocrx_word' id='word_1_177' title='bbox 1033 2657 1106 2741; x_wconf 85' lang='lat' dir='ltr'>sipt</span> <span class='ocrx_word' id='word_1_178' title='bbox 1133 2664 1171 2714; x_wconf 92' lang='lat' dir='ltr'>ut</span> <span class='ocrx_word' id='word_1_179' title='bbox 1199 2653 1392 2732; x_wconf 85' lang='lat' dir='ltr'>parentur]</span> 
     </span>
     <span class='ocr_line' id='line_1_23' title="bbox 246 2756 876 2835; baseline 0.008 -17"><span class='ocrx_word' id='word_1_180' title='bbox 246 2761 332 2832; x_wconf 77' lang='lat' dir='ltr'>Qrtue</span> <span class='ocrx_word' id='word_1_181' title='bbox 354 2777 427 2835; x_wconf 82' lang='lat' dir='ltr'>opus</span> <span class='ocrx_word' id='word_1_182' title='bbox 449 2766 520 2819; x_wconf 85' lang='lat' dir='ltr'>sunt</span> <span class='ocrx_word' id='word_1_183' title='bbox 543 2778 568 2819; x_wconf 93' lang='lat' dir='ltr'>c.</span> <span class='ocrx_word' id='word_1_184' title='bbox 588 2756 630 2820; x_wconf 84' lang='lat'>23</span> <span class='ocrx_word' id='word_1_185' title='bbox 654 2778 723 2820; x_wconf 91' lang='lat' dir='ltr'>cum</span> <span class='ocrx_word' id='word_1_186' title='bbox 747 2759 876 2824; x_wconf 89' lang='lat' dir='ltr'>rubrica.</span> 
     </span>
    </p>

    <p class='ocr_par' dir='ltr' id='par_1_9' title="bbox 242 2861 1393 3054">
     <span class='ocr_line' id='line_1_24' title="bbox 331 2861 1393 2946; baseline 0.004 -22"><span class='ocrx_word' id='word_1_187' title='bbox 331 2864 362 2926; x_wconf 75' lang='lat' dir='ltr'>C.</span> <span class='ocrx_word' id='word_1_188' title='bbox 381 2861 425 2926; x_wconf 87' lang='lat'>50</span> <span class='ocrx_word' id='word_1_189' title='bbox 452 2865 581 2926; x_wconf 89' lang='lat' dir='ltr'>Sulcos</span> <span class='ocrx_word' id='word_1_190' title='bbox 610 2867 783 2945; x_wconf 82' lang='lat' dir='ltr'>quomodo</span> <span class='ocrx_word' id='word_1_191' title='bbox 813 2867 937 2946; x_wconf 81' lang='lat' dir='ltr'>facias]</span> <span class='ocrx_word' id='word_1_192' title='bbox 964 2871 1076 2930; x_wconf 80' lang='lat' dir='ltr'>Fadius</span> <span class='ocrx_word' id='word_1_193' title='bbox 1104 2868 1268 2928; x_wconf 82' lang='lat' dir='ltr'>Politianus</span> <span class='ocrx_word' id='word_1_194' title='bbox 1295 2869 1393 2928; x_wconf 89' lang='lat' dir='ltr'>mani·</span> 
     </span>
     <span class='ocr_line' id='line_1_25' title="bbox 242 2972 1289 3054; baseline 0.001 -19"><span class='ocrx_word' id='word_1_195' title='bbox 242 2974 317 3035; x_wconf 77' lang='lat' dir='ltr'>sesto</span> <span class='ocrx_word' id='word_1_196' title='bbox 341 2991 452 3054; x_wconf 85' lang='lat' dir='ltr'>errore,</span> <span class='ocrx_word' id='word_1_197' title='bbox 473 2972 576 3048; x_wconf 80' lang='lat' dir='ltr'>foetos</span> <span class='ocrx_word' id='word_1_198' title='bbox 600 2973 678 3033; x_wconf 90' lang='lat' dir='ltr'>idem</span> <span class='ocrx_word' id='word_1_199' title='bbox 702 2976 731 3033; x_wconf 93' lang='lat' dir='ltr'>iu</span> <span class='ocrx_word' id='word_1_200' title='bbox 756 2974 875 3036; x_wconf 87' lang='lat' dir='ltr'>rubrica</span> <span class='ocrx_word' id='word_1_201' title='bbox 899 2996 924 3036; x_wconf 91' lang='lat' dir='ltr'>c.</span> <span class='ocrx_word' id='word_1_202' title='bbox 944 2973 987 3037; x_wconf 87' lang='grc'>93</span> <span class='ocrx_word' id='word_1_203' title='bbox 1011 2996 1078 3036; x_wconf 90' lang='lat' dir='ltr'>cum</span> <span class='ocrx_word' id='word_1_204' title='bbox 1102 2975 1289 3054; x_wconf 85' lang='lat' dir='ltr'>apographis.</span> 
     </span>
    </p>

    <p class='ocr_par' dir='ltr' id='par_1_10' title="bbox 243 3077 1393 3262">
     <span class='ocr_line' id='line_1_26' title="bbox 330 3077 1393 3161; baseline 0.004 -20"><span class='ocrx_word' id='word_1_205' title='bbox 330 3081 360 3141; x_wconf 84' lang='lat' dir='ltr'>C.</span> <span class='ocrx_word' id='word_1_206' title='bbox 384 3077 426 3141; x_wconf 80' lang='lat'>67</span> <span class='ocrx_word' id='word_1_207' title='bbox 459 3079 742 3142; x_wconf 86' lang='lat' dir='ltr'>Puimeutarium</span> <span class='ocrx_word' id='word_1_208' title='bbox 775 3082 945 3161; x_wconf 81' lang='lat' dir='ltr'>familiae]</span> <span class='ocrx_word' id='word_1_209' title='bbox 981 3085 1219 3145; x_wconf 68' lang='lat' dir='ltr'>mauritaniarum</span> <span class='ocrx_word' id='word_1_210' title='bbox 1248 3083 1393 3158; x_wconf 75' lang='lat' dir='ltr'>familiae</span> 
     </span>
     <span class='ocr_line' id='line_1_27' title="bbox 243 3185 765 3262; baseline 0.008 -15"><span class='ocrx_word' id='word_1_211' title='bbox 243 3195 389 3262; x_wconf 76' lang='lat' dir='ltr'>peceatum</span> <span class='ocrx_word' id='word_1_212' title='bbox 413 3189 502 3247; x_wconf 82' lang='lat' dir='ltr'>detur</span> <span class='ocrx_word' id='word_1_213' title='bbox 526 3188 645 3249; x_wconf 87' lang='lat' dir='ltr'>rubrica</span> <span class='ocrx_word' id='word_1_214' title='bbox 669 3209 694 3250; x_wconf 91' lang='lat' dir='ltr'>c.</span> <span class='ocrx_word' id='word_1_215' title='bbox 713 3185 765 3251; x_wconf 82' lang='lat'>58.</span> 
     </span>
    </p>

    <p class='ocr_par' dir='ltr' id='par_1_11' title="bbox 241 3289 1392 3677">
     <span class='ocr_line' id='line_1_28' title="bbox 330 3289 1391 3377; baseline 0.005 -25"><span class='ocrx_word' id='word_1_216' title='bbox 330 3294 360 3354; x_wconf 80' lang='lat' dir='ltr'>C.</span> <span class='ocrx_word' id='word_1_217' title='bbox 383 3289 445 3354; x_wconf 78' lang='lat'>104</span> <span class='ocrx_word' id='word_1_218' title='bbox 469 3293 680 3355; x_wconf 84' lang='lat' dir='ltr'>Inuoluolus</span> <span class='ocrx_word' id='word_1_219' title='bbox 703 3298 737 3356; x_wconf 92' lang='lat' dir='ltr'>in</span> <span class='ocrx_word' id='word_1_220' title='bbox 759 3298 861 3356; x_wconf 91' lang='lat' dir='ltr'>uinea</span> <span class='ocrx_word' id='word_1_221' title='bbox 881 3316 922 3357; x_wconf 91' lang='lat' dir='ltr'>ne</span> <span class='ocrx_word' id='word_1_222' title='bbox 942 3297 1003 3375; x_wconf 85' lang='lat' dir='ltr'>sit]</span> <span class='ocrx_word' id='word_1_223' title='bbox 1026 3298 1200 3359; x_wconf 78' lang='lat' dir='ltr'>Irtuoluutus</span> <span class='ocrx_word' id='word_1_224' title='bbox 1219 3296 1391 3377; x_wconf 78' lang='lat' dir='ltr'>apographa</span> 
     </span>
     <span class='ocr_line' id='line_1_29' title="bbox 241 3399 1392 3483; baseline 0.003 -22"><span class='ocrx_word' id='word_1_225' title='bbox 241 3410 271 3461; x_wconf 89' lang='lat' dir='ltr'>et</span> <span class='ocrx_word' id='word_1_226' title='bbox 290 3401 380 3461; x_wconf 90' lang='lat' dir='ltr'>editio</span> <span class='ocrx_word' id='word_1_227' title='bbox 397 3399 528 3482; x_wconf 82' lang='lat' dir='ltr'>Victorii,</span> <span class='ocrx_word' id='word_1_228' title='bbox 547 3405 742 3464; x_wconf 76' lang='lat' dir='ltr'>eonrreluelus·</span> <span class='ocrx_word' id='word_1_229' title='bbox 757 3401 920 3463; x_wconf 87' lang='lat' dir='ltr'>Politianus</span> <span class='ocrx_word' id='word_1_230' title='bbox 939 3403 1065 3464; x_wconf 87' lang='lat' dir='ltr'>lectione</span> <span class='ocrx_word' id='word_1_231' title='bbox 1086 3406 1230 3483; x_wconf 90' lang='lat' dir='ltr'>principis</span> <span class='ocrx_word' id='word_1_232' title='bbox 1249 3405 1392 3465; x_wconf 88' lang='lat' dir='ltr'>editionis</span> 
     </span>
     <span class='ocr_line' id='line_1_30' title="bbox 243 3510 1392 3590; baseline 0.003 -21"><span class='ocrx_word' id='word_1_233' title='bbox 243 3511 442 3570; x_wconf 77' lang='lat' dir='ltr'>condolentes</span> <span class='ocrx_word' id='word_1_234' title='bbox 461 3526 565 3588; x_wconf 91' lang='lat' dir='ltr'>parum</span> <span class='ocrx_word' id='word_1_235' title='bbox 585 3516 733 3588; x_wconf 85' lang='lat' dir='ltr'>accurate,</span> <span class='ocrx_word' id='word_1_236' title='bbox 756 3517 786 3568; x_wconf 86' lang='lat' dir='ltr'>ut</span> <span class='ocrx_word' id='word_1_237' title='bbox 809 3510 933 3590; x_wconf 81' lang='lat' dir='ltr'>uidetur,</span> <span class='ocrx_word' id='word_1_238' title='bbox 952 3519 1095 3570; x_wconf 86' lang='lat' dir='ltr'>correcta.</span> <span class='ocrx_word' id='word_1_239' title='bbox 1128 3514 1298 3573; x_wconf 76' lang='lat' dir='ltr'>iaruoluolus</span> <span class='ocrx_word' id='word_1_240' title='bbox 1316 3530 1392 3573; x_wconf 84' lang='lat' dir='ltr'>con·</span> 
     </span>
     <span class='ocr_line' id='line_1_31' title="bbox 241 3613 946 3677; baseline 0.003 -2"><span class='ocrx_word' id='word_1_241' title='bbox 241 3620 379 3676; x_wconf 77' lang='lat' dir='ltr'>dulcetus</span> <span class='ocrx_word' id='word_1_242' title='bbox 403 3620 433 3676; x_wconf 81' lang='lat' dir='ltr'>a&#39;n</span> <span class='ocrx_word' id='word_1_243' title='bbox 458 3619 545 3676; x_wconf 78' lang='lat' dir='ltr'>uinta</span> <span class='ocrx_word' id='word_1_244' title='bbox 569 3634 607 3675; x_wconf 85' lang='lat' dir='ltr'>ne</span> <span class='ocrx_word' id='word_1_245' title='bbox 629 3618 686 3675; x_wconf 84' lang='lat' dir='ltr'>siet</span> <span class='ocrx_word' id='word_1_246' title='bbox 710 3615 827 3677; x_wconf 87' lang='lat' dir='ltr'>rubrica</span> <span class='ocrx_word' id='word_1_247' title='bbox 850 3613 946 3677; x_wconf 80' lang='grc'><strong>195.</strong></span> 
     </span>
    </p>

    <p class='ocr_par' dir='ltr' id='par_1_12' title="bbox 240 3719 1393 3889">
     <span class='ocr_line' id='line_1_32' title="bbox 329 3719 1393 3801; baseline 0.006 -20"><span class='ocrx_word' id='word_1_248' title='bbox 329 3722 360 3782; x_wconf 78' lang='lat' dir='ltr'>C.</span> <span class='ocrx_word' id='word_1_249' title='bbox 389 3719 449 3783; x_wconf 81' lang='lat'>105</span> <span class='ocrx_word' id='word_1_250' title='bbox 481 3722 576 3782; x_wconf 73' lang='lat' dir='ltr'>Ocres</span> <span class='ocrx_word' id='word_1_251' title='bbox 604 3741 645 3781; x_wconf 85' lang='lat' dir='ltr'>nc</span> <span class='ocrx_word' id='word_1_252' title='bbox 674 3722 816 3783; x_wconf 77' lang='lat' dir='ltr'>scarbiae</span> <span class='ocrx_word' id='word_1_253' title='bbox 845 3724 950 3801; x_wconf 85' lang='lat' dir='ltr'>siant]</span> <span class='ocrx_word' id='word_1_254' title='bbox 984 3727 1061 3786; x_wconf 75' lang='lat' dir='ltr'>(tues</span> <span class='ocrx_word' id='word_1_255' title='bbox 1089 3744 1128 3786; x_wconf 85' lang='lat' dir='ltr'>ae</span> <span class='ocrx_word' id='word_1_256' title='bbox 1153 3726 1285 3785; x_wconf 80' lang='lat' dir='ltr'>scabrae</span> <span class='ocrx_word' id='word_1_257' title='bbox 1308 3729 1393 3799; x_wconf 81' lang='lat' dir='ltr'>fiant</span> 
     </span>
     <span class='ocr_line' id='line_1_33' title="bbox 240 3826 572 3889; baseline -0.003 0"><span class='ocrx_word' id='word_1_258' title='bbox 240 3826 328 3889; x_wconf 76' lang='grc'>196</span> <span class='ocrx_word' id='word_1_259' title='bbox 352 3847 420 3889; x_wconf 88' lang='lat' dir='ltr'>cum</span> <span class='ocrx_word' id='word_1_260' title='bbox 445 3828 572 3889; x_wconf 89' lang='lat' dir='ltr'>rubrica.</span> 
     </span>
    </p>

    <p class='ocr_par' dir='ltr' id='par_1_13' title="bbox 240 3932 1390 4211">
     <span class='ocr_line' id='line_1_34' title="bbox 329 3932 1390 4015; baseline 0.002 -18"><span class='ocrx_word' id='word_1_261' title='bbox 329 3936 360 3997; x_wconf 77' lang='lat' dir='ltr'>C.</span> <span class='ocrx_word' id='word_1_262' title='bbox 386 3932 448 3996; x_wconf 89' lang='grc'>122</span> <span class='ocrx_word' id='word_1_263' title='bbox 481 3934 604 3995; x_wconf 90' lang='lat' dir='ltr'>Vinum</span> <span class='ocrx_word' id='word_1_264' title='bbox 637 3939 854 3997; x_wconf 85' lang='lat' dir='ltr'>concinnare</span> <span class='ocrx_word' id='word_1_265' title='bbox 888 3948 926 3998; x_wconf 90' lang='lat' dir='ltr'>nt</span> <span class='ocrx_word' id='word_1_266' title='bbox 957 3937 1074 3997; x_wconf 90' lang='lat' dir='ltr'>aluum</span> <span class='ocrx_word' id='word_1_267' title='bbox 1107 3937 1230 3998; x_wconf 91' lang='lat' dir='ltr'>bonam</span> <span class='ocrx_word' id='word_1_268' title='bbox 1260 3939 1390 4015; x_wconf 83' lang='lat' dir='ltr'>facias]</span> 
     </span>
     <span class='ocr_line' id='line_1_35' title="bbox 247 4042 1390 4125; baseline 0.004 -24"><span class='ocrx_word' id='word_1_269' title='bbox 247 4042 353 4104; x_wconf 81' lang='lat' dir='ltr'>i&#39;inum</span> <span class='ocrx_word' id='word_1_270' title='bbox 375 4046 404 4102; x_wconf 80' lang='lat' dir='ltr'>si</span> <span class='ocrx_word' id='word_1_271' title='bbox 425 4046 504 4103; x_wconf 81' lang='lat' dir='ltr'>votes</span> <span class='ocrx_word' id='word_1_272' title='bbox 527 4045 728 4125; x_wconf 68' lang='lat' dir='ltr'>coaetaneae,</span> <span class='ocrx_word' id='word_1_273' title='bbox 751 4052 784 4104; x_wconf 85' lang='lat' dir='ltr'>ut</span> <span class='ocrx_word' id='word_1_274' title='bbox 807 4048 906 4104; x_wconf 75' lang='lat' dir='ltr'>uterum</span> <span class='ocrx_word' id='word_1_275' title='bbox 929 4046 1038 4104; x_wconf 68' lang='lat' dir='ltr'>bernam</span> <span class='ocrx_word' id='word_1_276' title='bbox 1059 4044 1160 4120; x_wconf 81' lang='lat' dir='ltr'>faciut</span> <span class='ocrx_word' id='word_1_277' title='bbox 1183 4064 1208 4104; x_wconf 85' lang='lat' dir='ltr'>c.</span> <span class='ocrx_word' id='word_1_278' title='bbox 1230 4042 1294 4106; x_wconf 83' lang='lat'>114</span> <span class='ocrx_word' id='word_1_279' title='bbox 1318 4063 1390 4106; x_wconf 91' lang='lat' dir='ltr'>cum</span> 
     </span>
     <span class='ocr_line' id='line_1_36' title="bbox 240 4150 368 4211; baseline -0.008 0"><span class='ocrx_word' id='word_1_280' title='bbox 240 4150 368 4211; x_wconf 86' lang='lat' dir='ltr'>rubrica.</span> 
     </span>
    </p>

    <p class='ocr_par' dir='ltr' id='par_1_14' title="bbox 236 4254 1391 4551">
     <span class='ocr_line' id='line_1_37' title="bbox 328 4254 1391 4335; baseline 0.004 -18"><span class='ocrx_word' id='word_1_281' title='bbox 328 4256 359 4318; x_wconf 87' lang='lat' dir='ltr'>C.</span> <span class='ocrx_word' id='word_1_282' title='bbox 386 4254 448 4319; x_wconf 87' lang='grc'>128</span> <span class='ocrx_word' id='word_1_283' title='bbox 480 4258 639 4335; x_wconf 79' lang='lat' dir='ltr'>Epitprum</span> <span class='ocrx_word' id='word_1_284' title='bbox 664 4260 766 4318; x_wconf 80' lang='lat' dir='ltr'>elbum</span> <span class='ocrx_word' id='word_1_285' title='bbox 789 4261 910 4333; x_wconf 71' lang='lat' dir='ltr'>ariorum</span> <span class='ocrx_word' id='word_1_286' title='bbox 934 4262 1056 4319; x_wconf 74' lang='lat' dir='ltr'>acerrume</span> <span class='ocrx_word' id='word_1_287' title='bbox 1080 4280 1108 4334; x_wconf 75' lang='lat' dir='ltr'>q.</span> <span class='ocrx_word' id='word_1_288' title='bbox 1127 4280 1155 4320; x_wconf 85' lang='grc'>1.</span> <span class='ocrx_word' id='word_1_289' title='bbox 1175 4278 1211 4321; x_wconf 89' lang='lat' dir='ltr'>m.</span> <span class='ocrx_word' id='word_1_290' title='bbox 1236 4278 1276 4320; x_wconf 79' lang='lat' dir='ltr'>ex</span> <span class='ocrx_word' id='word_1_291' title='bbox 1297 4263 1391 4321; x_wconf 74' lang='lat' dir='ltr'>otieris</span> 
     </span>
     <span class='ocr_line' id='line_1_38' title="bbox 236 4363 1389 4444; baseline 0.003 -20"><span class='ocrx_word' id='word_1_292' title='bbox 236 4363 340 4438; x_wconf 76' lang='lat' dir='ltr'>[ocius</span> <span class='ocrx_word' id='word_1_293' title='bbox 361 4365 527 4443; x_wconf 83' lang='lat' dir='ltr'>apographa</span> <span class='ocrx_word' id='word_1_294' title='bbox 548 4374 578 4425; x_wconf 92' lang='lat' dir='ltr'>et</span> <span class='ocrx_word' id='word_1_295' title='bbox 596 4384 631 4425; x_wconf 82' lang='lat' dir='ltr'>ex</span> <span class='ocrx_word' id='word_1_296' title='bbox 651 4363 811 4444; x_wconf 73' lang='lat' dir='ltr'>archetypo</span> <span class='ocrx_word' id='word_1_297' title='bbox 833 4363 990 4426; x_wconf 86' lang='lat' dir='ltr'>Victorius.</span> <span class='ocrx_word' id='word_1_298' title='bbox 1028 4365 1232 4443; x_wconf 74' lang='lat' dir='ltr'>neglegentius</span> <span class='ocrx_word' id='word_1_299' title='bbox 1252 4376 1389 4427; x_wconf 84' lang='lat' dir='ltr'>correcta</span> 
     </span>
     <span class='ocr_line' id='line_1_39' title="bbox 238 4469 1390 4551; baseline 0.006 -22"><span class='ocrx_word' id='word_1_300' title='bbox 238 4469 366 4531; x_wconf 86' lang='lat' dir='ltr'>lectione</span> <span class='ocrx_word' id='word_1_301' title='bbox 394 4472 539 4551; x_wconf 86' lang='lat' dir='ltr'>principis</span> <span class='ocrx_word' id='word_1_302' title='bbox 567 4473 706 4532; x_wconf 89' lang='lat' dir='ltr'>editionis</span> <span class='ocrx_word' id='word_1_303' title='bbox 733 4470 897 4531; x_wconf 86' lang='lat' dir='ltr'>Politianus</span> <span class='ocrx_word' id='word_1_304' title='bbox 924 4490 951 4547; x_wconf 82' lang='lat' dir='ltr'>q.</span> <span class='ocrx_word' id='word_1_305' title='bbox 980 4491 1007 4533; x_wconf 80' lang='lat' dir='ltr'>a.</span> <span class='ocrx_word' id='word_1_306' title='bbox 1036 4491 1073 4533; x_wconf 88' lang='lat' dir='ltr'>m.</span> <span class='ocrx_word' id='word_1_307' title='bbox 1102 4492 1142 4534; x_wconf 79' lang='lat' dir='ltr'>ec</span> <span class='ocrx_word' id='word_1_308' title='bbox 1169 4477 1258 4535; x_wconf 79' lang='lat' dir='ltr'>olicis</span> <span class='ocrx_word' id='word_1_309' title='bbox 1283 4474 1390 4549; x_wconf 75' lang='lat' dir='ltr'>[acies</span> 
     </span>
    </p>
   </div>
   <div class='ocr_carea' id='block_1_3' title="bbox 0 0 1442 4994">
    <p class='ocr_par' dir='ltr' id='par_1_15' title="bbox 0 0 1442 4994">
     <span class='ocr_line' id='line_1_40' title="bbox 0 0 1442 4994; baseline 0 1"><span class='ocrx_word' id='word_1_310' title='bbox 0 0 1442 4994; x_wconf 95' lang='lat' dir='ltr'> </span> 
     </span>
    </p>
   </div>
  </div>
 </body>
</html>
