2874 4994
151 308 216 372 226
493 317 683 374 ΟΟΜΜΕΝΤ.
702 318 743 373 IN
760 317 950 374 VARRONIS

155 470 245 549 dedit,
269 470 381 550 reliqua
406 490 441 532 ex
464 471 567 532 Aldina
592 473 721 534 editione
745 473 896 554 repetiri13
923 488 996 534 cunr
1016 477 1049 535 et
1066 470 1158 533 etna
1175 472 1253 534 1111111

152 585 198 638 est
211 576 371 639 Gesnerus.
395 586 456 640 tam
475 587 505 640 et
522 581 615 641 oblita
630 582 740 641 labnlr's
751 582 852 657 pictis,
869 596 928 641 neo
945 580 1048 640 minus
1064 578 1257 654 messae
1287 632 1289 636 .

150 702 192 744 an
210 701 276 745 tneo
296 688 455 760 nestipinns
469 687 523 747 ndi
539 689 579 747 sit
592 690 706 747 nullam
721 687 849 764 Lysippi
863 693 919 747 aut
932 684 1085 763 Antiphili
1097 681 1259 747 sundere

150 808 183 851 ex
216 793 387 852 coniectura
416 791 599 852 Pontederae
633 812 661 872 p.
680 789 754 854 447.
800 799 835 853 ot
864 795 896 853 in
928 807 999 853 ntea
1028 792 1184 867 nestum
1206 792 1263 867 eiii

150 897 275 974 Lysippi
296 906 350 960 aut
370 900 536 975 Antiphili?
558 902 614 960 sed
636 901 748 960 crebra
771 898 934 977 Madvigius
956 895 1076 959 advers.
1095 915 1120 957 r.
1138 893 1164 958 U
1179 893 1266 978 pltt.

149 1004 301 1084 archetypi
320 1007 499 1083 scripturam
520 1008 550 1065 in
569 1005 649 1066 hunc
669 1005 789 1066 modum
808 1004 971 1088 emendavi,
988 1006 1267 1082 sunrptueeiorqm

148 1128 250 1172 amnes
268 1115 399 1172 omniurn
419 1115 580 1173 universae
599 1113 771 1174 Reatinae?
794 1119 848 1173 tna
866 1114 946 1173 enirn
964 1111 1062 1173 oblita
1080 1112 1190 1173 tabulis
1200 1113 1269 1188 pictis

148 1237 205 1279 nec
228 1221 326 1279 minus
348 1221 461 1294 ripam
484 1228 517 1279 ot
538 1236 614 1294 mea,
638 1221 796 1294 oestipinrn
818 1220 873 1280 nii
893 1219 934 1279 sit
955 1220 1075 1279 nnllnm
1096 1216 1216 1296 lysippi
1232 1225 1270 1279 cel

148 1325 303 1404 Antiphili,
327 1333 360 1385 at
382 1327 494 1386 crebra
517 1329 647 1387 sartoris
671 1332 700 1386 et
718 1328 862 1404 pastoris.
898 1341 966 1385 nam
990 1325 1021 1385 iu
1045 1323 1104 1386 hac
1125 1324 1208 1402 copia
1222 1339 1269 1384 rar

148 1429 269 1512 borum,
293 1450 393 1493 omnes
416 1435 548 1493 omniurn
570 1436 734 1494 universae
756 1431 922 1508 Reatinae,
945 1447 1005 1491 non
1029 1431 1124 1510 magis
1147 1429 1272 1492 offedmre

151 1537 298 1598 debebant
322 1537 460 1620 editores,
480 1557 568 1618 quam
593 1541 621 1599 in
642 1538 785 1599 brevitate
811 1537 937 1619 dicendi,
956 1538 1052 1598 oblita
1076 1537 1187 1598 tabulis
1204 1539 1272 1614 pion

149 1662 208 1706 nec
235 1647 334 1706 mines
363 1648 468 1721 sipnis.
514 1644 580 1705 villa
610 1644 727 1726 publica
756 1644 864 1706 tabulis
893 1646 981 1723 pictis
1010 1651 1041 1705 el
1070 1644 1164 1723 signis
1188 1645 1273 1704 relecta

149 1759 207 1833 est,
231 1761 335 1813 contra
357 1752 424 1813 lxii
451 1751 517 1812 villa
546 1753 585 1813 ita
614 1752 760 1813 instructa
784 1759 843 1832 est,
867 1749 1004 1812 utnulla
1034 1751 1097 1811 sint
1123 1767 1272 1829 graeeomn

149 1858 296 1919 artilleum
326 1860 461 1940 vestigia,
485 1859 536 1920 sed
566 1859 690 1938 plurima
719 1859 901 1920 rusticorum
930 1857 1096 1919 homiuum.
1143 1858 1272 1936 Antipllis

152 1963 284 2045 Scaliger
307 1975 336 2026 et
361 1965 486 2028 Ursinus
510 1965 721 2046 probaverunt,
744 1965 894 2042 Antiphili
915 1965 1033 2045 scripsi.
1072 1981 1141 2025 nam
1162 1980 1272 2044 graecia

148 2073 388 2133 terminationem
412 2074 443 2133 in
467 2075 602 2152 genetivo
626 2091 641 2132 a
666 2071 796 2132 Varrone
826 2070 984 2131 admissam
1008 2089 1077 2142 eme
1106 2087 1169 2132 nen
1189 2069 1273 2130 iurat

148 2181 327 2239 nominativo
352 2198 421 2240 casu
446 2181 476 2240 in
501 2179 661 2259 archetypo
685 2179 796 2258 scripta
823 2188 908 2239 erant
928 2176 1017 2260 haec,
1041 2175 1055 2237 1
1075 2176 1104 2260 1,
1119 2173 1141 2239 8
1159 2177 1272 2238 milen
1314 2176 1316 2188 ’

147 2287 220 2346 droa
243 2292 273 2345 et
296 2285 440 2365 Rhodias,
465 2283 493 2366 1,
512 2281 532 2347 9
556 2286 726 2363 dionysios,
750 2281 780 2365 9,
800 2281 818 2346 ‘l
844 2284 1007 2364 Bitltpnes,
1028 2280 1085 2365 40,
1105 2281 1124 2346 1
1145 2285 1272 2361 plepsieae,
1314 2363 1316 2385 Ι

144 2388 262 2471 115,4
287 2393 506 2469 Peloponnesos
535 2400 562 2452 et
588 2393 791 2468 Homoppros,
813 2390 852 2451 lll
875 2388 943 2471 1,2
971 2391 1106 2468 Opppos',
1130 2389 1273 2451 accuratim
1313 2427 1316 2456 2

147 2497 173 2558 ll
193 2495 221 2571 6,
241 2495 262 2559 2
285 2499 429 2584 illudne,
453 2495 603 2580 11116,1
633 2499 791 2579 Olympon,
814 2499 886 2559 item
911 2492 1065 2578 114,10;
1091 2494 1132 2557 11
1158 2499 1274 2565 elenen
1314 2553 1316 2566 ,

147 2600 177 2686 5,
196 2600 218 2665 4
242 2606 376 2683 dnspcon
401 2614 431 2665 et
454 2607 594 2678 halimon,
618 2601 739 2680 1u1,3
763 2608 970 2681 cataclysmon
989 2612 1020 2664 et
1039 2601 1150 2683 plurali
1174 2617 1274 2664 numero
1314 2587 1316 2669 ἶ

147 2707 231 2784 151,
251 2707 281 2771 2.
304 2708 379 2773 163
402 2715 493 2785 siras,
517 2710 556 2772 lll
579 2708 627 2792 16,
647 2709 668 2774 3
691 2714 898 2786 laetitiaeque,⁸
920 2712 952 2771 in
971 2718 1083 2772 neutro
1101 2727 1211 2789 genere
1226 2705 1274 2788 plu·

148 2817 222 2876 rima
241 2818 470 2877 constantiiere
490 2836 557 2898 usu,
576 2825 610 2878 ut
628 2819 871 2879 arnitltabosoion
890 2826 920 2878 et
935 2816 1014 2878 talia
1027 2825 1150 2896 praeter
1168 2833 1200 2877 ea
1217 2830 1274 2894 qun
1314 2825 1316 2831 ¹

146 2922 177 2982 in
207 2940 394 2983 communem
429 2941 515 2984 usum
548 2933 668 3003 recepta
700 2931 798 3004 erant,
827 2917 955 3002 1115,9
983 2938 1136 3002 nimenta,
1168 2919 1208 2982 lll
1222 2917 1274 3001 5,1

143 3032 335 3105 peristylum,
365 3028 403 3091 ib.
426 3028 463 3090 ll
494 3033 666 3111 epistylium,
694 3029 746 3090 sed
774 3028 800 3090 ll
823 3029 914 3111 prael.
934 3025 955 3089 2
976 3031 1163 3106 perntpton,
1193 3035 1275 3088 contra

146 3131 291 3215 1115,ss
312 3138 575 3213 hemisphaerium,
601 3133 684 3218 10,1
710 3138 904 3213 ampliatum,
927 3131 1012 3215 13‚2
1036 3136 1276 3213 literatrnpliun;

146 3243 216 3302 item
242 3240 356 3323 111,2
380 3245 545 3305 historicon
569 3253 599 3303 et
623 3240 969 3324 undamentum
993 3242 1168 3304 interiens.

235 3348 318 3409 Cum
342 3348 429 3409 uilla
454 3368 523 3410 non
547 3351 594 3410 sit
618 3351 694 3409 sine
726 3349 835 3411 iundo
858 3345 997 3427 magno]
1026 3348 1102 3410 Cum
1130 3352 1205 3411 nilla
1223 3346 1276 3425 ln,

144 3473 212 3516 cnm
236 3458 289 3516 illa
313 3454 479 3534 apographa
503 3453 657 3535 Italorum,
687 3472 755 3517 enm
778 3464 789 3516 i
813 3457 865 3516 illo
893 3455 985 3515 editio
1008 3455 1154 3534 princeps
1181 3451 1275 3515 arus

143 3563 223 3621 tiano
257 3579 315 3620 aon
348 3570 490 3622 correcta.
536 3581 604 3623 cem
637 3565 711 3622 nilla
744 3560 840 3622 deleta
877 3579 897 3621 n
930 3559 1029 3634 littera
1067 3563 1098 3622 iu
1134 3559 1275 3639 anuenpo

143 3665 235 3725 luisse
252 3665 375 3727 ridetur.
395 3685 463 3729 cnm
477 3671 548 3728 oilla
558 3668 719 3751 ineundus,
729 3684 818 3747 quem
833 3667 941 3746 reliqui
955 3666 1089 3728 editores
1103 3669 1200 3729 menti
1211 3673 1275 3727 sunt

144 3789 246 3831 versum
262 3790 328 3833 esse
343 3792 411 3835 enm
432 3777 484 3836 illa
498 3773 624 3835 Ursinus
640 3774 719 3835 vidit.
757 3781 879 3854 apparet
898 3775 978 3833 enim
997 3773 1035 3834 de
1050 3773 1119 3835 dxii
1138 3773 1200 3835 uilla
1216 3772 1274 3833 haec

144 3876 211 3958 diei,
226 3897 283 3939 non
299 3879 335 3940 de
351 3883 431 3942 omrai
447 3880 521 3961 villa,
536 3884 620 3960 quasi
635 3884 699 3942 sine
719 3898 825 3960 magno
841 3879 932 3941 iundo
948 3878 1014 3940 villa
1030 3897 1098 3941 esse
1115 3899 1173 3942 non
1188 3879 1273 3960 possit

102 3985 108 3998 '
232 3982 250 4045 'l
285 3985 529 4065 Quadraginta
557 3986 722 4066 milibus]
752 3989 993 4062 Quaartnpenn's
1019 3989 1145 4049 milibus
1167 3985 1273 4048 Ursinus

141 4089 171 4148 in
191 4087 272 4149 Varr.
292 4088 317 4148 11
339 4088 424 4168 1,14
448 4110 482 4151 ex
507 4091 601 4153 Plinio
623 4092 684 4153 Vlll
706 4090 768 4155 161
792 4096 913 4154 asinam
940 4093 1047 4154 0000
1067 4095 1187 4156 milibus
1203 4107 1272 4152 nntr-

141 4211 220 4253 mmn
244 4200 372 4269 emptum
401 4198 432 4269 Q.
456 4199 537 4259 Axio
560 4203 698 4261 senatori
719 4206 829 4262 auctor
852 4206 897 4260 est
920 4199 962 4259 M.
984 4199 1097 4274 Varro,
1119 4201 1204 4262 nand
1219 4198 1272 4257 scio

141 4316 183 4356 an
212 4301 342 4357 omniun
366 4305 467 4375 pretio
499 4307 676 4366 animalium
708 4309 795 4366 victe.
841 4305 939 4365 errori
971 4305 1075 4385 potius
1102 4304 1188 4367 Plinii
1215 4318 1270 4363 eun

142 4419 299 4463 numerum
324 4405 513 4469 tribuendum
538 4428 604 4472 esse
628 4412 688 4473 dixi
712 4411 737 4472 ll
757 4409 835 4494 8,,3.
