2874 4994
367 331 415 385 ou
435 329 525 386 rom
544 330 717 387 cunnum
735 333 877 389 menum
895 334 924 390 o.
945 333 986 389 23
1206 325 1246 392 51

99 483 233 547 libram
256 486 291 546 in
315 485 484 564 culleum]
506 487 669 564 Defrutum
693 491 789 549 indito
812 492 843 550 in
867 497 1003 564 mustum,
1027 493 1141 551 cineris
1164 494 1253 552 liuiui

101 597 188 656 cocti
200 601 322 671 partem
342 596 609 669 quadruqesimam
628 597 732 657 addito
751 594 869 670 defruti
885 600 932 657 uel
948 601 1022 657 salis
1039 600 1250 672 sesquilibram

104 705 139 762 in
159 705 289 763 culleum
310 703 407 762 indito
425 699 537 761 Merula
561 719 596 761 ex
618 700 712 761 Plinio
732 698 884 763 xiv129.
922 702 1076 779 defrutum
1100 708 1195 766 indito
1218 709 1251 766 iu

104 816 250 883 mustum,
279 811 392 869 ciaerr's
420 811 509 869 liuiui
535 811 616 870 cocti
637 816 758 885 partem
782 812 1049 885 quadraqesimam
1073 814 1178 872 addito
1200 814 1250 873 de·

44 896 47 901 ’
98 913 189 992 fruto
212 919 261 977 uel
280 913 355 976 salis
377 918 590 991 sesquilibram
613 919 644 976 in
668 919 797 977 culleum
819 915 1029 979 Schneiderns.
1076 936 1180 996 parum
1205 937 1250 979 ac·

101 1031 206 1083 curato
235 1030 333 1083 nutem
361 1021 476 1083 Plinius
503 1021 520 1083 l.
545 1041 584 1102 c.,
612 1040 700 1101 quem
728 1021 840 1083 Merula
869 1031 898 1085 et
927 1023 1128 1086 Schneiderus
1155 1029 1251 1088 secuti

103 1137 187 1211 sunt,
209 1137 366 1209 praecepta
386 1128 505 1190 Catonis
528 1128 643 1190 rettulit
666 1139 696 1190 et
714 1148 781 1191 oum
800 1132 838 1191 iis
857 1149 932 1210 quae
951 1140 1053 1210 posteo
1072 1151 1097 1193 c.
1115 1131 1252 1214 104sqq.

101 1235 141 1296 dc
163 1238 254 1296 variis
276 1235 436 1315 generibus
460 1238 521 1296 vini
545 1238 769 1316 praecipiuntur
793 1240 956 1320 coniunxit,
983 1240 1056 1301 dato
1080 1244 1163 1302 iubet
1179 1247 1251 1303 uina

103 1346 291 1404 concinnari
317 1345 390 1416 (iture
415 1347 494 1404 enim
521 1346 619 1404 utitur
646 1346 751 1418 uerbo)
780 1348 894 1406 cineris
921 1348 1009 1406 liuiui
1035 1365 1103 1408 cum
1129 1348 1251 1424 defruto

104 1453 189 1510 coeti
206 1456 300 1526 parte
319 1452 557 1526 quadraqesima
581 1454 612 1510 in
632 1455 761 1512 culleum
785 1452 1099 1528 (quadrinqentesima
1123 1460 1252 1517 culleum

102 1551 240 1634 codices)
263 1560 310 1617 oet
329 1560 403 1617 salis
426 1560 608 1633 sesquilibra
633 1561 754 1619 iuterim
776 1566 806 1620 et
828 1567 895 1621 tuso
918 1578 1079 1623 marmore.
1119 1563 1201 1639 facit
1222 1570 1252 1625 et

100 1666 239 1740 sulpuris
268 1667 459 1746 mentionem,
491 1668 614 1726 resinae
644 1683 715 1726 uero
745 1668 775 1726 in
803 1670 979 1728 nouissimis.
1029 1688 1122 1747 super
1149 1675 1250 1731 omnia

101 1772 180 1830 addi
206 1777 430 1833 maturescente
457 1774 518 1832 iam
546 1775 615 1833 uiuo
643 1774 727 1833 iubet
752 1781 893 1849 mustum,
924 1778 1007 1851 quod
1033 1779 1083 1837 ille
1109 1781 1251 1838 tortivum

101 1881 246 1955 appellm,
268 1896 323 1939 uos
346 1882 545 1955 iutelleqimus
567 1882 727 1940 nouissime
749 1898 934 1957 cupressum.
972 1901 1039 1943 nam
1063 1887 1252 1945 concinnare

101 1983 160 2045 hoc
187 1983 253 2045 loco
281 1984 352 2045 Cato
381 2003 439 2045 non
468 1984 556 2064 dixit,
584 1984 645 2045 sed.
673 2004 698 2046 c.
726 1983 796 2047 106.
826 1984 899 2048 114.
926 1984 997 2050 115.
1023 1986 1095 2050 122.
1141 1992 1251 2051 cineris

101 2099 203 2153 autem
223 2091 304 2152 lixivi
326 2099 357 2152 et
376 2089 507 2171 sulpuris
530 2093 561 2152 in
581 2094 649 2153 vino
668 2092 874 2153 concinnando
893 2097 1004 2154 mentio
1023 2095 1099 2155 iacta
1118 2114 1177 2155 non
1197 2105 1251 2177 est,

101 2199 155 2260 scd
180 2196 286 2278 sulpur
309 2215 367 2258 una
391 2216 460 2258 crim
483 2200 581 2259 resina
601 2197 673 2258 Cato
692 2195 777 2278 39,1
803 2201 833 2260 in
858 2200 1080 2261 medicamentis
1104 2201 1250 2262 doliorum

102 2305 269 2386 appellavit,
293 2306 424 2366 cinerem
448 2303 569 2367 lixivam
592 2306 657 2384 ipse
676 2304 791 2366 Plinius
811 2305 861 2364 XV
880 2303 921 2367 67
948 2309 976 2366 in
1001 2308 1066 2366 uvis
1088 2308 1251 2369 condendis

101 2413 354 2474 commemorarit
386 2419 518 2473 mustum
532 2411 654 2472 lixirum
671 2411 740 2491 qnid
757 2413 805 2493 sit,
825 2412 952 2490 explicat
966 2411 1125 2474 Columella
1140 2413 1194 2473 Xll
1208 2411 1249 2475 27

99 2528 232 2582 mustum
255 2521 394 2599 tricinum,
422 2520 559 2594 locust,
587 2527 749 2594 autequam
770 2522 857 2596 prelo
877 2537 1017 2596 pressum
1039 2523 1091 2594 sit,
1115 2524 1198 2596 quod
1219 2525 1250 2581 in

99 2630 202 2688 laeum
232 2629 324 2687 musti
345 2628 489 2706 fluxerit,
523 2631 635 2698 tollito;
666 2625 705 2686 ih.
733 2623 774 2686 41
804 2633 933 2686 mustum
960 2628 1086 2687 licinum
1114 2629 1153 2688 de
1180 2631 1251 2689 lacu

98 2737 204 2795 statim
222 2736 325 2794 tollito.
358 2735 415 2794 boe
436 2740 536 2794 autem
556 2737 616 2794 erit
629 2735 712 2809 quod
724 2735 929 2806 destillaverit,
949 2740 1112 2808 autequam
1126 2737 1251 2794 nimium

101 2844 242 2903 calcetur
259 2858 329 2901 uua.
365 2838 517 2898 deiculum
536 2857 552 2899 a
572 2837 751 2899 delemendo
770 2838 883 2900 dictum
902 2847 962 2900 est:
985 2838 1059 2900 Non.
1079 2857 1107 2917 p.
1121 2835 1249 2918 551,19

109 2948 209 3010 Varro
233 2949 272 3008 de
295 2949 357 3007 uita
376 2949 484 3023 populi
501 2947 635 3007 Romani
655 2948 705 3007 lib.
725 2947 745 3005 Ι
766 2939 883 3023 ‘sapam
901 2947 1096 3023 appellabant
1114 2949 1196 3020 quod
1214 2948 1252 3006 de

101 3061 200 3116 musto
228 3057 273 3115 ad
297 3055 427 3114 audiam
448 3060 569 3130 partem
593 3055 795 3133 decoxerant,
824 3052 992 3133 defrutum,
1019 3056 1048 3112 si
1069 3071 1109 3113 ex
1132 3053 1252 3113 duabus

98 3163 244 3239 portibus
267 3163 311 3221 ad
332 3162 454 3221 tertium
476 3163 664 3236 redeqerant
686 3153 979 3238 defervefaciendo',
1003 3157 1054 3218 nbi
1078 3157 1251 3233 defructum

101 3270 134 3328 in
158 3265 371 3346 Bambcrgensi
399 3264 501 3327 codice
529 3269 674 3345 scriptum
701 3275 760 3347 est,
788 3264 939 3341 defretum
961 3266 992 3324 in
1017 3262 1152 3345 reliquis,
1180 3264 1251 3324 iiior.

101 3373 245 3436 victorin.
264 3391 293 3453 p.
312 3370 423 3455 24,15
442 3377 473 3434 in
493 3373 616 3449 defruto
635 3377 752 3451 apicem
771 3375 925 3433 secundae
942 3373 1080 3448 syllabae
1098 3373 1251 3447 imponere

102 3483 232 3544 debetis:
260 3498 330 3542 nam
353 3499 373 3542 a
397 3478 583 3556 defervendo
607 3488 637 3541 et
659 3482 852 3555 decoquendo
873 3482 911 3551 fit
932 3482 1001 3551 tale,
1029 3481 1076 3538 oet
1097 3479 1180 3552 quod
1201 3481 1250 3538 de-

95 3587 247 3663 frudetur
279 3595 407 3649 coctura
440 3593 470 3648 et
498 3591 664 3648 minuatur.
715 3585 792 3666 apud
821 3584 962 3645 Catonem
991 3586 1156 3664 posteriore
1185 3583 1250 3645 loco

99 3694 211 3773 defriti
237 3697 383 3775 scriptum
410 3703 475 3756 erat
501 3697 532 3754 in
561 3693 736 3775 archetypo,
769 3692 820 3753 sed
849 3694 950 3771 priore
978 3691 1147 3773 defrutum,
1179 3693 1250 3751 item

97 3812 203 3884 postea
228 3802 378 3864 indideris
401 3801 565 3878 defrutum,
589 3797 658 3881 7,4
682 3804 714 3862 in
738 3800 892 3872 defrutum
916 3802 1047 3873 condito,
1071 3796 1115 3860 24
1135 3797 1252 3874 defruti

98 3913 212 3973 ueteris
249 3917 279 3970 et
310 3916 431 3987 partem
464 3911 649 3970 tricesimam
681 3906 805 3983 defruti.
860 3906 1011 3966 inferioris
1044 3906 1149 3965 aetatis
1181 3913 1252 3965 sunt

97 4015 248 4094 defritum
279 4022 309 4077 et
341 4015 505 4096 defretum,
538 4032 613 4094 quae
645 4016 676 4074 in
709 4012 816 4093 glossis
848 4012 948 4073 latinis
975 4019 1005 4072 ct
1031 4010 1251 4090 graeco-latinis

97 4123 243 4204 leguntur
274 4141 362 4203 saepe
394 4132 425 4184 et
455 4125 487 4183 in
519 4121 604 4182 libris
631 4139 721 4182 manu
750 4121 870 4199 seriptis
898 4119 985 4179 Nonii
1008 4118 1025 4180 l.
1045 4136 1070 4179 c.
1098 4118 1135 4177 de
1163 4118 1251 4177 variis

97 4230 238 4293 vocabuli
261 4230 365 4291 formis
382 4228 555 4309 Hilbergius
578 4230 609 4289 in
633 4226 787 4289 annalibus
809 4244 939 4307 gymnas.
959 4226 1104 4286 lustrico.
1123 4244 1148 4285 e.
1167 4220 1249 4285 1817

96 4336 191 4420 1237
216 4337 388 4416 disputavit.

190 4444 211 4509 3
236 4444 272 4505 ld
298 4443 413 4506 indito
437 4446 472 4506 in
496 4442 650 4522 doleum]
674 4444 799 4505 Doleum
823 4449 853 4502 et
876 4439 984 4501 deinde
1007 4444 1039 4502 iu
1059 4442 1144 4502 doleo
1162 4440 1254 4500 musti

1001 4542 1038 4595 4*
