2874 4994
146 333 207 398 148
486 340 677 396 COMMENT.
696 340 736 394 IN
754 338 941 395 VARRONIS

143 499 226 557 item
254 515 319 576 quo
348 514 502 575 corpore
531 495 656 574 aegro]
687 497 840 557 lnclcales
863 494 1011 556 Victorius
1040 493 1106 555 coll.
1124 492 1264 556 Pontem

144 603 222 665 Fest.
242 622 269 682 p.
290 600 340 685 97,
356 600 398 665 15
422 606 538 664 inciens
554 607 730 679 propinqua
746 605 862 679 partui,
885 604 968 677 qnod
985 604 1132 663 incitatas
1149 602 1186 661 sit
1198 598 1264 676 {aas
1318 634 1323 651 ·

144 714 216 771 eius.
257 718 410 789 practerea
445 728 524 784 quae
557 727 688 786 corpore
717 727 812 784 aepro
839 710 955 789 scripsi.
996 725 1064 787 nam
1098 724 1156 768 non
1183 706 1265 767 mtto
1319 682 1323 697 ¹

143 819 318 896 pronomine
341 834 471 893 corpore
494 834 588 890 aepro
612 815 672 875 dici
697 834 756 876 non
780 817 889 897 potuit,
918 822 949 876 et
975 814 1082 875 iisdem
1110 814 1213 893 saeptis
1230 814 1266 874 iu

144 922 305 984 cluduntur
328 925 474 984 incientes
498 941 567 981 oves
593 929 622 981 et
645 940 721 999 quae
745 940 833 1001 aegro
857 939 983 1001 corpore
1007 928 1087 982 sunt

232 1027 251 1091 9
286 1029 420 1091 Contra
443 1028 505 1089 ille
528 1031 565 1088 in
584 1028 738 1090 saltibus
757 1047 846 1108 quae
864 1037 1065 1109 pascuntur
1089 1037 1123 1089 et
1140 1046 1156 1088 a
1174 1030 1267 1089 tectis

144 1137 273 1199 absunt
296 1136 398 1216 longe
423 1144 570 1215 portant
593 1154 712 1197 secum
736 1134 873 1214 grates]
902 1137 1015 1197 Contra
1039 1138 1111 1196 illae
1128 1132 1268 1215 Victorius,

143 1252 252 1306 eontra
277 1248 321 1305 itti
342 1244 521 1305 insultibus
544 1247 598 1318 qui
612 1251 744 1319 pascunt
764 1241 898 1317 Ursinus,
919 1248 1028 1304 contra
1046 1244 1093 1303 illi
1110 1242 1270 1303 insedibus

143 1355 197 1428 qai
210 1358 383 1428 pascuntur
402 1350 612 1410 Schneiderus.
651 1349 688 1409 de
703 1348 808 1409 ovibus
826 1349 899 1410 haec
918 1349 985 1428 dici,
1004 1366 1064 1409 non
1082 1347 1120 1409 de
1137 1345 1270 1428 gregrem

144 1466 274 1538 apparet,
297 1457 403 1518 deinde
427 1455 464 1517 de
486 1455 656 1535 pastoribus
676 1463 803 1532 portant
825 1473 927 1517 secam
947 1463 1057 1531 crates,
1082 1461 1193 1516 mutato
1213 1462 1269 1534 post

144 1564 297 1625 relativum
322 1581 485 1644 pronomen
510 1562 644 1624 subiecto
668 1563 766 1644 verbi,
790 1563 818 1623 h.
838 1581 863 1623 e.
887 1565 917 1623 in
941 1562 999 1623 illis
1022 1561 1138 1643 ovibus,
1160 1562 1269 1640 quaein

144 1670 268 1732 saltibus
291 1679 463 1751 pascuntur,
485 1678 605 1749 portant
629 1688 730 1730 secum
755 1678 863 1730 crates.
903 1672 990 1731 cuius
1012 1672 1132 1750 generis
1154 1666 1268 1747 exempla

144 1777 211 1839 dedi
230 1777 243 1836 1
260 1775 357 1859 414.

235 1882 275 1946 10
307 1883 349 1946 Ut
371 1886 491 1963 iugum
511 1886 675 1944 continet
699 1882 895 1962 sirpiculos
918 1886 971 1944 sio
989 1883 1102 1944 calles
1119 1881 1265 1964 publicae

59 1983 62 1989 ’
144 1993 324 2053 distantes
348 1989 552 2071 pastiones]
575 1991 670 2051 Colles
685 1991 830 2067 publicae
848 1989 970 2069 Merula,
993 1987 1045 2050 ubi
1059 1992 1182 2068 publice
1201 1987 1264 2049 dedit

143 2098 309 2180 iucundus,
341 2103 434 2159 calles
467 2117 501 2157 ex
535 2097 637 2158 codice
667 2095 815 2157 Victorius
848 2098 992 2172 restituit,
1025 2100 1118 2158 calles
1144 2097 1261 2174 pobleto

144 2205 284 2284 Scaliger.
323 2204 487 2266 masculino
511 2222 620 2284 genere
645 2202 733 2268 calles
757 2203 831 2264 dixit
854 2202 945 2263 Varro
964 2202 990 2262 11
1011 2199 1099 2286 9,16
1122 2206 1208 2265 calles
1224 2205 1258 2261 sd·

143 2320 255 2374 oestres
278 2316 466 2388 lonqinqoos.

232 2419 372 2500 Eaeque
400 2419 451 2480 ibi
479 2417 540 2479 ubi
563 2426 764 2498 pascuntur
792 2420 827 2479 in
855 2417 977 2478 eadem
999 2418 1148 2497 regione
1171 2425 1254 2476 tamer

144 2525 368 2606 temporibus
393 2525 604 2605 distingunt
625 2536 663 2586 ut
689 2531 826 2586 aestate
851 2523 943 2604 quod
968 2525 1176 2602 cumprime
1200 2520 1256 2582 loce

146 2643 278 2693 exeunt
303 2630 454 2712 pastum]
480 2633 601 2707 Easque
624 2634 669 2693 ibi
684 2665 722 2674 —
744 2635 921 2707 destinasset,
943 2638 979 2691 at
996 2638 1112 2693 aestate
1130 2629 1259 2690 Gesnerus.

144 2749 212 2817 post
241 2736 380 2798 Varronis
417 2738 683 2817 interpellationem
717 2740 833 2800 Atticus
865 2739 895 2798 in
927 2739 1063 2798 instituta
1091 2736 1260 2816 disputabo

149 2847 188 2905 ita
213 2846 325 2925 pergit,
348 2853 383 2904 ut
405 2845 439 2904 ad
465 2863 597 2925 eaquae
624 2846 660 2906 de
688 2846 857 2906 diversitate
886 2844 1019 2906 locorum
1046 2845 1077 2904 in
1104 2842 1221 2904 bibernis
1235 2845 1267 2896 et

146 2952 268 3011 aestivis
292 2951 477 3030 pastionibus
501 2954 564 3031 ipse
594 2953 708 3014 dixerat
736 2954 898 3013 orationem
927 2949 1130 3012 accommodet
1154 2948 1270 3010 inbono

145 3058 274 3139 modom,
301 3077 415 3135 eaeque
439 3054 620 3141 (pastiones)
644 3063 696 3134 ibi,
718 3061 773 3120 abi
786 3068 959 3137 pascantur
983 3057 1276 3131 incameratae,

143 3173 243 3227 tamen
279 3167 465 3242 temporibus
493 3170 714 3247 destineantur,
747 3174 862 3228 aestate
888 3168 971 3241 quod
997 3182 1065 3226 cam
1092 3167 1190 3242 prima
1210 3164 1280 3220 loce

146 3283 259 3334 exeant
280 3282 409 3349 pastum.
448 3276 574 3335 aestivae
599 3284 628 3334 et
651 3274 793 3335 hibernae
816 3275 975 3353 pastiones,
998 3274 1114 3333 etiamsi
1137 3273 1165 3332 in
1183 3265 1281 3330 eedem

146 3381 267 3459 regione
283 3398 388 3459 greges
408 3391 581 3461 pascuntur,
600 3391 698 3441 tamen
720 3380 903 3460 temporibus
921 3380 1153 3460 distinguuntur,
1169 3381 1283 3458 proplss‘

143 3505 191 3546 rea
221 3469 299 3566 quod
329 3486 414 3547 aliter
444 3488 519 3549 dunt
551 3497 676 3568 aestate,
705 3489 789 3550 aliter
812 3488 937 3549 hiberno
966 3506 999 3548 ac
1028 3505 1121 3548 verno
1148 3494 1278 3564 tempore-

143 3613 197 3654 eae
221 3611 338 3668 auoque
361 3593 431 3654 olim
455 3597 652 3673 conieceram,
675 3613 734 3673 quo
758 3595 873 3655 facilior
903 3596 989 3655 tieret
1011 3595 1157 3655 transitus
1178 3610 1192 3653 a
1210 3585 1270 3646 lu‘

142 3701 223 3759 renis
246 3699 482 3780 interpellatione
507 3700 542 3760 ad
568 3702 659 3761 Attici
683 3719 859 3762 sermonem.

231 3806 317 3867 Puto
342 3806 569 3887 propellunt]
595 3810 702 3869 Potum
722 3814 896 3886 propellant
927 3828 961 3869 er
987 3809 1160 3869 coniectura
1181 3805 1259 3865 Ponte

68 3943 69 3946 κ
142 3911 230 3972 derne
254 3913 456 3974 Schneiderus
480 3913 581 3974 edidit.
620 3914 781 3976 Varronem
807 3924 928 3977 secutus
952 3923 998 3976 est
1022 3913 1170 3994 Vergilius
1187 3926 1265 3992 georg.

140 4017 273 4100 111321,
297 4021 377 4081 harno
401 4020 560 4082 Columella
581 4018 748 4103 v113‚23.

232 4125 270 4188 11
306 4126 376 4185 Sub
405 4126 627 4188 umbriferos
656 4146 763 4208 rupes
792 4137 827 4188 et
855 4127 1004 4189 arbores
1031 4127 1180 4208 putulas
1206 4125 1273 4189 sub-

141 4235 257 4292 iciunt
276 4232 388 4309 quaad
407 4235 632 4312 refrigerato
652 4254 733 4295 aere
753 4236 966 4312 uespertino
985 4252 1119 4296 rursus
1137 4244 1279 4317 pascunt

141 4337 181 4396 ad
206 4337 293 4397 solis
317 4339 505 4417 occasum]
531 4343 659 4401 Patulus
681 4344 855 4420 subiiciunt,
879 4344 983 4416 quoad
1003 4339 1198 4418 refrigerato
1220 4361 1284 4404 aere

142 4448 309 4519 vespertino
333 4465 442 4506 euersos
468 4455 601 4522 pascant
630 4447 750 4509 Merula.
792 4452 896 4524 quoad
922 4447 1139 4525 resriperator
1167 4470 1237 4525 aer,
1263 4459 1288 4511 et
