2874 4994
239 346 303 412 136
581 354 773 410 COMMENT.
791 355 832 409 IN
850 354 1037 411 VARRONIS

238 517 285 571 est
313 512 439 590 repetito
467 511 656 591 pronomine,
683 512 762 571 siout
791 517 893 589 postea
919 518 954 572 stt
981 509 1027 572 bis
1054 510 1185 591 positum
1210 521 1261 573 est.
1291 510 1337 573 oin
1404 524 1427 563 *a

237 620 320 693 quod
341 615 514 678 dolerenam.

327 723 369 785 Ut
392 725 490 803 argis
513 733 636 784 atreus
660 741 761 802 quarn
790 722 861 784 sibi
885 723 1046 785 tiriesten
1075 720 1237 785 subdere
1258 726 1340 803 queri·
1423 772 1427 777 .

239 838 298 892 tur
321 838 359 891 ui
390 831 424 891 in
449 829 614 891 colchide
643 828 773 906 aetam]
798 830 838 890 Et
860 833 892 891 in
918 830 1060 892 Colchide
1086 831 1164 892 Oeta
1185 828 1293 891 Mennis
1322 840 1342 890 rt

239 940 331 1012 Arpis
359 938 483 1012 Atreus,
513 955 607 1014 paam
634 941 695 999 sibi
724 938 871 1015 Thyesten
899 937 1081 998 subduxisse
1106 938 1260 1012 puerdar,
1280 938 1344 997 stis
1404 956 1427 993 s

243 1045 384 1105 Colchide
411 1045 486 1106 Oete
509 1043 673 1119 iucundus,
706 1044 756 1105 ubi
779 1046 921 1105 subdaxe
943 1051 975 1104 et
997 1044 1093 1105 Aeeta
1115 1040 1264 1104 victorius
1285 1040 1346 1103 dedi.
1408 1064 1427 1099 s

239 1152 355 1212 Aeeten
369 1150 531 1213 Politianns
551 1154 728 1213 coniecerat.
758 1160 892 1212 correcta
913 1150 1104 1212 distinctione
1124 1148 1348 1230 verberonem
1411 1169 1427 1208 a

240 1275 275 1318 ex
295 1256 397 1319 Aldina
423 1258 553 1319 editione
573 1259 687 1339 rnigota
708 1268 780 1340 erat,
800 1269 831 1319 et
853 1258 950 1320 addita
975 1257 1198 1337 praepositione
1215 1258 1258 1319 ad
1274 1256 1351 1335 script

241 1372 274 1424 ut
295 1365 402 1445 Arpis,
426 1367 537 1426 Atreus
566 1384 656 1442 qaam
683 1369 744 1428 sibi
769 1367 918 1443 iirpesten
944 1365 1087 1427 sabduxe
1113 1366 1266 1439 noenta,
1287 1364 1352 1423 rtis
1410 1384 1425 1423 e

244 1471 386 1532 Colchide
408 1474 452 1533 ad
474 1473 605 1533 Aeetam.
643 1491 709 1533 narn
733 1476 777 1533 ad
795 1462 917 1534 Aeetam
942 1470 1032 1532 habet
1054 1469 1112 1531 lori
1134 1470 1352 1549 signinoerionen
1412 1486 1426 1527 r.

241 1579 320 1637 sicut
345 1580 376 1638 in
402 1577 502 1655 Libya
526 1582 569 1639 od
585 1580 782 1656 Hesperidas,
807 1578 858 1640 nbi
881 1596 971 1658 pravo
994 1577 1103 1639 iudicio
1124 1575 1312 1638 Schneideros
1327 1576 1355 1634 od

240 1682 358 1744 delerit
404 1683 536 1763 exempla
561 1687 788 1765 praepositionis
816 1689 860 1746 od
890 1703 958 1746 cum
982 1682 1154 1745 nominibus
1183 1683 1353 1744 hominonin
1423 1732 1427 1737 .

242 1790 457 1869 significatione
479 1789 538 1851 lori
561 1795 737 1853 coniunctae
760 1791 905 1872 praebent
929 1792 998 1853 iibri
1023 1793 1291 1871 grammaticorum
1308 1785 1353 1846 iar·
1414 1808 1418 1813 ·

244 1896 896 1980 ronissunthaec,12,12odteenim
920 1902 1027 1961 rudem
1058 1916 1124 1961 esse
1150 1900 1225 1973 apri
1248 1899 1354 1958 Μίνωι
1415 1908 1427 1941 o

243 2020 339 2083 nane,
368 2006 436 2064 olim
470 2007 513 2065 ed
539 2006 690 2068 Stolonem
715 2006 812 2082 sitisse
845 2009 964 2081 dieunt,
996 2001 1153 2087 1112,12
1176 2021 1264 2081 posse
1287 2004 1323 2063 od
1338 2009 1356 2059 te

243 2112 317 2184 fieri
338 2141 380 2152 -
402 2114 569 2186 pastiones
593 2111 632 2172 itt
656 2109 704 2193 14,
725 2110 745 2174 3
769 2116 813 2175 od
830 2117 988 2190 propalam
1011 2116 1104 2173 vitam
1133 2114 1187 2172 dist
1206 2112 1359 2188 producent,

244 2213 365 2296 140,1
401 2225 531 2295 apparet
561 2221 606 2279 ed
636 2221 804 2294 aprieoias,
839 2216 975 2298 111,1ti
1008 2220 1052 2279 ad
1072 2217 1271 2294 publicanam
1292 2216 1362 2292 pred

245 2329 355 2384 tentor.

334 2427 353 2490 t
385 2428 455 2491 Nec
488 2430 598 2491 multo
632 2449 738 2492 secus
770 2432 888 2492 nostri
916 2430 958 2492 ab
988 2430 1108 2492 eadem
1137 2447 1225 2492 uoce
1258 2426 1314 2490 sed
1340 2424 1371 2487 si

244 2533 310 2595 alia
347 2535 469 2598 littera
493 2555 559 2597 uox
588 2556 708 2598 earnm
739 2556 806 2598 non
836 2556 888 2599 rne
918 2537 978 2598 sed
1011 2537 1053 2598 be
1085 2554 1216 2597 sonare
1247 2533 1373 2597 oidetor

245 2660 338 2702 oues.
355 2641 475 2703 balare
499 2662 623 2705 uocem
648 2645 850 2704 offerentes
874 2662 889 2703 e
915 2661 982 2724 quo
1012 2651 1093 2723 post
1121 2641 1243 2703 balare
1269 2641 1379 2701 dioont

245 2750 377 2808 extrita
410 2749 550 2828 littera]
589 2752 667 2813 ans
700 2753 803 2817 delere
831 2768 868 2811 m.
903 2769 960 2812 nee
992 2752 1084 2810 molto
1113 2766 1204 2810 secas
1230 2751 1328 2810 nostri
1349 2748 1381 2808 ei

246 2857 352 2916 eedem
375 2872 462 2936 voce,
485 2860 540 2918 sed
566 2860 605 2919 ob
634 2861 697 2920 elie
727 2862 818 2920 litera
846 2860 913 2919 beto
940 2864 1098 2919 vocarant.
1145 2873 1208 2917 aon
1233 2859 1314 2917 enirn
1338 2873 1385 2927 ne,

247 2962 303 3023 sed
324 2961 378 3022 dee
400 2978 511 3022 sonore
530 2942 672 3025 videatur
689 2981 758 3025 oves
776 2981 878 3026 vocem
896 2964 1066 3038 efferentes,
1086 2980 1106 3022 a
1125 2980 1186 3038 qao
1201 2970 1273 3040 post
1294 2964 1387 3024 briem
1425 2962 1427 3003 ³

249 3069 364 3148 dieunt,
384 3071 499 3130 extrita
522 3072 613 3130 litera
632 3069 792 3151 discendus,
815 3069 866 3131 ubi
890 3074 1005 3133 dictum
1028 3087 1083 3148 pro
1106 3071 1217 3131 dieunt
1238 3068 1388 3149 legendm

248 3193 314 3236 esse
339 3174 464 3236 Ursinus
488 3178 625 3238 coniecit.
671 3197 728 3239 nec
756 3181 848 3239 multo
875 3196 964 3239 secas
991 3179 1089 3238 nostri
1116 3179 1155 3237 ab
1186 3180 1297 3239 eedem
1319 3195 1390 3249 socr,

248 3285 304 3343 sed
325 3284 364 3342 ab
388 3284 451 3343 elie
474 3286 575 3345 litera.
612 3302 672 3345 vox
697 3302 803 3345 eorrtm
827 3301 886 3346 non
905 3302 960 3360 me,
978 3286 1034 3346 sed
1055 3284 1110 3345 bae
1131 3300 1249 3346 sonere
1272 3288 1391 3346 videtne.

249 3406 318 3450 oves
342 3390 463 3449 testere
482 3407 583 3451 rocem
602 3391 774 3465 efferentes,
795 3409 814 3451 a
833 3409 892 3467 qao
911 3392 1015 3452 delere
1034 3393 1149 3472 dicant,
1168 3394 1290 3454 extrita
1312 3395 1393 3453 ittera

248 3493 397 3555 Victorius
417 3514 433 3554 e
452 3498 577 3556 vetustis
603 3497 697 3579 libris,
716 3507 749 3557 ut
768 3498 816 3557 ait.
850 3500 962 3578 delore,
981 3495 1059 3575 qood
1084 3512 1121 3557 ex
1139 3495 1248 3559 Aldine
1273 3498 1394 3561 editione

214 3650 218 3659 .
249 3609 403 3679 receptum
427 3608 504 3683 erat,
527 3600 653 3663 Varroni
675 3602 870 3664 tribuendum
898 3621 958 3664 noo
987 3613 1046 3683 est,
1069 3603 1123 3664 sed
1150 3605 1279 3681 balare,
1303 3624 1396 3687 quant·

251 3723 339 3785 qoam
363 3708 466 3769 delere
496 3708 532 3769 do
556 3708 660 3771 ovibus
683 3710 795 3773 dictum
821 3719 968 3771 testantur
991 3708 1107 3789 glossae
1130 3729 1156 3771 r.
1177 3710 1217 3772 lv
1240 3732 1272 3794 p.
1291 3711 1396 3796 alat

250 3815 387 3875 balantes
405 3815 538 3877 delentes
561 3835 638 3893 oves,
656 3817 698 3879 ib.
717 3815 760 3880 25
784 3821 865 3879 delet
887 3820 979 3879 dotat.
1016 3814 1109 3877 Varro
1128 3827 1233 3881 autern
1253 3823 1283 3883 si
1301 3824 1401 3884 rann

249 3938 266 3979 a
294 3938 367 3981 sono
395 3923 493 3982 ovium
526 3926 562 3984 be
595 3927 701 3986 extrita
734 3925 831 3986 littera
864 3925 977 3986 dictum
1011 3941 1078 3983 esse
1112 3923 1250 4009 rodebat,
1283 3931 1403 3992 terme

250 4026 382 4088 scribere
415 4027 549 4091 debebat.
596 4042 749 4109 praeterea
785 4035 892 4093 dicunt
925 4032 1109 4113 transposui,
1142 4050 1219 4096 oves
1251 4038 1293 4099 be
1322 4040 1405 4099 aiere

251 4151 352 4194 rocem
375 4134 536 4205 efferentes
560 4138 673 4212 dieunt,
697 4157 714 4198 e
736 4157 794 4213 qao
814 4146 883 4215 post
907 4139 1016 4200 datare
1038 4141 1157 4201 estrt'm
1183 4145 1306 4207 littera.

342 4235 408 4294 Sed
433 4241 675 4321 appellantur]
697 4246 737 4304 Et
758 4249 952 4323 appellentur
971 4244 1133 4307 iucundus.
1171 4252 1235 4312 sed
1251 4270 1291 4312 ex
1311 4250 1408 4313 codiee

253 4338 401 4401 Victorius
424 4348 562 4410 restituit.

345 4442 365 4507 8
397 4449 496 4510 dano
521 4457 627 4514 etiam
650 4457 733 4517 item
757 4460 792 4519 in
816 4459 904 4519 mori
928 4467 1099 4538 terraque
1129 4459 1174 4521 ab
1206 4463 1266 4527 his
1295 4469 1410 4547 regio·
