2874 4994
276 319 326 375 DE
345 319 434 376 aaut
454 319 627 376 CVLTVRA
645 321 786 377 LIBRVM
806 321 834 379 C.
855 320 913 379 85-
944 321 983 380 89
1140 315 1202 380 113

52 478 191 551 tundite,
225 478 257 536 in
284 479 346 536 sale
368 479 482 554 ponito.
528 476 565 537 de
600 477 688 538 verbo
717 481 850 540 condere
880 479 992 539 dictum
1021 488 1067 540 est
1094 475 1150 559 52,
1175 477 1204 540 2.

55 584 235 657 diffundere
254 585 284 644 in
304 585 472 662 praeceptis
491 584 526 644 de
543 587 637 645 muria
652 586 780 665 paranda
796 585 870 646 dixit
884 585 1043 647 Columella
1063 585 1117 645 liii
1131 583 1161 669 6,
1176 585 1206 666 2,

57 692 189 752 subinde
207 695 302 752 alium
320 695 412 752 salem
432 697 492 751 tam
512 695 565 752 din
585 697 714 769 inpares,
742 682 838 755 donec
858 698 888 754 in
906 701 1011 771 sparta
1025 702 1208 770 permaneat

58 801 180 874 integer
207 818 264 861 nec
292 802 457 861 minuatur.
504 803 587 876 qnod
608 819 676 862 cam
700 786 966 876 animadverteris,
992 805 1070 862 scies
1093 803 1207 862 nabere

56 909 189 966 mariam
218 909 425 968 maturitatem
452 925 547 967 snam.
594 916 623 969 et
649 912 678 969 si
701 908 811 985 facere
834 912 926 969 alian
949 912 1097 988 valueris,
1126 912 1206 970 lianc

56 1015 86 1071 in
122 1031 200 1073 oasa
233 1015 307 1075 benc
337 1016 446 1090 picata
474 1015 628 1088 diffundes
656 1025 685 1077 et
712 1024 848 1093 apertam
877 1019 907 1076 in
935 1019 997 1076 sale
1025 1010 1144 1096 (aperta
1175 998 1189 1076 i

56 1122 148 1180 solem
173 1119 265 1179 codor
291 1116 570 1203 Sangermanensis)
595 1123 728 1184 nabebis.

147 1227 300 1287 LXXXIX
324 1226 483 1288 Gallinas
507 1236 652 1289 teneras
675 1247 765 1308 qnae
789 1230 939 1309 primum
960 1232 1102 1309 pariant
1122 1249 1206 1291 cou-

58 1332 198 1411 cludat]
224 1334 352 1396 Parient
379 1333 447 1395 libri
475 1353 564 1411 manu
593 1338 698 1414 scripti
722 1344 752 1396 et
776 1335 867 1396 editio
892 1335 1027 1418 Victorii,
1053 1342 1208 1414 perierint

55 1442 135 1503 edita
162 1451 229 1503 ante
253 1441 417 1504 Victoriam
441 1443 628 1522 exemplaria.
666 1443 722 1504 hcc
746 1442 910 1503 Politianus
933 1445 965 1503 in
988 1447 1122 1524 principe
1146 1445 1206 1505 edi·

55 1553 139 1610 tione
165 1569 200 1610 ex
224 1549 326 1611 codice
352 1569 410 1610 uon
435 1553 574 1631 correxit,
599 1551 650 1610 scd
676 1549 767 1611 rubro
791 1550 889 1611 colore
905 1553 1031 1628 parient
1049 1551 1205 1632 legendum
1251 1546 1262 1566 ‘

54 1676 123 1717 esse
149 1657 312 1719 adnotavit:
336 1676 402 1718 nam
428 1656 497 1718 laisa
521 1656 638 1718 rettulit
662 1657 821 1718 Gesnerus.
868 1667 1007 1737 corrupta
1036 1661 1205 1738 antiquissi-

56 1783 176 1825 marum
201 1765 365 1826 editionum
390 1764 478 1826 lectio
503 1765 572 1826 olim
597 1766 695 1826 fraudi
718 1768 774 1826 suit
797 1767 1006 1847 grammaticis,
1032 1777 1064 1826 ut
1087 1785 1206 1845 pravam

55 1871 141 1932 verbi
175 1872 298 1933 iormam
329 1872 433 1934 Catoni
465 1872 640 1933 tribuerent.
686 1872 810 1951 gallinae
844 1881 942 1934 autem
974 1891 1048 1952 quac
1077 1875 1205 1951 primum

55 1983 180 2059 pariunt
204 1989 274 2041 suut
297 1999 349 2040 eae
373 1999 448 2060 quae
468 2000 520 2040 ova
541 1999 645 2060 parere
665 1983 819 2060 incipiunt.
848 2000 915 2041 uam
936 1982 1068 2041 iuturum
1088 1989 1206 2058 tempus

55 2090 88 2148 in
112 2090 283 2167 praeceptis
311 2089 376 2148 siue
405 2106 507 2148 rerum
536 2088 703 2149 iuturarum
735 2090 949 2168 significatione
973 2089 1094 2167 ponitur
1117 2089 1206 2148 etiam

55 2188 98 2254 in‘
113 2193 245 2255 relativis
271 2197 442 2273 enuntiatis

148 2300 287 2363 Polline
325 2302 382 2364 uel
419 2304 534 2362 larina
571 2303 763 2363 hordeacia
803 2319 998 2382 consparsa
1031 2301 1206 2362 turundas

57 2409 174 2470 iaciat
197 2428 258 2470 eas
281 2412 315 2469 in
340 2428 463 2489 aquam
487 2412 670 2489 intinguat
693 2412 728 2469 in
753 2428 790 2470 os
809 2409 921 2486 indat]
947 2409 988 2469 lle
1012 2408 1123 2468 iartura
1148 2407 1206 2486 gal-

54 2516 187 2576 linarum
213 2516 372 2577 Columella
397 2515 460 2577 Vlll
481 2515 509 2595 l,
529 2515 549 2578 3
578 2516 683 2578 scribit
711 2519 796 2578 cibus
825 2525 924 2578 antem
944 2518 1113 2605 praedetur
1136 2518 1206 2577 irar-

56 2629 177 2686 deacaa
188 2624 306 2707 farina,
321 2644 400 2701 qnae
415 2643 483 2686 com
498 2633 543 2685 est
556 2643 638 2700 aqua
653 2642 821 2702 consparsa
835 2633 865 2684 at
878 2626 1015 2699 subacta,
1027 2624 1206 2700 [armantur

56 2734 155 2813 offae,
182 2735 292 2807 quibos
320 2736 385 2793 aais
413 2736 571 2794 salinator.
618 2733 717 2811 itaque
742 2731 819 2810 apud
843 2732 984 2792 Catonem
1004 2731 1114 2801 farina
1137 2734 1221 2804 lear-⁴

56 2843 171 2900 denaia
199 2858 368 2917 consparsa
396 2839 506 2901 dicitur
535 2841 627 2900 larina
657 2858 731 2919 quae
760 2857 835 2919 aqua
864 2857 1024 2918 consparsa
1048 2848 1107 2920 est,
1136 2841 1206 2898 item

57 2944 121 3026 76,
150 2945 170 3007 ‘2
201 2956 308 3024 pastea
337 2947 465 3024 [aristae
497 2948 531 3007 L.
563 2948 602 3007 II
630 2950 825 3024 conspargita
853 2948 1094 3023 condensitaqne.
1139 2964 1206 3006 uam

55 3057 191 3134 primum
225 3054 318 3116 farina
351 3074 426 3135 aqua
460 3056 681 3136 conspargitur,
713 3062 746 3114 ut
778 3053 925 3114 turuudae
953 3052 999 3113 rel
1026 3054 1099 3113 oilae
1128 3053 1206 3113 itant.

56 3161 170 3222 deinde
198 3165 279 3242 ipsae
311 3162 458 3223 turundae
487 3180 561 3240 aqua
590 3163 813 3241 intinguuntur3
845 3163 886 3221 ita
914 3162 944 3220 in
973 3178 1006 3219 os
1033 3159 1207 3238 gallinarum
1310 3145 1316 3156 ⁸

58 3270 217 3330 induntur.
256 3269 325 3331 olim
349 3289 431 3346 aqna
454 3287 623 3346 consparsa
647 3267 837 3329 scribendum
861 3269 984 3347 conieci,
1008 3275 1042 3327 ut
1065 3277 1110 3328 est
1129 3267 1206 3346 apud

54 3376 267 3457 Columellam,
296 3388 326 3437 et
349 3380 389 3438 ita
412 3378 531 3456 saepius
554 3375 627 3436 hacc
652 3394 719 3437 cum
743 3374 869 3436 ablativo
893 3393 964 3435 casu
987 3376 1140 3434 nominum
1165 3374 1207 3434 di-

53 3493 185 3567 cuntur,
218 3504 243 3545 c.
267 3482 308 3546 91
340 3489 438 3546 lacum
470 3517 506 3526 -—
538 3502 667 3545 amurca
701 3486 909 3561 conspargita,
942 3477 984 3543 92
1012 3485 1207 3559 conspargita

53 3611 190 3654 amurca
214 3610 301 3654 amne
322 3595 405 3668 quad
427 3595 581 3666 lataaeris,
610 3587 672 3652 109
690 3590 829 3667 farinam
851 3623 888 3633 —
910 3592 1105 3667 consporano
1123 3606 1208 3665 sapa,

55 3695 122 3760 121
151 3697 280 3774 farinae
305 3702 465 3773 siligineae
493 3701 624 3759 madiam
651 3715 743 3758 nnnm
772 3704 867 3758 masta
902 3699 1110 3773 consparpno,
1146 3692 1208 3756 129
1279 3712 1282 3719 “

53 3815 148 3866 terra
172 3823 301 3867 amurca
326 3808 401 3867 bena
424 3802 853 3885 consparpatur„1301iana
873 3821 1002 3864 amurca
1021 3808 1121 3865 creada
1136 3823 1207 3880 par-

52 3916 206 3990 sparnac,
233 3910 295 3974 103
316 3916 462 3991 pabulum
481 3916 564 3989 qnod
581 3915 668 3973 dabas
688 3929 816 4001 amaran
835 3915 984 3988 spargite,
1011 3908 1121 3992 157,ὗ
1145 3914 1209 3972 sale

53 4028 148 4082 aceto
171 4038 319 4097 sparsam,
343 4019 381 4081 ib.
402 4018 431 4101 6,
452 4017 481 4100 7,
503 4017 552 4081 13.

149 4125 209 4187 Bis
242 4129 276 4188 in
305 4127 360 4187 die
391 4128 521 4186 larcito
550 4136 585 4185 ot
613 4125 763 4186 meridia
793 4124 918 4185 bibero
946 4124 1025 4185 dato
1054 4142 1096 4183 ne
1128 4124 1208 4202 plus

55 4253 150 4316 aqua
175 4236 245 4295 sita
269 4237 339 4295 siet
361 4234 482 4295 horam
506 4232 622 4310 uuam]
653 4234 716 4293 Nec
739 4237 810 4310 plns
839 4232 916 4292 edita
940 4231 1009 4292 inde
1032 4250 1047 4291 a
1071 4233 1207 4310 principe

58 4343 192 4405 editione
218 4341 403 4420 exemplaria.
446 4360 502 4402 nec
523 4344 592 4418 plus
616 4358 728 4415 aquarn
751 4350 822 4401 anta
844 4344 926 4400 sinat
949 4356 1038 4415 qnam
1061 4342 1168 4399 Isaram
1193 4340 1213 4400 1

19 4528 24 4537 1
56 4450 221 4512 iucundus.
269 4449 391 4528 gallinae
419 4448 466 4509 bis
495 4451 525 4508 in
554 4449 601 4508 die
626 4447 793 4508 sarciendae
818 4456 902 4528 sunt,
933 4447 1054 4506 meridie
1078 4466 1153 4526 aqua
1172 4447 1208 4507 ad

114 4561 173 4603 (iar.
187 4573 220 4604 nn
234 4571 295 4602 conr
309 4571 377 4602 arur.
405 4560 437 4602 ΙΙ.
980 4556 995 4603 8
