2874 4994
280 319 329 375 DE
347 320 438 376 AGRI
456 320 628 376 CVLTVRA
647 320 787 378 LlBllVM
806 321 835 379 G.
852 319 981 379 61—63
1161 314 1203 379 97

54 478 148 552 posui
174 493 254 551 quae
281 473 373 554 cepi'.
418 477 526 538 deiude
553 481 636 539 sulco
668 481 754 539 nario
781 495 820 538 ne
847 496 918 539 ares
941 478 1012 557 quid
1037 479 1088 557 sit,
1117 479 1204 538 docet

57 581 221 642 Columella
237 582 263 642 ll
278 582 309 663 4,
323 580 353 664 5,
371 586 426 645 scd
439 588 620 660 quandoque
635 587 787 661 arabitur,
801 587 1025 646 observabimus
1040 605 1078 646 ne
1091 589 1206 646 lutosus

56 707 136 764 aqer
164 698 317 751 tractetur
346 710 423 753 uere,
448 696 570 768 eripuis
592 694 700 754 nimbis
722 694 946 772 seminecibus,
976 710 1066 767 quam
1089 699 1205 753 terram

56 801 172 858 rustici
196 801 316 859 uariam
344 802 556 874 cariosamque
586 803 747 877 appeliant.
794 806 928 859 ceterum
950 797 1023 859 haee
1048 807 1204 878 praecepta

57 905 94 964 de
119 922 191 983 agro
215 904 410 965 frumentario
434 923 523 984 prave
547 907 722 986 Interposita
746 924 811 966 esse
835 907 915 966 inter
938 923 970 965 ea
995 923 1070 985 quae
1094 905 1130 965 de
1154 903 1205 965 oll-

56 1021 125 1072 seto
155 1014 266 1091 scrlpta
293 1021 364 1073 sunt
391 1023 521 1092 apparet.
568 1022 717 1092 tamquam
749 1015 779 1072 in
802 1011 973 1091 parenthesi
996 1014 1092 1091 posita
1117 1010 1205 1072 rerba

55 1121 171 1180 notarit
195 1119 354 1180 Gesuems.
401 1122 514 1180 rectius
539 1119 740 1181 Schneiderus
769 1119 920 1180 adnotavit
947 1119 1019 1180 haee
1047 1128 1205 1200 praecepta

53 1226 92 1286 de
118 1227 312 1287 frumentario
336 1245 424 1308 agro,
450 1245 560 1303 aprum
581 1229 820 1303 frumentarium
844 1260 887 1269 -
910 1247 949 1289 ne
971 1245 1057 1300 ares,
1081 1236 1206 1306 postea

56 1351 134 1412 quae
162 1333 199 1393 do
227 1351 298 1412 agro
322 1333 446 1394 colendo
470 1351 560 1412 supra
584 1337 694 1414 scripta
723 1343 806 1415 sunt,
834 1338 976 1410 quidest
999 1353 1108 1410 aqrurn
1133 1337 1207 1396 bene

55 1445 160 1501 colere
186 1475 223 1484 -
248 1449 438 1515 stercorare,
464 1441 683 1521 transponenda
706 1459 787 1520 esse,
815 1440 866 1501 ubi
890 1440 967 1521 apud
991 1439 1119 1501 Plinium
1144 1440 1162 1501 l.
1181 1459 1206 1502 c.

55 1547 199 1625 leguntur
223 1548 304 1622 haee,
327 1552 411 1609 sulco
435 1552 521 1609 uario
544 1567 583 1610 ne
606 1567 685 1624 ares,
709 1552 881 1625 tempestiue
903 1567 982 1609 ares.

148 1652 318 1715 PCetera
351 1654 494 1715 cultura
528 1663 582 1715 est
615 1656 763 1716 multum
792 1673 915 1716 serere
943 1664 978 1715 et
1008 1655 1207 1734 diligenter

54 1763 214 1822 eximere
242 1764 380 1824 semina
405 1771 440 1822 et
467 1781 530 1841 per
558 1773 700 1841 tempus
729 1763 872 1824 radices
900 1781 1003 1842 quam
1030 1762 1206 1841 plurimas

55 1887 136 1929 eum
178 1879 273 1930 terra
317 1868 429 1947 terre]
473 1870 602 1930 Multum
642 1874 744 1931 sarire
787 1870 978 1932 scribendum
1022 1888 1087 1930 esse
1125 1882 1206 1932 recte

56 1975 263 2038 Schneiderus
295 1979 419 2038 monuit.
465 1995 531 2037 nam
565 1981 689 2038 muitum
719 1996 824 2039 serere
851 1979 887 2039 de
916 1977 1032 2038 cultura
1062 1977 1119 2038 diei
1148 1996 1206 2038 non

57 2084 163 2162 potuit.
211 2083 346 2144 sarienda
375 2095 473 2144 autem
501 2103 567 2144 esse
595 2085 751 2144 seminaria
780 2101 868 2162 saepe
896 2086 1080 2163 praecipitur
1112 2094 1142 2144 et
1170 2085 1207 2145 de
1233 2079 1236 2087 ’

56 2191 166 2252 obrem
191 2190 350 2252 Columella
374 2189 397 2248 V
417 2187 483 2271 9,5
506 2192 714 2271 praescripsit,
743 2208 832 2266 quam
853 2191 1099 2268 frequentissime
1120 2197 1207 2253 semi·

58 2303 184 2360 narium
201 2302 301 2376 primo
320 2316 402 2359 anno
420 2302 525 2373 sariri,
541 2305 664 2374 postero
683 2304 712 2357 et
730 2297 932 2371 sequentibus,
955 2316 1023 2358 cum
1044 2303 1103 2358 iam
1122 2303 1206 2360 radi·

58 2411 152 2467 culae
173 2409 318 2466 seminum
342 2410 576 2478 convaluerunt,
602 2407 714 2464 rastris
737 2406 844 2464 excoli.
890 2407 946 2464 sed
967 2406 1087 2466 biennio
1110 2425 1130 2466 a
1150 2426 1206 2483 qu·

57 2517 174 2574 tatione
201 2515 363 2587 abstineri,
393 2516 482 2574 tertio
510 2529 590 2572 anno
617 2513 746 2585 sinqulis
772 2511 936 2570 seminibus
965 2512 1050 2572 binos
1074 2517 1207 2574 ramulas

56 2625 195 2696 relinqui
211 2630 240 2683 et
255 2621 437 2697 [requenter
454 2624 553 2681 sariri
568 2623 766 2682 seminarium
785 2623 933 2680 conuenit.
961 2618 1068 2679 deinde
1083 2622 1207 2681 radices

55 2746 150 2804 quam
170 2731 321 2804 plurimas
345 2746 413 2789 cum
437 2735 524 2788 terra
545 2726 634 2804 serre
656 2712 724 2786 eum
745 2724 829 2786 libris
847 2724 967 2786 Catonis
986 2724 1075 2786 habet
1093 2725 1206 2788 Plinius

54 2833 135 2894 lllill
157 2832 230 2895 126.
276 2854 366 2910 quam
387 2839 523 2912 plurima
546 2852 615 2895 cum
639 2842 726 2895 terra
750 2833 826 2911 apud
851 2832 992 2893 Catonem
1016 2834 1206 2895 scribendum

55 2961 125 3002 esse
147 2941 317 3003 Eussnerus
341 2961 369 3021 p.
385 2940 449 3003 306
473 2954 503 3002 et
524 2942 698 3022 llayholiius
723 2944 753 3001 in
771 2940 845 3001 Plin.
863 2939 940 3001 xvll
960 2936 1002 3003 86
1022 2950 1207 3023 notaverunt,

56 3049 138 3128 apud
159 3048 287 3110 Plinium
308 3052 379 3109 item
399 3049 572 3129 llayhollius
592 3051 732 3109 coniecit:
756 3046 809 3130 28,
830 3047 846 3108 1
867 3051 941 3109 bene
960 3066 1029 3110 cum
1048 3051 1207 3110 radicibus

53 3161 184 3218 eximito
208 3176 276 3218 cum
300 3164 387 3219 terra
410 3176 466 3217 suu
489 3175 580 3232 quam
600 3160 744 3234 plurima.

150 3263 295 3325 Calcare
326 3262 416 3324 beno
445 3281 486 3323 ne
514 3282 602 3342 aqua
631 3260 775 3339 noceat]
807 3263 936 3322 Calcare
959 3264 1042 3336 bene,
1073 3267 1209 3338 nequid

52 3380 169 3434 noceat
192 3370 314 3432 Plinius.
356 3371 434 3452 apud
459 3370 599 3431 Catonem
627 3374 747 3431 calcato
777 3371 852 3430 bene
880 3368 1001 3430 dederat
1031 3370 1143 3430 Merula
1171 3389 1207 3431 ex

52 3477 111 3560 28,
132 3476 153 3540 2
174 3486 280 3555 postea
303 3481 420 3555 operito
443 3486 529 3539 terra
549 3479 708 3538 radicibus
723 3480 789 3550 fini,
814 3479 924 3537 deinde
942 3481 1062 3538 calcato
1077 3480 1207 3554 pedibus

53 3589 143 3647 benc.
190 3587 368 3647 lnfinitirum
397 3590 524 3647 calcare
552 3587 626 3646 bene
649 3603 684 3645 ex
708 3584 868 3665 archetypo
893 3582 1042 3646 Victorius
1066 3586 1206 3646 restituit.

148 3694 250 3753 LXIII
286 3692 377 3752 Lora
415 3691 620 3752 retinacula
656 3691 758 3770 longa
792 3710 819 3770 p.
849 3690 940 3751 XXVI
973 3691 1139 3772 subiugia
1172 3694 1207 3752 iu

55 3801 238 3882 plostrum
260 3820 288 3880 p.
308 3798 402 3878 xllx]
426 3801 527 3860 lorea
552 3802 724 3860 retinacula
744 3798 895 3859 luenndus
919 3807 948 3859 et
972 3799 1078 3861 deiude
1099 3800 1207 3879 reliqui

55 3910 201 3970 editores.
238 3926 341 3968 verum
366 3926 431 3968 esse
454 3911 522 3969 lara
545 3909 685 3986 cognosci
703 3916 820 3986 poterat
838 3924 873 3965 ex
893 3908 929 3966 iis
949 3925 1023 3984 quae
1043 3907 1079 3967 de
1101 3908 1206 3968 iisdem

56 4017 153 4077 rubus
186 4018 296 4095 scripta
329 4023 399 4076 srmt
434 4011 506 4096 135,
533 4010 554 4075 5
586 4018 654 4074 lora
685 4017 859 4074 retinacula
892 4016 923 4072 in
952 4017 1100 4089 plostrum
1134 4032 1207 4095 sqq,

56 4142 240 4205 quamquam
273 4122 315 4184 ibi
347 4141 465 4202 qnoque
500 4120 700 4182 Sclmeiderus
733 4140 769 4181 ex
801 4122 971 4181 coniectura
1003 4124 1088 4181 lorea
1117 4120 1207 4181 dedit.

57 4235 237 4293 retinacula
267 4233 346 4291 onim
379 4231 516 4290 adieedvi
549 4228 614 4288 loeo
647 4228 682 4288 ad
715 4246 824 4289 nomen
856 4233 925 4290 lora
958 4227 1124 4308 adpositum
1154 4236 1208 4304 est,

58 4342 140 4400 siout
168 4341 312 4413 subiuqiu
339 4347 368 4398 et
397 4338 472 4397 inlra
501 4336 520 4398 l.
545 4356 569 4397 c.
595 4339 826 4413 praecinctoria.
872 4336 973 4403 eadem
997 4338 1208 4412 subiuqiorum

59 4451 129 4509 iarn
158 4447 234 4507 uim
258 4444 409 4506 Vitruvius
433 4441 509 4526 X8,
528 4441 557 4523 8,
582 4446 687 4504 eadem
717 4447 837 4503 ratione
865 4446 1012 4519 iumenta,
1043 4462 1110 4504 cum
1135 4447 1208 4519 iupa

115 4557 173 4598 Gur.
186 4568 219 4597 ms
234 4567 294 4598 soar
307 4567 375 4599 evm.
402 4556 434 4596 IL
979 4551 993 4599 i
