2874 4994
146 331 210 396 288
488 339 678 395 conanus.
697 326 944 418 rnssvunnoms

148 496 234 555 irenei
259 496 416 569 trianpali,
449 513 583 572 cyperon
611 503 730 575 evocant,
763 497 849 556 multi
876 512 949 557 aera
976 512 1036 557 nan
1066 498 1251 559 claremonte

147 604 254 677 cypiro
282 605 439 662 vicinitate
465 604 603 661 nominis.
655 601 761 662 deinde
789 604 887 662 minus
915 603 1087 663 ualentibus
1113 605 1205 683 scripsi
1226 623 1251 665 a

148 708 353 768 emendatione
368 707 483 769 Ursini:
515 707 627 769 Colum.
647 707 687 767 lx
705 705 735 788 5,
749 705 772 770 ,6
795 715 866 770 sunt
884 712 977 770 etiam
992 710 1125 771 remedio
1142 712 1252 784 maaua-

147 817 227 882 tibus
249 819 347 892 optut.
393 817 492 875 minius
517 815 646 875 valentes
670 834 741 894 apes
764 815 905 877 dicuntur
927 816 1006 876 inira
1030 813 1122 894 §2st

236 922 284 984 Ab
317 924 549 1000 aequinoctio
579 940 689 983 uterino
719 921 856 982 florere
883 923 1016 1002 incipit
1044 931 1080 984 et
1107 932 1255 1002 permanet

148 1029 188 1090 ad
212 1028 365 1091 alterum
385 1031 658 1109 aequinoctium
679 1027 906 1107 autumnum]
926 1032 977 1090 Ad
993 1032 1207 1106 aequinoctium
1218 1048 1254 1091 nu·

148 1141 265 1213 tumpni
281 1154 325 1216 m,
349 1140 392 1197 od
414 1140 542 1197 atterum
566 1139 790 1210 aequinoctium
813 1139 953 1197 autumni
977 1136 1057 1197 edita
1080 1137 1148 1198 inde
1168 1156 1183 1197 a
1200 1139 1254 1215 pn'u·

148 1245 213 1322 cipe
238 1243 366 1304 editione
392 1243 578 1323 exemplaria.
624 1241 669 1302 vel
693 1246 823 1303 atteram
847 1241 893 1303 vel
916 1246 1058 1304 autumni
1074 1242 1210 1305 abundare
1223 1242 1255 1303 nd·

148 1352 260 1410 notavit
283 1348 449 1410 Pontedera
473 1370 500 1429 p.
520 1346 595 1410 456.
632 1347 727 1408 delevi
751 1357 936 1411 autumnum.
976 1368 1045 1410 uam
1068 1353 1254 1426 oeauimctiun

148 1464 326 1518 autumnum
349 1455 441 1517 Varro
461 1475 519 1516 non
544 1455 626 1535 dixit,
650 1454 701 1515 sed
726 1460 909 1517 autumnale.

236 1560 277 1624 15
307 1563 382 1624 Non
410 1581 478 1642 quo
508 1580 575 1623 non
600 1564 636 1621 in
666 1560 775 1622 uillae
803 1565 949 1642 porticu
978 1582 1122 1644 quiaque
1150 1563 1255 1643 quidm

147 1689 214 1749 quo
239 1672 354 1732 tutius
378 1678 504 1730 essent
527 1669 698 1729 alnariam
723 1667 969 1747 collocarent]
996 1673 1142 1733 Aloearr'o
1160 1675 1257 1732 collam

145 1781 209 1838 rint
232 1775 352 1838 Merula.
399 1795 457 1852 pua
481 1780 575 1837 tutius
598 1784 676 1837 esset
698 1776 850 1837 olearium
869 1781 1052 1839 collocarint
1070 1779 1181 1858 scripsi.
1212 1795 1258 1836 mn

147 1900 216 1943 cum
238 1881 345 1963 plurali
369 1901 494 1943 numero
522 1881 605 1943 verbi
633 1891 731 1944 essent
758 1881 889 1943 adverbii
916 1883 981 1944 loco
1011 1889 1107 1947 tullus
1135 1885 1198 1966 pcui
1218 1902 1258 1944 nou

148 1999 274 2070 poterat,
297 2008 394 2068 neque
419 1990 626 2068 imperiectum
651 1999 767 2068 tempus
791 1993 977 2051 collocarent
1000 1991 1196 2072 neglegentiae
1216 2008 1258 2051 sa-

148 2098 244 2157 monis
268 2095 460 2157 tribuendum
481 2113 547 2156 esse
570 2105 651 2176 puto.

237 2202 301 2264 Ubi
329 2204 403 2263 sint
430 2202 492 2262 alii
522 2203 664 2263 iaciunt
691 2221 731 2263 ex
755 2203 954 2264 uiminibus
981 2204 1176 2283 rutundus]
1196 2208 1259 2265 dm

147 2312 200 2371 ubi
221 2313 283 2371 sint
306 2308 385 2369 edita
408 2318 476 2370 autc
496 2308 659 2370 Victoriam
683 2309 870 2389 exemplaria.
906 2314 988 2371 alnos
1011 2309 1160 2374 Victorius
1180 2311 1259 2371 delerit

147 2425 177 2477 et
209 2419 239 2477 in
272 2434 361 2477 mann
394 2418 514 2496 scriptis
543 2414 627 2476 libris
657 2435 672 2476 a
701 2435 732 2478 se
763 2434 822 2477 non
851 2418 1003 2479 inventum
1039 2436 1105 2479 esse
1135 2418 1259 2478 aduolauit

146 2541 254 2584 nomen
277 2531 401 2602 propter
424 2541 457 2583 ea
481 2541 557 2602 qnae
581 2532 763 2603 sequuntur,
791 2526 869 2585 baec
897 2528 998 2585 omnio
1022 2533 1133 2587 uocant
1155 2545 1173 2587 a
1192 2526 1259 2586 nelli

148 2633 290 2691 alimonio
314 2634 405 2704 aluos,
429 2632 571 2691 omissum
595 2648 661 2691 esse
685 2630 764 2690 idem
783 2629 998 2692 animadvertlt.

237 2735 303 2795 Sed
328 2738 377 2796 ita
402 2739 454 2797 uti
478 2755 600 2816 parum
625 2745 708 2797 sunt
731 2756 820 2816 quae
844 2736 1049 2815 compleant
1072 2748 1111 2800 ut
1129 2754 1257 2800 caseon·

147 2851 342 2929 angustent
365 2845 399 2902 in
424 2851 528 2904 uasto
553 2844 629 2905 loco
648 2847 746 2904 inani
765 2843 1018 2923 despondeant
1036 2843 1200 2922 animum]
1218 2843 1259 2904 Sed

149 2953 193 3010 ito
215 2953 262 3009 uti
280 2968 392 3025 parum
418 2953 479 3010 sint
505 2969 584 3026 quae
612 2956 787 3028 compleant,
811 2970 850 3013 ne
873 2970 926 3012 eas
948 2961 1157 3027 coonpustent.
1189 2951 1257 3011 neit

146 3064 230 3118 vasta
254 3060 319 3118 loco
344 3065 373 3117 et
396 3060 483 3117 inani
507 3061 714 3134 despondeant
731 3062 865 3120 animum
884 3057 1005 3140 Merula,
1023 3062 1081 3120 sed
1097 3064 1141 3121 ita
1159 3062 1199 3119 uti
1211 3070 1258 3118 cun

144 3182 257 3239 parum
280 3167 321 3223 sit
344 3182 405 3238 pua
428 3168 604 3242 compleant,
629 3183 682 3226 eas
705 3173 913 3240 coanpustent,
932 3185 971 3226 ne
989 3169 1021 3226 in
1039 3174 1125 3228 nasto
1142 3169 1202 3226 loco
1216 3177 1259 3239 eet·

146 3268 305 3330 lucundus.
344 3270 578 3349 adscripturum
599 3270 750 3350 archetypi
773 3275 803 3331 in
823 3272 903 3332 hunc
928 3272 1047 3332 modum
1068 3271 1157 3333 verba
1174 3268 1260 3342 reden,

144 3379 200 3436 secl
222 3380 275 3457 ita,
298 3378 352 3436 udi
370 3395 483 3452 porum
503 3386 574 3438 sunt
592 3396 672 3452 quoe
695 3382 864 3455 compleant,
882 3386 917 3439 ul
934 3397 988 3440 eas
1007 3376 1260 3455 conanaustentt't

145 3491 228 3542 nasta
252 3486 317 3542 loco
342 3486 429 3542 inani
447 3502 485 3543 ne
504 3486 711 3560 despondeant
729 3488 870 3545 animum.
907 3484 963 3546 alvi
978 3489 1166 3565 angustiores
1180 3485 1260 3545 lecim·

146 3587 199 3647 dae
224 3596 304 3666 sunt,
328 3590 353 3648 si
377 3607 447 3667 apes
471 3589 506 3649 ad
531 3608 580 3649 eas
596 3590 777 3669 conplendas
796 3610 855 3652 uon
875 3593 1037 3672 sulliciuut,
1061 3611 1100 3654 ne
1118 3592 1181 3653 illae
1198 3587 1261 3649 rasi·

144 3703 204 3754 tate
230 3694 285 3755 loci
310 3697 404 3754 inanis
428 3695 651 3773 perturbentur.

235 3799 277 3862 16
310 3800 424 3862 Media
449 3802 529 3862 aluo
554 3806 587 3863 in
617 3823 683 3883 qua
708 3807 895 3866 introeant
922 3823 1006 3884 apes
1031 3806 1169 3867 iaciunt
1191 3804 1262 3863 lom·

145 3910 235 3968 mina
255 3907 385 3987 parua]
405 3908 660 3988 Praepositionem
681 3915 711 3972 in
732 3921 813 3975 recte
833 3910 955 3973 inclusit
974 3911 1181 3974 Schneiderus.
1214 3922 1262 3969 uun

143 4016 277 4093 ineptum
302 4023 347 4075 est
371 4011 418 4073 ‘in
444 4034 501 4094 quta
525 4016 587 4078 alvo
612 4012 787 4099 introeant',
815 4019 867 4079 sod
896 4037 950 4098 pro
978 4017 1120 4081 adverbio
1145 4027 1189 4079 est
1211 4031 1264 4091 att,
1296 4028 1299 4067 ἵ

144 4130 177 4180 ut
200 4121 385 4198 significetur
409 4122 501 4203 locus,
524 4125 555 4184 iu
580 4142 639 4204 quo
659 4134 730 4186 sum
753 4126 896 4187 loramlna
917 4125 952 4186 ad
973 4126 1180 4188 inuueuudum
1197 4125 1262 4185 neu

143 4224 247 4286 eodem
272 4226 342 4286 vitio
365 4225 488 4308 141‚3
518 4233 549 4289 in
577 4248 639 4304 aua
662 4233 692 4292 in
718 4231 870 4294 codicibus
894 4251 948 4313 pro
979 4251 1041 4309 pua
1065 4235 1202 4312 scriptum
1221 4235 1261 4287 est

143 4333 175 4391 in
207 4335 307 4393 medio
340 4338 407 4396 oloo
435 4353 496 4410 qua
525 4339 679 4398 introeant
706 4338 736 4400 C.
758 4337 791 4400 F.
816 4337 861 4400 W.
884 4337 1046 4401 Muellerus
1075 4342 1106 4401 in
1131 4333 1259 4400 manibus

142 4437 325 4500 scholasticis
352 4440 596 4503 Berolinensibus
624 4462 648 4504 a.
672 4440 756 4508 1865
783 4465 811 4526 p.
832 4441 895 4507 tet
925 4445 1117 4508 scribendum
1142 4441 1254 4506 mniccil
