2874 4994
277 342 325 398 DE
344 343 433 399 AGRI
451 343 625 400 CVLTVRA
644 345 784 400 Liuuvit
803 340 835 403 0.
857 345 1029 403 128-133
1159 341 1222 407 133

67 500 172 574 inquit
192 493 235 559 ‘in
251 499 346 575 sueno
362 518 479 576 praeco
495 505 590 578 ponit,
609 509 643 562 nt
661 504 736 563 bene
754 495 854 577 oleat',
874 500 913 562 ib.
932 521 960 581 p.
980 499 1031 584 65,
1051 501 1072 564 2
1095 506 1223 582 Culiqno

66 623 125 666 ons
154 609 309 667 vinarium
337 625 358 668 e
383 624 499 683 praeeo
529 611 626 682 dieto,
655 626 745 683 quum
774 612 819 669 illi
845 611 951 670 dicunt
974 605 1106 693 κύλικα,
1134 612 1224 693 gloss.

66 711 277 792 latino-graec.
301 733 327 774 r.
346 713 372 773 ll
391 732 419 792 p.
441 711 513 795 118,
528 712 572 776 46
595 716 724 791 Culiqnu
748 720 865 789 σκεῦος
884 718 988 778 οἴνου.
1017 718 1096 779 idem
1114 737 1222 781 nomen

64 820 151 880 inter
175 818 231 880 alia
255 838 393 881 vasorum
418 823 536 881 nomina
561 824 645 900 ponit
668 821 759 882 Varro
782 822 860 901 apud
880 821 1008 883 Nonium
1028 844 1056 903 p.
1076 822 1222 907 54113,

65 943 105 985 ex
131 926 243 1006 quibus
266 936 389 1007 apparet
412 938 525 989 certam
548 947 719 990 mensuram
742 929 878 1008 culignae
902 948 962 990 non
986 931 1088 993 luisse.

162 1032 326 1114 luppiter
359 1034 496 1114 dapalis
530 1035 621 1114 quod
655 1036 722 1096 111ιί
756 1036 840 1097 11111
873 1046 1017 1116 oportet
1049 1040 1084 1098 in
1121 1038 1221 1101 domo

65 1140 208 1201 familia
235 1160 309 1202 mea
337 1142 516 1221 calignam
544 1145 622 1203 uini
650 1142 730 1223 dapi
758 1145 790 1204 ci
817 1145 871 1204 rei
898 1161 985 1222 ergo
1016 1153 1130 1207 macte
1157 1147 1221 1208 hac

68 1248 182 1310 illaec
206 1248 294 1328 dape
317 1248 533 1329 pollucenda
557 1248 647 1327 esto]
680 1249 718 1311 In
742 1253 828 1311 domo
848 1249 1029 1325 familiaque
1052 1269 1118 1312 meo
1142 1251 1221 1314 edita

64 1366 138 1416 ante
164 1354 327 1417 Victoriam
350 1356 530 1435 exemplaiia
553 1359 714 1437 constanti,
743 1365 776 1417 ut
800 1357 930 1437 ridetur,
961 1359 991 1418 in
1015 1357 1070 1419 hac
1094 1359 1221 1420 formula

66 1482 144 1544 usu,
175 1460 293 1544 134,2
320 1464 366 1524 bis
394 1466 469 1525 milti
496 1466 661 1540 liberisque
688 1468 761 1526 meis
789 1467 875 1526 dono
900 1463 1099 1540 familiaeque
1126 1485 1219 1542 meae,

68 1567 136 1632 139
169 1573 244 1631 milti
274 1573 360 1631 domo
385 1569 584 1646 familiaeque
611 1588 696 1633 meue
723 1572 888 1647 liberisque
915 1574 1002 1645 11111,
1035 1569 1111 1653 141,
1137 1570 1171 1654 2;
1198 1571 1219 1635 3

64 1681 147 1740 mibi
172 1681 259 1740 domo
283 1677 482 1753 familiaeque
509 1685 641 1739 nostroe.
688 1677 795 1739 deinde
825 1681 890 1740 eins
920 1682 969 1740 rei
994 1696 1069 1754 erqo
1097 1677 1219 1741 Merula.

66 1785 227 1848 formulam
242 1786 490 1865 comprecationis
505 1786 635 1864 itemque
653 1781 765 1845 similes
784 1787 1057 1864 comprecationum
1077 1786 1219 1849 iormulas

65 1914 92 1955 c.
110 1889 177 1955 134
196 1901 226 1952 11
247 1889 309 1954 139
329 1890 452 1952 Carolus
471 1890 587 1951 Zander
606 1910 709 1952 versus
728 1890 790 1952 1111.
808 1894 899 1971 antiq.
913 1912 941 1971 p.
956 1888 999 1953 48
1024 1896 1054 1952 in
1078 1912 1218 1954 numeros

66 2000 228 2061 Saturnios
252 1998 386 2077 redigere
411 1998 534 2059 studuit.

160 2104 180 2167 2
216 2106 380 2185 luppiter
416 2105 554 2185 dapalis
592 2116 705 2167 macte
738 2108 850 2166 istace
884 2107 970 2185 dape
1002 2106 1217 2185 pollucenda

64 2222 148 2276 esto
171 2222 284 2274 macte
309 2215 392 2273 uino
416 2212 550 2274 inferio
574 2212 665 2290 esto]
691 2213 795 2274 Macte
819 2217 914 2273 e'stoee
937 2216 1016 2290 dupe
1034 2218 1216 2289 pollneendo

63 2333 131 2384 esto
164 2330 314 2400 tamquam
346 2318 441 2379 aliena
474 2318 509 2379 ab
543 2319 598 2380 hoc
632 2320 697 2380 loco
731 2319 932 2380 Schneiderus
968 2319 1098 2380 inclusit.
1145 2325 1216 2383 nino

63 2429 181 2505 inferio
199 2427 256 2487 hoc
275 2426 339 2488 loco
359 2429 389 2487 in
409 2426 569 2507 archetypo
590 2430 735 2506 scriptum
755 2436 827 2508 erat,
846 2430 918 2488 uino
938 2426 1083 2502 inferiori
1102 2424 1174 2509 134,
1186 2425 1215 2510 3,

63 2536 149 2616 quod
173 2511 284 2595 Merula
312 2542 474 2612 receperat.
520 2537 588 2595 uino
618 2533 729 2609 inferio
753 2541 882 2613 utroque
905 2533 969 2594 loco
994 2532 1144 2594 Gesnerus
1168 2553 1213 2595 re·

62 2644 166 2704 stituit
189 2640 325 2702 sollemni
348 2642 379 2700 in
398 2640 591 2700 sacrificando
612 2639 750 2700 formula:
774 2638 854 2701 Paul.
873 2657 936 2700 cxc.
955 2638 1033 2702 leat.
1053 2659 1080 2719 p.
1100 2638 1171 2723 113,
1185 2639 1215 2704 2.

61 2749 178 2812 Arnob.
197 2747 260 2809 adv.
279 2755 338 2808 nat.
357 2745 408 2806 Vll
427 2743 478 2828 31,
501 2745 541 2807 ib.
560 2745 596 2807 lV
617 2744 667 2809 16.
692 2746 774 2808 Serv.
793 2748 824 2806 in
844 2745 929 2824 Verg.
947 2747 1019 2809 rien.
1037 2746 1076 2806 lli
1096 2745 1169 2810 641.

157 2855 331 2934 Dapsioui
358 2855 496 2915 assaria
523 2855 676 2934 pecunia
705 2870 793 2913 urna
816 2854 893 2912 uini
915 2854 990 2913 ioui
1013 2862 1110 2915 caste
1133 2874 1213 2934 pro-

61 2966 188 3026 fanato
212 2981 273 3023 sua
297 2955 526 3042 contagione]
550 2962 634 3038 Dups
658 2962 725 3021 Iovi
746 2962 869 3021 assarta
887 2963 1023 3035 pecuina
1046 2979 1128 3022 urnn
1152 2965 1216 3024 uini

61 3075 136 3134 Iovi
166 3077 257 3132 coste.
300 3068 473 3146 profanato
505 3071 572 3129 sine
604 3070 784 3142 contagione
817 3064 895 3125 edita
927 3065 996 3126 inde
1029 3084 1044 3126 a
1077 3069 1212 3147 principe

60 3179 198 3240 editione
222 3174 412 3257 exemplaria,
440 3173 493 3235 ubi
515 3173 625 3253 Popma
648 3175 789 3234 assariam
812 3173 969 3251 pecuinam
992 3174 1092 3251 inepte
1121 3177 1211 3236 intor-

60 3291 202 3366 pretatus
225 3290 271 3343 111
294 3300 414 3343 carnem
437 3289 534 3361 aptam
559 3290 589 3341 et
612 3290 743 3361 paratam
767 3296 897 3340 assurae.
942 3281 1008 3338 sine
1033 3286 1213 3357 contagione

61 3390 257 3453 [richbertus
287 3397 444 3450 comment.
477 3389 608 3468 pontific.
636 3408 664 3468 p.
688 3385 707 3448 9
741 3388 800 3448 dici
828 3385 920 3447 voluit
947 3380 995 3446 ‘de
1023 3385 1212 3448 libaminibus

60 3508 148 3562 tanta
171 3496 314 3576 religione
339 3499 368 3557 in
393 3514 473 3557 aram
496 3495 708 3576 porriciendiS,
739 3504 771 3556 ut
795 3512 832 3554 ne
855 3511 945 3554 manu
969 3492 1088 3573 quidem
1113 3513 1146 3555 ca
1169 3504 1211 3556 at-

60 3611 181 3686 tingere
204 3606 248 3666 las
266 3599 327 3665 sit'.
363 3603 437 3664 mihi
460 3605 490 3664 in
514 3603 561 3664 llis
585 3602 730 3685 lormulis,
754 3601 791 3663 de
815 3600 924 3682 quibus
947 3599 1021 3661 nihil
1039 3604 1113 3661 certi
1132 3620 1210 3662 com-

59 3721 184 3794 pertum
201 3710 354 3792 babemus,
378 3710 545 3772 sufficiebat
563 3709 720 3771 lectionem
739 3709 893 3789 archetypi
910 3710 1087 3770 restituisse.
1113 3727 1209 3789 neque

58 3829 181 3882 1111111
212 3817 354 3879 formulas
385 3820 518 3897 integras
548 3825 692 3898 servatas,
727 3816 778 3876 sed
808 3814 951 3895 quaedam
979 3817 1009 3876 in
1038 3819 1074 3876 iis
1102 3820 1210 3878 omissa

59 3945 128 3989 esse
150 3934 233 4007 puto.
278 3943 336 3987 suo
366 3928 548 4001 contagione
570 3933 669 3986 autem
693 3925 728 3985 de
752 3930 833 3984 11111
857 3924 1048 4003 contagione,
1079 3943 1153 4001 quae
1178 3927 1208 3985 in

60 4035 136 4115 dape
168 4030 350 4112 profananda
382 4034 503 4111 propria
536 4041 617 4112 erat,
650 4031 767 4092 ridetur
799 4031 912 4091 dictum
945 4046 1019 4088 esse.
1066 4034 1208 4105 contagio

62 4143 151 4221 enim,
174 4138 253 4219 quod
272 4138 309 4200 dc
329 4140 570 4219 coinquinatione
592 4138 637 4199 vel
657 4138 759 4199 morbo
779 4136 866 4215 vulgo
886 4134 1048 4216 dicebatur,
1071 4135 1108 4197 de
1128 4140 1208 4198 omni

63 4255 202 4310 contactu
225 4244 271 4305 rel
294 4247 504 4307 coniunctione
528 4245 587 4306 dici
613 4254 737 4323 poterat.

150 4350 304 4414 cmm
334 4350 350 4412 1
380 4351 594 4431 Propagatio
623 4348 820 4430 pomorum]
850 4349 890 4410 lle
918 4352 1128 4430 propagatione
1156 4370 1207 4431 po·

68 4479 178 4524 uorum
206 4466 435 4540 ceterarumque
463 4459 604 4522 arborum
631 4458 772 4539 pleraque
800 4475 890 4537 supra
919 4477 944 4521 c.
968 4454 1009 4521 51
1039 4466 1069 4518 ot
1096 4454 1139 4518 52
1167 4458 1206 4519 le-
