2874 4994
312 314 442 370 RERVM
459 315 698 371 uvsulcuuvtt
721 317 789 372 LIB.
807 313 822 371 I
843 314 971 374 64-65
1142 307 1203 372 127

114 489 142 532 nn
155 473 283 533 coniecit
300 475 363 533 teni
380 475 457 547 iuni:
476 471 549 533 Plin.
561 469 628 531 xxi
645 469 707 533 122
726 475 846 548 leuique
864 475 930 548 ipni
945 489 1037 532 sucus
1051 473 1201 552 coquitur,

114 597 159 640 nec
177 583 236 654 fiat
257 581 429 641 crassitudo
453 582 555 641 melles.
602 597 668 640 nam
692 577 808 641 ionibus
835 578 921 659 lignis
949 580 979 639 in
1007 595 1127 638 amurca
1157 596 1205 638 co·

114 686 178 747 enda
201 688 249 752 uix
273 704 348 765 opus
372 695 425 767 est,
449 685 500 746 sed
524 684 584 747 leni
607 688 683 766 igne.
721 689 764 747 ud
785 688 862 747 duos
881 692 987 762 portes
1006 684 1142 768 Ursinus,
1165 688 1208 746 od

114 812 145 855 us
162 800 267 870 portes
289 795 393 867 quood
414 795 601 869 redoperunt
619 791 771 853 Gesnerus
793 801 824 853 et
846 793 954 852 omissa
976 793 1205 873 praepositione,

114 918 156 962 tam
175 899 302 961 Ursinus
325 898 485 975 addiderat,
510 904 682 976 decoquunt
707 933 744 943 -
771 902 848 961 duas
867 907 974 976 partes
996 902 1102 976 quood
1118 903 1204 961 rede·

114 1015 173 1068 runt
200 998 315 1090 (suad
348 1002 459 1088 minus)
494 1007 632 1069 Reiterus
664 1016 776 1086 quaest.
806 1005 926 1066 Varron.
957 1024 1077 1087 gramm.
1106 1025 1135 1086 p.
1154 1003 1205 1068 56.

127 1132 218 1174 omnes
242 1112 434 1175 fundamento
459 1114 674 1176 emendationis
698 1117 743 1174 usi
775 1121 845 1175 sunt
872 1113 938 1173 ioco
963 1112 1101 1192 Varronis
1129 1113 1205 1193 apud

114 1221 190 1281 unium
210 1240 237 1300 p.
253 1216 328 1301 551,
350 1218 390 1282 18
415 1222 507 1297 Sapo,
526 1224 608 1297 quod
630 1239 711 1283 nunc
730 1222 899 1282 morracium
919 1222 1055 1303 dicimus,
1077 1229 1206 1282 mustum

114 1328 264 1388 inedium
292 1336 414 1404 portem
447 1330 611 1389 decoctum.
665 1328 763 1389 Varro
792 1330 830 1388 de
858 1331 919 1389 uiio
943 1333 1050 1406 populi
1076 1330 1209 1391 Romani

114 1451 125 1493 ν.
139 1435 156 1494 I
170 1452 274 1511 sapum
299 1436 493 1511 appellabunt
516 1438 598 1510 quod
620 1437 658 1496 de
680 1442 777 1497 musto
797 1438 841 1496 ud
862 1437 992 1496 medium
1011 1444 1131 1513 portem
1155 1439 1205 1496 tte·

114 1548 220 1616 serum,
240 1539 403 1615 defrutum,
421 1544 450 1602 si
467 1559 507 1602 err
525 1542 643 1602 duobus
659 1543 801 1618 portibus
820 1544 863 1602 od
880 1544 1001 1602 tertium
1021 1546 1205 1618 redcperont

114 1645 361 1722 forefaciendo.
408 1655 488 1709 recte
513 1657 610 1709 autern
635 1648 784 1710 Gesnerus
813 1651 856 1709 ud
886 1651 964 1709 duos
984 1657 1091 1727 portes
1118 1653 1205 1711 rede·
1309 1706 1311 1711 ,

114 1762 181 1816 runt.
218 1772 286 1815 nam
309 1756 372 1815 sine
392 1758 614 1836 praepositione
632 1758 775 1832 redipere
793 1755 852 1817 dici
871 1773 930 1815 non
949 1757 1055 1838 potuit,
1076 1764 1107 1817 ut
1126 1765 1206 1817 esset

114 1858 291 1923 ininorem
325 1872 439 1941 partem
472 1857 635 1942 redigere'.
680 1862 731 1924 sed
762 1861 819 1923 boc
850 1863 951 1942 potius
983 1862 1207 1942 praescribitur,

114 1982 214 2029 turcam
239 1971 278 2029 ita
306 1968 530 2049 decoquendam
553 1988 633 2050 esse,
661 1980 694 2032 ut
721 1989 779 2031 una
807 1981 890 2050 parte
920 1969 1040 2031 decocta
1070 1968 1104 2029 ad
1135 1970 1207 2030 duas

113 2081 164 2133 rtes
191 2073 355 2157 redigatur,
380 2084 441 2137 tum
474 2079 623 2138 decocunt
655 2080 685 2138 iu
719 2080 825 2140 abonis
859 2081 921 2138 teni
948 2080 1026 2154 iuni,
1059 2079 1103 2138 od
1131 2079 1207 2137 diores

114 2187 171 2242 uteo
193 2184 299 2257 quuod
319 2185 513 2258 reticuerunt.

157 2288 226 2349 Tum
260 2291 389 2364 denique
421 2292 464 2350 ud
494 2307 580 2350 usum
614 2296 698 2350 recte
724 2293 878 2367 proruitur
905 2291 942 2371 A,
970 2299 1000 2351 et
1027 2289 1082 2350 boc
1116 2289 1208 2351 voluit

115 2389 240 2477 itiones,
264 2397 436 2474 quiiminus
460 2406 597 2458 accurate
621 2398 764 2477 principis
793 2397 931 2457 editionis
960 2395 1117 2456 lectionem
1141 2414 1205 2455 cor·

114 2500 153 2561 sit.
195 2511 324 2563 mustum
348 2506 478 2578 donique
507 2503 672 2583 apographa
696 2502 850 2586 italorum,
878 2511 1006 2564 mustum
1034 2511 1095 2564 tum
1124 2506 1206 2563 tierri-

115 2625 131 2665 e
147 2628 181 2670 m.
200 2613 230 2671 in
250 2610 409 2690 archetypo
428 2619 556 2671 mustum
575 2613 705 2687 denique
720 2614 823 2688 prima
842 2629 930 2671 manu
952 2611 1096 2688 scriptum
1116 2609 1207 2671 tuisse

114 2710 192 2799 tuor,
215 2726 317 2798 postea
341 2726 509 2778 correctum
533 2725 594 2778 tum
618 2721 756 2794 denique.

154 2831 226 2886 LXV
250 2824 348 2896 Quod
371 2835 523 2886 mustum
547 2823 773 2885 conditorio
797 2823 932 2886 dolium
955 2833 993 2886 ut
1015 2824 1207 2886 habeamus

114 2944 185 2993 num
220 2951 287 2993 non
319 2930 551 3011 promendum
583 2930 661 2991 dum
694 2930 815 2992 ierunt
848 2950 961 3011 noque
993 2935 1100 2993 etiam
1129 2950 1206 2992 curu

114 3049 253 3100 coesset
276 3041 324 3099 ita
348 3040 455 3099 utsii
479 3039 599 3099 uinum
624 3038 755 3097 iactum
780 3040 809 3097 si
833 3046 937 3098 uetus
963 3037 1085 3098 bibere
1109 3038 1206 3099 neiis

117 3143 159 3203 ud
189 3164 254 3205 nou
285 3146 328 3205 iit
355 3154 542 3225 antequam
571 3153 807 3205 accesserunt
834 3143 1038 3204 anniculum
1067 3145 1206 3224 prodit]

114 3263 170 3320 quc
192 3256 282 3314 ctiam
305 3270 373 3312 cum
394 3256 555 3328 processit,
580 3256 623 3313 ito
651 3259 684 3312 ut
705 3254 746 3312 sit
774 3254 873 3311 uinum
899 3250 1025 3326 fuctum.
1071 3256 1100 3310 si
1125 3258 1208 3311 uetus

115 3371 170 3419 ere
192 3362 279 3432 uelis,
303 3361 384 3433 quod
406 3378 465 3420 uon
485 3362 522 3433 fit
546 3368 708 3434 autequam
737 3360 855 3419 acescit·
875 3361 1050 3420 anniculum
1078 3361 1208 3434 promito

114 3466 185 3547 ruta,
204 3484 302 3542 neque
324 3469 415 3526 etium
438 3484 506 3526 cum
526 3469 685 3545 processit,
703 3469 764 3526 nisi
782 3469 871 3542 prius
893 3469 934 3526 sit
956 3470 1056 3527 uiuum
1077 3464 1206 3540 fuctum.

114 3580 198 3632 retus
221 3575 326 3634 bibere
354 3576 437 3647 uelis,
461 3574 543 3646 quod
570 3590 629 3632 nou
655 3575 692 3644 ut
719 3579 881 3648 autequam
909 3575 1076 3635 occesserit
1103 3590 1209 3646 annus,

114 3687 135 3753 ³,
160 3699 227 3740 cum
248 3679 347 3755 fucrit
369 3681 553 3754 cuniculum,
569 3682 712 3756 promitto
732 3677 891 3761 iucundus,
911 3698 1007 3755 neque
1026 3682 1116 3747 etium
1141 3697 1207 3740 cum

114 3790 213 3846 ’cessit
237 3789 295 3860 itu,
318 3794 351 3846 ut
374 3789 414 3846 sit
436 3789 537 3845 uiuum
556 3784 683 3860 suctum.
729 3789 757 3846 si
779 3794 861 3847 octus
889 3787 992 3847 bibere
1020 3791 1105 3861 vetis,
1128 3790 1210 3862 quod

114 3902 120 3940 t
146 3896 184 3966 rit
205 3900 285 3974 oute,
304 3911 395 3968 quoru
418 3895 584 3954 occesserit
601 3911 709 3968 onnus,
732 3902 804 3967 tum,
823 3911 892 3956 curu
907 3892 1005 3968 suerit
1024 3897 1207 3968 anniculum,

114 4000 169 4059 *dit
192 3998 348 4061 Victorius.
394 4001 502 4060 ceteris
532 3997 627 4061 obtuit
655 4018 740 4060 error
763 3997 897 4079 Victorii,
925 4000 975 4078 qui
999 3998 1119 4059 Aldinae
1149 3999 1209 4059 edi·

114 4103 156 4166 us
190 4105 316 4166 lectione
346 4107 488 4186 deceptus
520 4123 575 4184 pro
607 4123 642 4165 eo
676 4105 755 4184 quod
787 4107 851 4183 ipse
883 4123 919 4164 ex
947 4103 1049 4166 codice
1077 4103 1210 4166 ediderat

114 4215 168 4274 ¹dit
191 4214 221 4273 in
246 4215 376 4292 antiquis
405 4211 557 4273 codicibus
582 4215 725 4288 promitto
753 4210 811 4290 legi
839 4210 996 4272 adnotavit.
1041 4214 1124 4287 quod
1149 4229 1209 4273 uon

130 4327 295 4395 antequam
326 4325 522 4381 accesserunt
550 4321 637 4396 unni,
666 4321 794 4378 culleum
820 4321 950 4395 promito
977 4320 1105 4379 coniecit
1128 4317 1209 4380 Zabi-

114 4420 187 4490 itins
210 4434 323 4506 quaest.
342 4427 407 4525 cpit
427 4428 457 4487 in
477 4424 558 4485 Varr.
577 4443 635 4485 rer.
654 4433 728 4486 rust.
748 4424 813 4488 libr.
832 4444 860 4505 p.
879 4423 932 4488 31.
968 4436 1102 4488 correcta
1120 4446 1209 4506 prava

320 4532 376 4573 ,μῆ
