2874 4994
234 316 278 382 62
594 325 785 382 COMMENT.
804 326 844 381 IN
862 323 1020 381 CATONIS

236 479 354 563 legitur,
377 482 538 544 enodatam
560 499 595 542 ex
614 480 749 561 principe
769 481 898 542 editione
918 488 1073 560 receptum
1092 485 1165 542 erat
1201 498 1384 561 quamquam

236 587 360 649 verbum
390 591 509 650 nodare
535 587 590 649 hac
619 588 835 668 significatione
868 588 904 650 ab
932 588 998 650 aliis
1024 588 1138 649 dictum
1165 605 1225 649 non
1253 589 1385 650 invenio.

238 693 289 754 sed
311 697 405 757 nodos
423 695 459 756 de
480 694 590 756 ritibus
610 693 685 755 dixit
703 694 775 756 Cato
794 715 819 757 c.
833 693 875 757 47
896 698 950 758 ubi
969 696 1099 757 Vnodos
1120 702 1235 757 ueteres
1252 696 1386 775 habebit,

235 808 296 862 tum
319 804 363 862 od
384 805 526 865 arborem
542 806 656 885 ponito,
679 804 751 864 item
771 802 885 864 Plinius
904 801 981 863 XVII
1003 799 1063 864 157
1084 820 1164 879 quae
1182 819 1273 863 raros
1291 802 1385 863 tradet

233 910 327 969 nodos
350 908 517 986 insecundo
541 912 718 981 iudicatur;
743 912 878 971 densitas
898 926 1087 986 pemmarum
1107 908 1279 983 fertilitatis
1301 911 1383 969 iudi·

233 1018 314 1076 cium
338 1024 389 1077 est.
435 1034 567 1095 gemmas
590 1016 626 1076 dc
651 1017 753 1077 eadem
777 1036 809 1077 re
834 1016 908 1077 dixit
930 1016 1002 1078 Cato
1021 1013 1111 1097 49,1
1138 1018 1225 1078 binas
1245 1033 1384 1092 pemmas

234 1140 273 1182 ne
296 1125 425 1199 amplias
448 1126 620 1209 relinquito
656 1126 869 1201 praecipitare
891 1122 928 1183 de
951 1120 1070 1203 ritibus,
1094 1140 1162 1183 cum
1185 1120 1322 1201 palmites
1347 1140 1384 1182 ex

234 1231 325 1289 ramis
348 1227 489 1289 arborum
516 1228 699 1309 dependent,
727 1230 845 1308 saepius
869 1228 943 1289 dixit
967 1227 1142 1309 Columella,
1169 1225 1242 1310 V6,
1256 1225 1299 1290 33
1323 1231 1386 1289 nisi

235 1339 379 1397 extremis
403 1339 498 1396 ramis
520 1343 574 1397 aut
596 1339 625 1396 si
644 1339 712 1397 aitis
730 1337 853 1397 ardoris
876 1354 1023 1397 cacumen
1041 1338 1206 1413 superauit,
1225 1337 1383 1412 praecipi·

235 1446 301 1504 tari
313 1445 468 1520 palmitem
491 1461 550 1504 non
570 1422 695 1520 oportet.
731 1445 842 1517 quoda
862 1450 963 1504 tamen
986 1445 1021 1504 id
1039 1460 1137 1519 penas
1160 1445 1234 1503 colis
1253 1449 1384 1520 propter

233 1549 372 1626 fractum
393 1545 584 1611 ‘summittere
611 1553 678 1625 qais
706 1553 791 1631 uelit,
814 1553 968 1627 palmitem
992 1553 1178 1626 intorqueat,
1206 1552 1317 1611 deinde
1339 1553 1384 1611 ita

234 1661 339 1732 attinet
362 1664 391 1717 et
410 1660 603 1733 praecipitet.
647 1674 718 1718 nam
741 1665 858 1735 etpost
881 1674 948 1719 eum
972 1661 1078 1731 locum,
1101 1674 1187 1732 quem
1212 1660 1383 1736 intorseris,

239 1768 349 1825 tactam
364 1767 524 1824 materiam
540 1765 647 1824 citabit
664 1771 694 1825 et
704 1766 913 1841 praecipitata
926 1767 1025 1825 minus
1043 1766 1153 1826 uirium
1171 1767 1203 1824 in
1220 1781 1254 1824 se
1271 1765 1385 1845 tranet,

234 1873 370 1945 pitomois
386 1868 495 1946 fructu
509 1872 664 1932 enudaret.
700 1871 802 1950 itaque
817 1870 853 1931 de
868 1870 977 1932 vitibus
994 1870 1051 1931 lroc
1065 1871 1256 1951 praepritur,
1275 1887 1382 1931 curau-

233 1976 305 2037 dum
331 1995 397 2038 esse
426 1986 458 2038 ut
482 1978 575 2038 nodos
603 1975 678 2039 bene
702 1976 843 2060 babeant,
871 1977 991 2058 deinde,
1019 1976 1090 2038 dum
1113 1976 1149 2038 ad
1173 1976 1296 2038 arbores
1319 1976 1382 2038 alli·

233 2092 354 2166 gantur,
385 2101 438 2163 pcr
465 2102 569 2144 omnes
598 2083 739 2145 arborum
768 2103 865 2145 reroos
893 2084 1056 2145 cavendum
1086 2103 1123 2145 ne
1149 2082 1383 2166 praecipitando,

234 2191 262 2252 lr.
283 2210 307 2252 e.
332 2190 505 2271 proiciendo
529 2193 559 2252 in
583 2210 682 2267 ramos
705 2191 750 2253 rel
774 2191 1033 2273 praestringendo,
1059 2200 1299 2272 corrumpantur.

324 2297 449 2359 Sicubi
471 2317 560 2378 opus
584 2301 656 2360 erit
679 2298 720 2360 de
744 2299 872 2360 arbore
892 2298 1098 2360 delciantur
1117 2301 1170 2360 uti
1189 2301 1224 2359 in
1244 2305 1381 2360 terram

234 2405 494 2485 deprimantur]
521 2408 715 2468 deliciantur
738 2415 768 2468 et
790 2410 821 2467 in
843 2414 958 2467 terram
983 2409 1195 2484 deprimantur
1213 2405 1383 2467 Merula-et

234 2513 340 2574 deinde
364 2512 472 2591 reliqui
495 2513 633 2573 editores.
679 2517 726 2574 ati
748 2517 779 2575 in
798 2522 914 2575 terram
934 2516 1146 2592 deprimantur
1164 2531 1199 2574 ex
1218 2514 1381 2593 archetypo

234 2622 361 2680 restitui.
399 2618 570 2680 deicinntur
593 2621 668 2680 vites
691 2618 728 2679 ab
750 2619 907 2714 arltoribus
930 2628 964 2681 ut
987 2622 1017 2681 in
1041 2628 1151 2681 terram
1175 2620 1383 2701 deprimantur

234 2735 264 2787 et
288 2726 402 2787 radices
425 2734 521 2804 agant.
563 2725 640 2786 idem
664 2728 847 2808 praecipitur
866 2724 954 2809 33‚2
978 2736 1008 2788 et
1027 2729 1058 2788 in
1077 2726 1251 2789 traducibus
1269 2725 1383 2788 vitibus

234 2833 377 2894 iaciendis
395 2832 472 2913 apud
491 2832 682 2894 Columellam
697 2833 721 2892 V
736 2831 765 2916 6,
780 2831 824 2896 30
843 2853 1066 2911 nonnumquam
1085 2839 1184 2910 etiam,
1204 2852 1273 2896 cam
1291 2835 1382 2895 ardo

234 2958 298 3002 rem
314 2947 405 3001 totam
419 2943 487 3000 attis
502 2944 751 3017 conprehendere
764 2945 877 3017 nequit,
897 2960 937 3002 ea
955 2960 1011 3002 usu
1028 2940 1091 3018 suit
1105 2950 1225 3019 partem
1244 2944 1382 3017 aliquam

233 3051 298 3108 eius
321 3049 471 3121 deflexam
493 3054 598 3108 terrae
622 3052 800 3125 immerpera
828 3056 857 3110 et
883 3066 993 3110 rursus
1021 3052 1064 3110 ad
1085 3052 1212 3110 eandem
1235 3049 1380 3110 arborem

234 3156 312 3215 duos
335 3157 383 3215 uel
403 3161 466 3215 tres
485 3157 672 3231 propapincs
696 3158 844 3230 excitare,
870 3173 929 3231 quo
949 3158 1092 3232 pluribus
1115 3157 1224 3217 vitibus
1247 3158 1381 3216 circum·

233 3268 322 3322 uenia
345 3264 475 3322 celerias
498 3264 654 3323 vestiatur.

320 3368 450 3429 XXXIII
471 3365 487 3428 1
514 3366 621 3438 Quam
641 3366 852 3430 altissimam
871 3371 1010 3431 uincam
1031 3370 1140 3430 facito
1160 3366 1238 3449 sqq.]
1258 3369 1381 3431 Catonis

232 3485 390 3556 praecepta
422 3474 459 3535 de
493 3475 586 3535 vineis
618 3493 677 3535 una
710 3494 778 3537 cum
811 3476 889 3557 aliis,
922 3495 997 3555 quac
1026 3486 1128 3557 postca
1157 3495 1182 3537 c.
1205 3474 1247 3537 41
1277 3484 1307 3536 et
1335 3473 1380 3536 49

231 3585 343 3663 scripta
371 3590 453 3662 sunt,
483 3580 600 3642 Plinius
618 3580 696 3641 liVll
717 3580 780 3673 illo
808 3585 959 3665 repetivit,
992 3585 1064 3645 Cato
1091 3586 1128 3644 de
1151 3586 1233 3644 omni
1254 3586 1382 3644 cultura

231 3693 335 3749 uitium
359 3692 402 3750 ita
421 3691 591 3765 praecanit,
615 3683 722 3764 ‘qaam
745 3693 921 3752 altissimam
941 3695 1059 3751 uincam
1075 3689 1174 3767 facito
1193 3693 1382 3766 allt'patoqne

231 3804 328 3871 recte,
365 3799 435 3856 dum
468 3815 506 3858 ne
537 3800 662 3858 nimium
694 3803 896 3875 constrinpas.
949 3800 1007 3860 hoc
1039 3801 1126 3859 modo
1158 3816 1225 3859 eom
1257 3806 1380 3872 curata,

231 3907 335 3980 capita
359 3906 462 3964 uitium
482 3923 541 3981 per
559 3909 714 3966 sementim
733 3908 924 3980 ablaqueato.
962 3909 1079 3965 vineam
1100 3911 1239 3981 putatam
1258 3898 1381 3982 (capita

230 4013 334 4072 vitium
359 4018 469 4088 putata
492 4009 539 4071 vel
559 4019 698 4089 putatam
721 4005 854 4093 codices)
877 4011 1100 4086 circumfodim,
1123 4030 1221 4074 arare
1243 4014 1382 4089 incipito,

230 4123 311 4179 ultro
348 4122 486 4193 citroque
521 4122 621 4180 sulcos
654 4126 818 4196 perpetuos
854 4121 966 4179 ducito.
1021 4122 1095 4179 uites
1132 4127 1254 4180 tenuas
1286 4136 1379 4194 qnam

227 4229 360 4301 primum
380 4232 567 4302 propapato,
590 4229 636 4286 ric
659 4234 766 4286 occato
790 4220 980 4308 (propapato
1003 4234 1072 4287 cato
1096 4219 1239 4308 codices),
1261 4232 1382 4287 ueteres

230 4348 321 4406 paam
344 4333 498 4392 minimam
521 4339 666 4395 castrato.
703 4336 806 4409 potius
828 4336 857 4394 si
878 4350 953 4409 opus
976 4336 1043 4406 erit,
1067 4335 1178 4394 deicito
1197 4335 1382 4408 triennioque

228 4446 297 4514 post
321 4442 502 4514 praecidite.
549 4445 638 4502 uitem
665 4443 812 4502 novellam
839 4443 980 4502 resecari
1001 4448 1063 4501 tum
1087 4443 1146 4502 erit
1169 4447 1297 4518 tempas,
1323 4443 1383 4502 adi
