2874 4994
242 304 304 370 132
601 312 791 369 GOMMENT.
810 312 850 368 IN
869 312 1027 369 CATONIS

240 464 336 547 28st
368 471 496 530 arbores
525 473 694 530 crassiores
721 472 825 545 digitis
855 470 984 546 uncc
1011 475 1115 543 erunt,
1146 485 1200 528 eos
1224 468 1383 544 praecisus

239 579 341 650 serite,
361 572 401 636 51
424 578 463 636 ab
482 578 594 638 arbore
613 578 667 638 obs
686 584 773 639 terro
789 580 869 655 pulli
885 581 939 652 qui
956 583 1132 650 noscentur,
1151 592 1201 637 eos
1221 577 1253 635 in
1272 581 1384 637 terrun

241 675 400 760 deprimite
428 691 457 743 et
487 680 564 764 133,
590 682 604 743 l
636 686 799 745 arboribus
827 687 866 745 ab
895 692 981 745 terro
1006 686 1085 762 pulli
1110 686 1166 759 qui
1193 684 1264 743 noli
1290 688 1384 757 mm

240 807 290 851 eos
313 793 483 850 interram
507 791 680 867 deprimite,
703 785 746 851 58
767 799 874 868 posteo
899 793 981 852 oleos
1005 792 1208 870 tempestivas,
1231 790 1316 849 unde
1337 791 1384 849 mt

240 899 351 957 nimum
380 899 439 957 olei
461 899 536 969 sieri
558 900 687 978 poterit,
718 915 770 958 ees
798 899 933 972 condito,
967 893 1063 977 76,3
1087 902 1195 974 posteo
1224 898 1257 957 in
1285 896 1385 957 tabula

236 1022 333 1080 puro,
361 1021 441 1079 quoe
464 1010 571 1080 puteat
595 1022 625 1080 p.
648 1004 677 1084 Ι,
707 1006 750 1064 ibi
777 1006 908 1065 balteum
932 1006 1046 1082 ponito.
1091 1002 1147 1062 alia
1176 1003 1244 1062 eius
1270 1002 1385 1081 generis

240 1108 373 1189 exempla
397 1109 534 1169 Hertzius
562 1111 593 1169 in
622 1108 758 1169 vindiciis
782 1108 922 1169 Gellianis
950 1108 1052 1169 atteris
1078 1128 1106 1187 p.
1126 1104 1169 1169 69
1196 1117 1229 1169 et
1255 1109 1290 1169 in
1317 1104 1385 1171 Geli.

239 1214 303 1276 xlv
322 1213 352 1298 2,
371 1213 414 1278 26
438 1216 586 1277 indicavit.

328 1322 395 1384 Ubi
422 1322 630 1384 concideris
658 1323 820 1384 delutato
849 1325 898 1383 ita
928 1341 1042 1403 neque
1067 1340 1219 1402 aspergo
1243 1320 1384 1384 nocebit

239 1450 354 1511 neque
373 1448 492 1492 mures
511 1449 597 1491 caua
617 1430 765 1508 facient]
791 1432 848 1492 ilbi
864 1433 1047 1512 concideris,
1066 1432 1200 1491 delutum
1219 1432 1384 1505 iterumque

240 1542 394 1615 aspergite
418 1556 562 1599 amurca:
586 1541 629 1598 ito
652 1556 749 1613 neque
772 1541 911 1599 curculio
935 1540 1055 1599 nocebit
1072 1556 1170 1613 neque
1188 1553 1294 1597 mures
1312 1554 1383 1598 com

237 1644 356 1720 socient
380 1644 581 1705 Schneiderus
605 1645 733 1704 coniecit
756 1643 870 1704 collatis
894 1646 931 1704 iis
955 1661 1030 1724 quae
1055 1643 1090 1704 de
1114 1645 1253 1722 granario
1277 1644 1382 1723 scripta

241 1758 311 1812 sunt
334 1769 359 1811 c.
379 1747 422 1813 92
445 1760 475 1811 et
499 1750 622 1811 uberius
641 1750 677 1811 dc
697 1751 813 1811 horreis
833 1751 909 1830 apud
931 1749 1121 1812 Columellam
1141 1750 1152 1810 1
1173 1747 1201 1830 6,
1224 1746 1275 1810 13.
1300 1751 1382 1810 immo

241 1857 277 1917 de
297 1856 478 1918 habitatione
497 1855 655 1918 delutanda
674 1858 899 1936 praecipiuntur
918 1858 1005 1918 haec:
1025 1876 1060 1918 ex
1082 1865 1161 1918 terra
1180 1875 1250 1918 cum
1269 1875 1381 1918 amurca

240 1972 271 2024 et
293 1965 386 2043 paleis
409 1967 501 2025 mixta
525 1964 693 2025 iaciendum
717 1963 895 2044 cetimum,
923 1983 982 2043 quo
1006 1974 1037 2025 et
1059 1966 1261 2044 pavimentum
1287 1971 1318 2025 et
1339 1983 1381 2044 pa

240 2073 331 2132 rietes
360 2073 545 2132 muniuntur.
592 2073 633 2132 ita
660 2072 693 2131 lit
721 2079 755 2131 ut
782 2090 879 2150 neque
907 2074 1037 2150 parietes
1067 2073 1224 2150 aspergine
1247 2070 1380 2133 imbrium

241 2177 404 2259 deleantur,
428 2197 525 2258 neque
548 2180 579 2239 in
603 2177 665 2238 solo
689 2196 790 2239 mures
809 2196 877 2238 cava
898 2178 1014 2239 iaciant.

330 2285 452 2347 CXXIX
474 2286 600 2346 Arcam
623 2284 683 2345 ubi
704 2285 920 2346 trumentum
939 2293 1081 2346 teratur
1100 2286 1152 2345 sic
1172 2285 1285 2347 iacito
1304 2304 1380 2347 con·

239 2393 402 2453 fodiatur
433 2395 570 2454 minute
603 2399 700 2452 terra
733 2410 874 2452 amurca
908 2392 996 2453 bene
1025 2392 1304 2473 conspergatur]
1331 2392 1380 2453 Pii·

241 2502 308 2560 nius
341 2498 433 2559 xvnt
461 2496 526 2561 295
559 2501 590 2560 in
623 2499 765 2578 operibus
797 2501 918 2559 rusticis
950 2518 1004 2579 per
1036 2507 1212 2560 autumnum
1245 2498 1380 2560 iaciendis

240 2609 325 2685 ponit
356 2605 447 2687 baec,
479 2624 574 2683 opero
607 2610 725 2667 rustico
757 2607 848 2666 buius
875 2609 1030 2667 intervalli
1055 2614 1171 2667 terrum
1199 2608 1319 2667 iterare
1344 2636 1381 2649 -

241 2730 364 2774 messem
395 2715 593 2773 hordeacium
622 2712 746 2788 socero,
778 2730 884 2774 orcam
917 2717 1006 2774 messi
1033 2731 1231 2791 praeparare
1266 2714 1382 2774 colosis

239 2822 389 2881 sententio
421 2837 550 2880 amurca
582 2827 798 2896 temperatam,
837 2820 953 2896 Vergili
983 2824 1147 2897 operosius.
1198 2818 1251 2880 sed
1285 2818 1328 2881 ibi
1354 2820 1383 2879 in

240 2928 361 3005 optimis
385 2925 537 2987 codicibus
556 2928 701 3004 scriptum
720 2936 767 2987 est
785 2945 891 2987 aream
909 2945 1031 2989 messem
1046 2944 1253 3003 praeparare,
1278 2928 1310 2987 in
1329 2944 1383 2987 uno

241 3033 376 3093 Parisino
404 3029 490 3094 6797
520 3051 625 3095 orcam
653 3051 776 3095 messem
803 3041 890 3094 creto
914 3052 1123 3112 praeparare,
1156 3031 1194 3092 ab
1222 3030 1384 3093 editoribus

241 3138 311 3198 otim
339 3137 425 3217 vulgo
453 3148 608 3218 receptum
636 3148 701 3199 erat
728 3157 834 3200 aream
863 3142 906 3200 od
928 3157 1050 3201 messem
1074 3146 1161 3201 creta
1181 3156 1383 3217 praeparere

241 3244 311 3305 binc
335 3243 536 3306 Schneiderus
564 3247 641 3325 apud
666 3245 807 3307 Catonem
834 3254 921 3308 creta
950 3265 1004 3325 pro
1028 3254 1115 3307 terro
1138 3245 1300 3324 legendum
1322 3262 1385 3307 esse

241 3353 377 3432 coniecit,
400 3350 597 3428 confodiatur
620 3357 734 3414 minute
756 3361 852 3414 creto.
897 3352 949 3413 sed
978 3362 1089 3414 cretam
1112 3355 1143 3413 in
1166 3371 1236 3415 area
1260 3370 1384 3414 comme

241 3461 366 3519 muravit
380 3457 526 3535 Vergilius
545 3477 644 3537 georg.
664 3457 755 3522 1178
774 3462 856 3521 Areo
876 3463 1068 3537 cumprimis
1088 3463 1205 3536 ingenti
1222 3461 1385 3536 aequando

240 3568 381 3642 cylindro
408 3566 444 3624 Et
468 3567 614 3624 vertendo
638 3583 730 3626 manu
753 3574 783 3626 et
806 3573 892 3627 creta
910 3568 1071 3627 solidando
1090 3569 1201 3641 tenaci,
1225 3582 1287 3625 non
1307 3565 1386 3627 Cato.

240 3672 343 3731 eadem
370 3673 402 3729 in
429 3673 597 3750 praeceptis
624 3671 661 3731 dc
689 3690 809 3732 amurca
837 3691 862 3732 c.
881 3668 922 3733 91
953 3675 1063 3751 scripta
1091 3681 1174 3753 sum,
1206 3690 1316 3734 areum
1341 3675 1385 3734 sic

237 3776 349 3854 facito:
372 3779 470 3836 locum
493 3779 547 3837 ubi
564 3777 664 3853 socies
688 3778 850 3854 confodite,
874 3797 949 3858 quae
973 3778 1086 3840 Plinius
1105 3778 1156 3839 XV
1175 3775 1219 3842 33
1238 3781 1398 3860 repetivit,¹

241 3901 369 3944 amurca
391 3886 495 3959 subigi
515 3902 607 3945 oreos
630 3889 764 3947 terendis
787 3888 939 3947 messibus.
977 3888 1078 3966 itaque
1101 3887 1173 3948 Cato
1196 3888 1227 3947 in
1252 3904 1289 3947 eo
1312 3884 1383 3966 ioco,

240 3989 292 4052 ubi
314 4009 382 4052 area
406 3990 539 4051 iacienda
562 4000 616 4072 est,
640 3994 733 4072 ipsam
758 4001 867 4053 terram
887 3993 1005 4053 coniodi
1028 4004 1058 4055 et
1079 4012 1199 4055 amurca
1219 3995 1382 4073 conspergi,

239 4106 350 4179 postea,
375 4098 426 4158 ubi
449 4115 600 4158 amurcam
624 4098 766 4180 conbibit,
789 4102 949 4160 comminui
973 4108 1003 4160 et
1026 4102 1185 4180 coaequari
1207 4099 1301 4161 iubet.

329 4204 464 4264 CXXXII
498 4202 514 4265 1
549 4204 627 4265 Ioui
659 4204 774 4284 dapali
808 4206 985 4286 cutignam
1019 4209 1095 4267 uini
1128 4215 1296 4286 quantam
1327 4208 1380 4267 uis

239 4309 435 4389 polluceto]
472 4313 623 4383 Queretum
657 4315 704 4371 uis
736 4310 888 4373 iucundus
916 4321 946 4372 et
973 4313 1079 4374 deinde
1108 4312 1217 4393 reliqui
1245 4312 1379 4374 editores.

239 4416 320 4476 Paul.
340 4436 400 4476 cxc.
421 4415 498 4477 Fest.
518 4437 545 4497 p.
565 4416 618 4498 51,
636 4415 657 4478 2
686 4419 814 4494 t'ulrpno
838 4439 890 4480 uas
910 4424 1076 4497 potorium:
1108 4422 1182 4482 Coto
1205 4412 1378 4497 ‘calipsum'
