2874 4994
340 340 470 395 RERVM
488 339 728 398 RVSTIGARVM
745 340 814 397 LIB.
832 342 858 396 Π
880 340 920 398 10
1132 333 1196 397 209

53 499 196 578 correxit,
220 505 253 557 ut
276 505 356 557 esset
378 515 559 577 communes,
582 514 640 557 non
664 515 827 571 commone,
851 508 884 558 ut
903 496 1053 558 Gesnerus
1077 497 1195 559 adnota-

52 604 105 664 vit
152 623 211 679 poe
232 612 302 664 sont
323 606 379 665 soi
401 623 461 666 uno
485 608 631 681 mopistro
653 609 804 666 communi
825 623 869 684 m,
891 607 946 679 pm·
966 612 1037 666 sunt
1058 607 1113 665 sul)
1136 622 1197 665 uno

51 713 204 785 naptstro
227 714 391 772 communis
414 711 579 791 apographa
604 710 758 792 ltalorum,
781 710 859 790 quod
883 710 1034 772 lucundus
1058 713 1197 771 restituit.

53 817 84 877 iu
106 816 257 895 prioribus
275 816 423 879 Victorius
442 816 479 877 dc
499 820 645 898 scriptura
665 818 816 899 archetypi
829 818 902 878 haec
921 817 1077 899 adnotavit,
1097 814 1196 879 ‘locus

52 923 138 984 valde
164 923 331 1001 mendosus,
354 927 446 984 unius
468 927 615 1000 cuiusque
635 928 738 1000 pt'sues
758 928 871 1002 propia.
917 923 989 985 haec
1018 927 1096 985 enirn
1125 927 1196 984 satis

53 1041 103 1093 est
125 1030 257 1092 indicare
281 1039 403 1111 propter
426 1034 629 1092 auctoritatem
661 1027 830 1093 librorum'.
876 1033 907 1093 in
935 1032 1108 1111 corrigenda
1132 1050 1195 1091 cor·

52 1149 144 1218 rupta
169 1141 315 1218 scriptura
336 1141 452 1219 pisces,
475 1156 551 1216 quae
579 1157 637 1198 una
665 1158 733 1199 curn
761 1138 913 1199 emendata
944 1138 1070 1199 lectione
1092 1142 1197 1214 prepis

52 1246 85 1305 lu
115 1245 217 1305 codice
246 1245 314 1325 luit,
342 1246 453 1306 trustra
481 1253 550 1324 post
578 1244 739 1307 Victoriam
772 1248 952 1324 interpretes
980 1244 1197 1306 laboraverunt.

52 1352 87 1412 in
109 1370 167 1412 sato
186 1370 284 1428 prepe
306 1353 433 1412 coniecit
456 1350 645 1412 Heidrichius
664 1351 834 1414 Varronian.
854 1352 866 1411 l
885 1372 912 1432 p.
930 1349 983 1413 41.
1027 1339 1196 1412 commones

52 1467 156 1519 autern
184 1462 279 1519 errori
310 1458 446 1520 Politiani
476 1459 664 1520 tribuendum
696 1469 753 1520 est:
786 1477 853 1520 nam
886 1462 915 1520 in
948 1458 1048 1519 codice
1082 1458 1195 1519 videtur

50 1570 222 1627 commonia
243 1567 388 1646 scriptum
413 1567 513 1627 luisse.
558 1567 686 1627 interdiu
720 1570 749 1626 in
778 1586 836 1627 uno
860 1584 979 1645 quoque
1002 1584 1092 1644 grege
1116 1583 1197 1645 sepa-

51 1676 142 1734 ratim
161 1673 250 1735 debet
268 1693 334 1735 esse
352 1684 505 1755 pastorum
524 1672 619 1756 cibus,
633 1677 748 1754 vesperi
767 1677 797 1734 in
817 1692 888 1734 cena
909 1675 1075 1733 communis
1093 1691 1197 1733 corum

50 1782 105 1860 qui
129 1779 186 1840 sub
210 1798 270 1840 uno
294 1782 434 1860 magistro
458 1789 534 1841 sunt

145 1887 214 1947 Alii
237 1905 300 1966 pro
328 1889 372 1948 iis
396 1890 457 1967 qui
484 1885 594 1965 aliut]
623 1888 682 1960 Qui
709 1886 834 1966 plurima
862 1886 1041 1966 apographa,
1065 1889 1140 1961 quid
1167 1888 1196 1947 in

53 1995 193 2075 principe
212 1993 341 2054 editione
361 1993 524 2054 Politianus
543 2012 600 2053 non
620 1996 758 2055 correxit
786 1997 840 2069 qui
856 1996 887 2055 in
906 1993 1067 2072 archetypo
1083 1992 1198 2054 videtur

52 2103 201 2179 scripturn
225 2100 326 2180 luisse,
350 2100 455 2161 deinde
480 2110 649 2161 correctum
672 2102 755 2175 quid.

145 2205 165 2266 6
198 2207 265 2279 Qut
288 2215 404 2268 autern
429 2210 570 2268 suntin
594 2206 747 2268 saltibus
778 2216 812 2266 et
840 2204 1078 2291 siluestribus
1106 2205 1197 2267 locis

51 2312 232 2394 pascunt}
270 2313 369 2375 Deleri
391 2323 472 2396 sunt,
490 2313 568 2393 quod
593 2333 629 2373 cx
652 2313 750 2374 littera
773 2333 787 2374 s
812 2322 929 2392 praeter
953 2312 1088 2373 ordinem
1107 2315 1197 2373 inter·

26 2406 151 2502 ''posita
175 2422 291 2481 videtur
313 2431 411 2482 ortum
436 2439 514 2501 esse,
542 2425 596 2496 pot
623 2429 722 2482 autem
751 2424 781 2482 in
811 2422 938 2481 saltibus
961 2427 991 2481 et
1013 2422 1198 2481 silvestribus

51 2532 129 2591 loct's
148 2535 289 2605 poscunt.
328 2546 394 2588 nam
414 2528 516 2589 eadem
536 2537 606 2588 suot
624 2528 770 2588 silvestria
790 2527 852 2586 loca
872 2536 901 2586 et
919 2526 1020 2608 saltus,
1039 2528 1069 2587 in
1089 2524 1197 2605 quibus

52 2637 129 2714 ipsis
152 2645 287 2713 pastores
310 2652 415 2714 greges
438 2644 572 2714 pascunt.

147 2738 165 2800 7
203 2739 296 2811 Quae
334 2744 369 2802 in
406 2760 513 2820 opere
551 2741 673 2802 multis
710 2739 923 2821 regionibus
961 2748 1028 2800 non
1070 2738 1200 2800 cedant

53 2846 163 2926 uiris]
189 2850 272 2921 Quae
296 2852 326 2909 in
350 2866 450 2925 opere,
473 2857 505 2909 ut
529 2853 561 2909 in
584 2853 684 2909 multis
708 2849 883 2925 ropionibus
907 2865 966 2908 non
990 2850 1102 2908 cedant
1125 2851 1199 2907 viris

55 2955 210 3017 iucundus
233 2966 263 3015 et
286 2954 392 3015 deinde
418 2956 523 3035 reliqui
547 2956 686 3035 editores,
705 2975 784 3031 quoe
807 2959 838 3015 in
861 2973 952 3030 opero
977 2958 1076 3015 moltis
1100 2957 1198 3030 repic-

51 3052 145 3124 iribtts
168 3079 228 3123 non
251 3063 363 3122 cedunt
386 3065 459 3123 viris
483 3061 618 3125 Ursinus.

146 3165 166 3230 8
199 3167 245 3227 lle
273 3170 459 3256 nutricatu
488 3168 552 3229 hoc
581 3168 661 3229 dico
692 3165 830 3227 easdem
861 3168 937 3225 lere
969 3176 1004 3226 ot
1036 3168 1198 3225 arcitrices

51 3284 90 3338 ct
114 3285 245 3336 matres
268 3274 378 3335 sernel
402 3274 509 3335 simul
533 3277 665 3354 aspicit
687 3273 727 3333 ad
752 3271 817 3350 mc]
837 3273 937 3333 Semel
953 3271 1060 3332 delevit
1080 3270 1199 3331 Merula.

51 3384 177 3445 eosdem
197 3381 268 3458 scre
290 3391 319 3443 et
342 3385 478 3444 nutrices
501 3390 531 3442 et
553 3388 673 3441 moires.
724 3380 897 3441 llemeliitts
920 3382 1010 3441 simol
1031 3383 1141 3456 aspicit
1159 3382 1201 3439 od

28 3508 102 3552 ore
129 3488 207 3550 edita
236 3488 305 3549 inde
334 3488 370 3549 ab
399 3489 503 3550 Aldina
531 3488 660 3549 editione
688 3486 878 3566 exemplaria,
908 3485 958 3547 nbi
987 3495 1099 3548 matres
1127 3505 1200 3560 csse,

49 3600 147 3659 adnot
167 3599 278 3673 aspicit
300 3594 439 3677 Ursinus,
463 3605 575 3657 matres
598 3599 803 3669 ascematus,
826 3597 916 3655 simul
938 3593 1048 3669 aspicit
1070 3591 1201 3670 Scaliger

51 3705 192 3765 coniecit.
232 3720 334 3763 verum
355 3702 467 3763 viderat
486 3702 611 3764 llerola:
637 3721 702 3762 narn
725 3703 756 3763 in
780 3700 940 3780 archetypo
959 3716 1027 3759 cum
1047 3698 1200 3758 emendata

51 3812 184 3873 lectione
206 3813 299 3871 simol
321 3811 431 3890 scripta
455 3821 518 3870 erat.
542 3817 681 3889 corrupta
705 3813 802 3869 semel.

147 3916 282 3977 Pueros
305 3935 393 3995 quos
417 3915 556 3976 alerent
579 3915 667 3976 alias
691 3913 855 3992 singulos
873 3912 962 3972 alias
986 3909 1090 3968 binos
1110 3928 1200 3988 quac

50 4022 298 4086 ostenderunt
321 4024 414 4083 letas
440 4033 582 4083 nostras
605 4041 693 4101 quae
722 4023 756 4081 in
786 4020 948 4097 conopiis
976 4020 1098 4077 iacent
1126 4015 1202 4074 dies

50 4131 196 4210 aliquot
224 4148 302 4190 esse
330 4126 555 4206 leuuncidas]
580 4130 707 4189 Aleront
729 4135 760 4188 et
782 4124 889 4187 deinde
912 4126 1108 4186 ostenderunt
1131 4141 1200 4202 apo·

51 4236 180 4320 grapha.
226 4253 330 4316 parum
356 4243 493 4297 accurate
517 4235 679 4296 Politianus
703 4233 854 4313 archetypi
883 4235 1059 4311 scripturam
1084 4229 1202 4290 adnota-

53 4347 114 4407 rlt:
145 4361 212 4404 narn
241 4347 360 4404 olerent
383 4352 413 4403 et
443 4345 604 4404 ostendunt
625 4343 656 4401 in
680 4342 813 4420 principe
838 4338 966 4400 editione
989 4356 1047 4397 non
1072 4340 1204 4397 mutarit.

45 4468 170 4537 pueros
199 4468 273 4526 patos
301 4454 420 4510 olerent
440 4482 484 4491 —
508 4467 586 4523 puae
612 4449 806 4509 ostenderent
833 4445 909 4506 edila
938 4443 1006 4504 inde
1035 4441 1071 4501 ab
1099 4442 1202 4503 Aldina

114 4562 193 4601 Vuae.
210 4571 262 4599 urit
278 4569 343 4599 over.
371 4561 402 4598 11.
958 4551 990 4597 ld
