2874 4994
158 299 226 366 266.
495 304 686 361 COMMENT.
704 305 745 361 IN
766 302 955 362 VARRONIS

157 459 249 546 5,1u
268 469 339 544 post
367 464 425 525 boc
455 480 551 524 cauea
580 479 649 524 cum
675 467 775 524 matre
801 462 946 525 cludmdi
970 466 1043 523 sunt
1065 466 1095 523 et
1118 457 1200 537 farre
1215 463 1263 523 lor·

157 575 271 659 deaceo
294 589 363 634 cum
386 587 469 647 aqua
492 573 610 631 incocto
629 572 677 632 oei
698 571 811 632 adoreo
826 567 921 647 farre
937 571 1007 630 uino
1026 585 1165 648 resperso
1180 571 1265 632 nodia

157 681 268 741 alendi.
305 678 341 739 ad
365 677 472 739 horum
496 676 630 757 exempla
652 676 742 738 verba
764 678 796 738 in
818 674 980 757 archetypo
1002 681 1145 755 corrupta
1166 675 1267 739 inhuuc

157 785 278 848 modum
301 784 451 866 supplevi,
470 789 624 863 polentam
651 788 777 846 meatum
800 801 870 847 cum
892 787 1027 847 nasturtt
1047 785 1160 845 semine
1179 787 1269 846 aissa

157 912 239 971 aona
263 897 419 970 aliquanto
442 897 514 954 ante
532 890 651 969 saetam
674 894 821 954 intritam.
866 890 984 971 polenta
1008 892 1077 952 vino
1100 897 1132 952 et
1158 907 1221 971 aqua
1237 893 1268 952 in·

157 1002 227 1062 trita
250 1000 326 1062 lacta
349 999 459 1061 dicitur
481 1017 556 1079 quae
580 998 694 1061 modice
718 997 882 1060 madefacta
904 1005 951 1060 est
967 1000 1041 1059 ‘rino
1069 1005 1101 1060 et
1127 1015 1207 1079 aque,
1225 1016 1267 1059 nun

156 1109 187 1169 in
210 1125 317 1187 aquam
338 1108 449 1188 intrita,
472 1115 506 1168 ut
528 1114 599 1167 sunt
621 1106 702 1189 haec,
725 1103 801 1189 119,
822 1102 864 1168 10
882 1122 996 1186 panem
1023 1109 1057 1168 in
1076 1109 1157 1169 tacte
1178 1107 1221 1168 deo
1237 1108 1268 1167 is·

156 1217 269 1291 tritum,
295 1210 336 1276 14
357 1215 487 1276 nucibus
507 1217 631 1289 praecis
650 1217 682 1275 in
700 1232 783 1290 apua
805 1216 895 1289 tritis,
914 1211 954 1273 111
969 1209 1000 1295 9,
1014 1209 1058 1275 21
1082 1216 1197 1276 miticeo
1209 1231 1269 1291 poue

156 1325 262 1384 intrito
285 1325 460 1397 inaquam,
483 1320 524 1382 lll
544 1318 593 1402 10,
613 1318 634 1383 6
656 1323 804 1383 bardesan
827 1324 966 1383 intritum
989 1323 1021 1381 in
1044 1337 1166 1397 apuam

248 1424 288 1489 14
330 1427 403 1500 Qua
440 1428 482 1489 de
519 1427 689 1489 clunibus
726 1429 917 1507 coeperint
951 1425 1086 1489 habere
1122 1430 1268 1509 pinnase

157 1537 275 1616 capite
299 1553 316 1595 e
339 1533 432 1595 collo
461 1552 586 1596 eorum
614 1534 744 1596 crebro
773 1535 932 1614 eligendi
959 1532 1086 1615 pedes]
1114 1536 1270 1609 wandode

157 1645 305 1705 clunibus
321 1641 399 1703 edita
423 1640 492 1702 inde
515 1660 532 1703 a
555 1643 690 1722 principe
719 1641 848 1703 editione
877 1640 1064 1721 exemplaria.
1110 1645 1270 1720 ecapiteet

156 1770 173 1812 e
201 1754 278 1812 colio
301 1747 462 1812 iucundus.
509 1751 685 1811 sententiam
714 1748 875 1824 verborum
902 1747 1154 1829 perturbaverunt
1175 1748 1271 1810 Ursinus

158 1866 188 1919 et
207 1856 417 1938 Schneiderus,
441 1874 509 1919 cum
533 1856 592 1919 huc
615 1857 767 1937 pertinere
790 1865 930 1937 putarent
953 1875 1029 1936 quae
1053 1855 1090 1918 de
1115 1874 1185 1918 cura
1205 1855 1272 1936 pulo·

155 1983 223 2026 rum
253 1967 364 2045 scripta
395 1972 465 2025 sunt
494 1963 571 2044 apud
600 1962 792 2026 Columellam
815 1962 878 2024 Vlll
896 1960 927 2047 b,
949 1961 988 2026 18
1009 1967 1120 2042 primu
1142 1968 1224 2041 quasi
1243 1967 1273 2024 in·

20 2135 25 2146 ,
152 2070 292 2149 sontibus
316 2073 423 2133 diebus
442 2073 661 2150 pertractandi
677 2079 748 2132 sunt
767 2075 981 2149 plumulaeque
1004 2073 1060 2134 sub
1080 2074 1182 2134 cauda
1202 2074 1274 2133 cluu-

156 2181 211 2242 bus
235 2179 452 2254 detrahendae,
472 2197 510 2240 ne
528 2185 666 2240 stercore
688 2182 895 2254 conouiname
913 2183 1081 2242 durescant
1098 2170 1129 2242 et
1145 2182 1275 2241 naturalia

154 2289 362 2365 praecludent
384 2294 414 2347 et
437 2286 473 2346 de
498 2286 610 2347 sartura
632 2284 671 2347 ib.
692 2283 721 2367 7,
740 2283 761 2346 2
781 2291 886 2364 pluma
914 2291 1010 2349 omnis
1033 2306 1050 2349 e
1072 2290 1174 2365 capite
1194 2293 1220 2348 et
1236 2287 1275 2347 sub

157 2398 215 2456 ales
238 2402 330 2470 atque
352 2395 492 2456 clunibus
515 2396 705 2470 detergetur,
730 2396 793 2455 illic
815 2413 853 2455 ne
873 2397 1049 2472 pediculum
1071 2402 1168 2469 creet,
1188 2397 1233 2456 bic
1249 2411 1276 2453 ne

155 2509 291 2563 stercore
310 2505 378 2563 loca
396 2504 555 2562 naturalia
574 2504 738 2562 exulceret.
778 2500 857 2562 unde
876 2499 1002 2562 Ursinus
1021 2501 1210 2564 scribendum
1225 2519 1275 2562 con·

157 2611 228 2670 iccit
251 2626 338 2685 quom
362 2612 518 2687 coeperint
541 2611 655 2670 babere
675 2611 797 2685 pinnas,
816 2626 873 2670 eae
896 2610 934 2670 de
957 2611 1099 2670 clunibus
1122 2612 1275 2681 credendae,

158 2714 359 2777 Schneiderus
382 2718 504 2790 quando
527 2717 683 2793 coeperint
705 2717 821 2777 babere
839 2718 1018 2808 pinnas‚·de
1040 2719 1180 2779 clunibus
1201 2720 1275 2778 deter-

155 2827 287 2902 gendum
309 2830 437 2904 stercus,
456 2841 473 2883 e
496 2825 597 2900 capite
615 2830 645 2885 et
662 2843 679 2885 e
698 2827 773 2885 coilo
797 2841 903 2885 eorum
921 2825 1033 2885 crebro
1053 2827 1186 2900 elioenai
1198 2825 1274 2902 pedes.

159 2931 275 2992 diuersa
294 2929 330 2991 ah
349 2928 396 2990 his
416 2937 486 2990 sunt
499 2927 639 2992 Varronis
654 2938 820 3011 praecepta.
846 2948 914 2992 nam
932 2930 969 2992 de
988 2930 1129 2992 clunibus
1146 2930 1274 3012 pullorum,

157 3037 207 3100 uhi
230 3040 337 3118 pinnae
361 3037 442 3098 nasci
470 3040 636 3119 coeperint,
659 3047 729 3099 ete
757 3040 852 3118 capite
887 3046 917 3099 et
939 3057 955 3099 e
980 3037 1056 3099 collo
1080 3057 1184 3100 eorum
1207 3035 1273 3120 pedes

156 3146 202 3207 vel
225 3144 379 3228 pediculos
403 3146 455 3224 qui
479 3143 566 3224 uulgo
589 3144 729 3206 dicuntur
753 3143 859 3206 crebro
884 3144 1036 3225 eligendos
1059 3164 1126 3207 esse
1150 3146 1222 3207 dicit

244 3251 491 3333 Prodigendae
520 3254 555 3314 in
583 3252 657 3314 sole
686 3262 720 3314 et
748 3255 784 3314 iu
812 3252 1043 3315 stercilinum
1075 3261 1115 3316 ut
1146 3253 1270 3315 uolitare

155 3363 301 3441 possint
324 3359 415 3440 quod
441 3362 490 3420 ita
513 3359 696 3421 alibiliora
715 3360 811 3423 liunt
829 3378 945 3440 neque
964 3358 1099 3440 pullos]
1115 3358 1272 3437 &adnati

156 3471 300 3529 insulem
332 3472 361 3526 et
390 3468 420 3526 in
448 3470 682 3544 sterquilinium,
711 3475 744 3529 ut
769 3486 803 3529 se
830 3470 968 3529 uolutare
993 3471 1124 3550 possint,
1150 3471 1224 3546 quad
1241 3468 1270 3525 io

156 3575 425 3647 odibilioresfiunt,
444 3591 541 3649 neque
558 3577 659 3652 pullos
678 3580 795 3635 tantum
814 3592 848 3635 ex
869 3573 975 3635 Aldina
994 3574 1125 3636 editione
1145 3574 1269 3637 Victorius

152 3680 377 3756 predicendum
402 3678 542 3759 Scaliger.
588 3685 726 3742 uolutare
749 3699 808 3741 non
837 3679 937 3742 addito
966 3685 1142 3761 pronomine
1168 3676 1270 3743 delendi

156 3786 248 3848 idem:
272 3786 311 3847 lll
333 3783 422 3868 lut
448 3805 516 3849 cum
539 3806 625 3849 mare
647 3789 795 3851 turbaret.
842 3806 1021 3869 quamquam
1050 3793 1164 3869 passive
1185 3789 1269 3850 dictum

156 3903 202 3956 est
225 3895 349 3956 volutari
377 3891 452 3976 114,
471 3892 491 3957 8
520 3902 554 3955 nt
582 3899 752 3956 volutentur
775 3906 806 3956 et
829 3894 866 3957 de
890 3897 962 3975 ipsis
986 3895 1103 3976 gallinis
1127 3915 1209 3978 supra
1226 3885 1268 3970 §l

156 4006 187 4065 in
206 4008 334 4081 puluere
356 4005 496 4064 volutari.
533 4012 687 4082 praeterea
706 4004 919 4081 prodigendos
942 4021 979 4064 ex
1003 4003 1162 4085 archetypo
1180 3996 1269 4065 restitui

155 4118 333 4190 etiamtum,
357 4109 436 4187 quod
459 4109 611 4172 iucundus
635 4109 797 4192 addiderat,
820 4111 923 4172 delevi.
965 4111 1018 4172 sed
1042 4120 1180 4173 neutrum
1200 4121 1269 4189 putu

155 4219 309 4278 adibitiora
333 4215 535 4295 neglegentiae
555 4215 694 4278 Varronis
713 4217 905 4280 tribuendum
925 4236 991 4278 esse
1011 4237 1069 4279 non
1090 4228 1169 4299 puto.
1194 4221 1268 4292 inque

156 4325 262 4403 scripsi
278 4326 490 4402 prodigendae
508 4327 539 4384 in
557 4327 648 4385 sotem
663 4332 693 4385 et
710 4330 742 4387 in
760 4329 958 4401 stercilinum,
972 4332 1007 4387 ut
1024 4330 1162 4390 uolutare
1171 4321 1268 4404 posim

156 4432 238 4505 qrtod
259 4433 302 4491 ita
327 4433 494 4492 odibiliores
514 4434 602 4510 fiunt,
625 4449 723 4508 neque
741 4438 850 4512 pullos,
873 4436 929 4495 sed
949 4451 1036 4496 omne
1058 4451 1124 4514 sqq.
