2874 4994
154 312 220 378 204
496 322 688 380 COMMENT.
704 324 746 379 IN
766 322 953 381 VARRONIS

154 478 270 558 scripsi,
289 496 348 557 quo
367 497 454 540 omne
477 497 572 559 genus
595 478 817 542 esculentorum
836 477 998 559 alguideeri
1021 478 1147 558 potent
1175 470 1262 535 cibel!

153 587 235 645 oanis
259 587 380 665 propior
404 597 450 648 est
472 586 602 647 hominis
624 585 736 649 eibatui
758 604 847 666 quam
873 587 952 668 ovis,
975 585 1118 664 quoniam
1141 582 1175 643 ib
1195 577 1263 641 relus

153 690 262 770 quibus
284 692 420 753 homines
444 703 605 755 vescuntur
629 701 660 754 et
682 691 801 754 ossibus
823 694 965 773 pasoitur.

241 794 261 858 9
285 798 362 860 Nisi
385 802 415 861 si
439 808 476 861 ut
499 799 644 879 quidam
667 807 796 880 putant
819 801 925 861 etiam
947 795 1039 860 illue
1061 794 1266 877 peruenerlu

152 905 385 984 prouerbium
418 916 457 968 ut
484 906 620 968 tollunt
647 908 804 969 antinum
833 905 890 968 uel
916 906 1025 967 etiem
1053 910 1093 965 ut
1119 896 1269 966 ΜΤΘΟΝ

151 1014 316 1090 aperiant
334 1012 375 1075 de
394 1024 566 1076 actaeone
585 1014 701 1093 adque
720 1017 755 1075 in
772 1013 953 1075 dominum
971 1010 1141 1075 adierant
1155 1003 1268 1087 denter]

157 1120 193 1180 Ut
216 1123 323 1181 tollant
345 1140 374 1181 m
398 1131 428 1182 et
451 1121 542 1182 codex
568 1120 728 1201 Caesenas,
751 1129 786 1183 ut
807 1120 942 1183 ridetur:
964 1136 1035 1181 nem
1056 1115 1198 1179 Politian
1215 1112 1270 1175 tes

153 1224 181 1285 id
202 1224 308 1288 tribuit
331 1227 490 1289 Gesnerus.
529 1231 590 1289 nisi
612 1236 645 1289 ut
668 1231 792 1304 quidem
812 1234 925 1305 putent
946 1232 977 1289 et
998 1228 1074 1287 r'llrec
1094 1224 1270 1302 permisi,

148 1335 503 1408 proverbiumfrtlollunt
521 1340 687 1416 antiquum,
702 1340 751 1398 rel
766 1339 858 1398 etiem
875 1342 911 1396 ut
927 1335 1076 1411 aperient
1092 1333 1132 1393 de
1149 1330 1272 1393 seram

151 1438 277 1522 Merula,
301 1446 362 1503 nior·
383 1448 422 1519 si,
445 1453 479 1505 ur
499 1451 610 1520 portent
632 1446 764 1525 quidem,
787 1446 878 1504 eriora
902 1445 976 1504 illue
993 1440 1203 1518 pervenerint,
1218 1453 1271 1514 pro

148 1549 283 1608 veroium
307 1558 341 1610 ut
362 1554 470 1612 tollunt
493 1554 665 1625 antiquum,
697 1546 855 1633 βουλιμιᾷ
877 1540 986 1626 κύων,
1011 1547 1156 1625 aperiant
1178 1544 1212 1604 de
1229 1544 1272 1603 de-

149 1662 258 1715 taeone
281 1654 446 1735 iucundus,
470 1660 530 1717 naal
551 1661 643 1718 etiam
666 1660 739 1718 illue
758 1658 970 1734 pervenerint,
992 1650 1112 1734 μῦθον
1135 1658 1169 1713 ut
1190 1653 1273 1712 tollor

150 1764 308 1836 erotipuum
336 1767 384 1824 rel
409 1767 500 1825 etium
527 1770 561 1824 ut
589 1767 732 1841 aperiant
755 1761 890 1824 Ursinus.
936 1759 1092 1839 archetypi
1120 1759 1275 1838 seriptum

150 1866 297 1928 Victorius
332 1871 471 1931 restituit.
517 1877 551 1931 ut
586 1874 694 1931 tollant
730 1888 765 1931 ex
798 1868 899 1930 Ursini
935 1869 1113 1929 coniectura
1148 1865 1275 1926 denno

148 1973 249 2036 edidit.
286 1979 316 2036 in
340 1977 547 2057 reliquisnon
573 1988 636 2038 erat
659 1995 714 2039 eur
736 1976 773 2037 de
794 1978 917 2038 veritate
941 1975 1081 2036 lectionis
1102 1970 1276 2033 dubitaretur.

148 2099 215 2142 nam
238 2082 275 2144 de
299 2084 457 2164 proverbio
481 2087 603 2164 antiquo
627 2083 664 2145 de
684 2083 807 2145 canibus
831 2086 934 2144 inanes
958 2092 1031 2143 sunt
1054 2078 1204 2141 editorum
1223 2094 1275 2138 oon

145 2189 285 2250 iecturae.
336 2190 428 2251 Varro
470 2191 548 2271 quod
591 2189 782 2271 proverbium
823 2190 932 2251 dixerit
967 2191 1033 2267 ipse
1074 2186 1215 2249 iudicavit
1250 2183 1277 2244 de

146 2294 215 2375 ling.
238 2296 286 2357 lat„
306 2294 402 2358 v131
428 2303 515 2359 conis
538 2302 682 2360 caninam
705 2316 765 2360 noe
789 2304 841 2359 est.
887 2298 988 2375 itaque
1021 2294 1060 2356 de
1089 2293 1210 2355 cibariis
1229 2289 1277 2351 dili·
1314 2328 1317 2373 :

146 2412 251 2481 genter
283 2403 499 2483 providendum
528 2416 587 2487 est,
620 2403 730 2484 quibus
757 2406 785 2465 si
812 2413 916 2464 carent
943 2420 1047 2483 canes,
1076 2420 1114 2463 eo
1141 2399 1277 2481 pervenit

145 2518 280 2589 possunt,
304 2520 337 2570 ut
360 2522 411 2572 aut
434 2513 555 2591 antiquo
580 2511 752 2592 proverbio,
775 2509 854 2591 quod
877 2518 925 2571 est
948 2503 1048 2570 ‘oanis
1072 2510 1211 2569 οοοίοιοι
1233 2521 1277 2565 non

146 2609 217 2696 est'‚
241 2615 357 2677 sublato
380 2620 438 2697 ipsi
460 2621 540 2679 inter
563 2637 596 2679 se
620 2619 789 2698 comedant,
812 2625 864 2678 aut
891 2618 921 2677 in
953 2615 1128 2696 domiuum,
1151 2615 1228 2676 deut
1244 2620 1280 2672 et

146 2723 176 2782 in
201 2720 308 2782 sabulis
332 2722 368 2782 de
393 2725 551 2798 Actaeone,
575 2727 719 2803 impetum
743 2725 859 2785 iaciant.

238 2824 279 2888 10
310 2827 470 2890 Necnon
494 2833 543 2891 ite
567 2850 693 2910 panem
722 2830 957 2892 hordeacium
984 2828 1140 2891 dandum
1164 2835 1280 2890 utnon

144 2935 268 3013 potius
291 2953 368 2996 eum
392 2938 426 2996 in
451 2936 543 2998 laete
567 2938 630 2999 des
653 2936 835 3016 intritum]
855 2936 1040 2999 Hordeonius
1064 2937 1153 3016 panis
1173 2931 1281 2996 mter

145 3040 260 3103 dandus
288 3052 334 3102 est
361 3046 415 3124 ita,
444 3053 478 3104 ut
505 3045 627 3105 intritus
655 3047 755 3124 potius
784 3045 852 3105 laeti
880 3061 969 3121 quam
998 3044 1065 3104 sine
1094 3041 1173 3103 laete
1200 3040 1281 3101 detur.

144 3147 346 3228 neglegentiae
369 3159 469 3211 autem
493 3159 523 3212 et
547 3151 683 3212 brevitati
707 3150 825 3211 dieendi
855 3149 1050 3211 tribuendum
1078 3159 1141 3230 est,
1165 3146 1283 3228 quod'n

144 3254 236 3315 altera
264 3265 348 3336 parte
382 3259 548 3318 sententiae
581 3265 648 3318 ante
673 3261 775 3334 potiore
803 3258 963 3336 repetitum
993 3263 1040 3316 est
1068 3273 1145 3329 non,
1173 3253 1211 3314 de
1234 3268 1283 3332 gno

144 3359 205 3421 dixi
228 3359 289 3442 12,
309 3360 359 3424 23.
756 3430 759 3436 ,

234 3469 257 3526 Α
282 3486 411 3544 penore
436 3486 504 3529 non
532 3471 605 3529 oito
628 3466 797 3546 deseuut]
821 3469 976 3531 Deseritur
998 3485 1037 3547 ιιι,
1061 3469 1237 3530 deseisem
1255 3483 1283 3525 ex

144 3573 261 3633 luntina
281 3573 410 3635 editione
425 3574 574 3635 Victorius
589 3583 619 3634 et
634 3584 701 3654 post
719 3575 800 3636 hune
819 3574 927 3653 reliqui
946 3583 1141 3653 receperunt
1165 3576 1285 3650 desert,

145 3678 224 3756 quod
248 3696 303 3757 pro
328 3683 485 3745 dehiscere
509 3680 553 3740 vel
577 3684 715 3743 deiecere
736 3681 850 3742 dictum
873 3680 982 3759 legitur
1009 3682 1042 3741 iu
1066 3679 1178 3760 glossis
1200 3679 1285 3742 latinis

144 3803 170 3843 v.
189 3782 225 3843 lV
249 3804 276 3864 p.
295 3781 347 3866 50,
369 3785 420 3849 17.
443 3784 517 3867 329,
537 3785 593 3867 333
616 3784 669 3868 37,
693 3785 729 3846 ab
753 3785 898 3848 hocloco
922 3785 1055 3848 alienum
1078 3796 1137 3849 est

233 3890 322 3952 Dant
350 3895 456 3954 etiam
484 3896 541 3953 ius
568 3912 608 3952 ex
637 3890 799 3971 ossibus]
825 3895 880 3955 Ius
906 3895 938 3954 in
960 3891 1128 3974 archetypo
1153 3895 1285 3973 seriptum

143 3998 234 4078 luisse
254 4016 418 4059 consensus
437 3999 674 4078 apographorum
694 3999 865 4081 persuadet,
883 4017 1067 4079 quamquam
1089 4003 1130 4063 r's's
1148 3998 1287 4062 adnotavit

141 4102 317 4183 Politianus,
341 4108 439 4165 miuus
462 4116 612 4189 accurate,
636 4113 670 4167 ul
693 4105 822 4187 videtur,
844 4108 994 4186 scripture
1016 4106 1139 4169 eodieie
1161 4105 1287 4169 udieata

235 4206 272 4267 ll
308 4208 402 4277 Quae
435 4229 513 4271 oum
545 4211 719 4273 admissae
747 4214 897 4292 pariunt
923 4214 1083 4274 eireiter
1116 4205 1287 4291 solstitio}

148 4314 233 4382 Quae
250 4320 323 4373 tunc
342 4317 492 4379 odmusee
506 4317 641 4380 Ursinus.
674 4337 754 4394 qaae
772 4327 834 4380 torn
853 4322 1008 4381 Medeae
1024 4322 1156 4400 scripsi:
1174 4335 1291 4401 geopon

142 4415 208 4477 xlx
227 4415 256 4497 2,
276 4415 297 4480 6
322 4415 470 4500 βιβάζειν
493 4416 530 4485 dl
553 4417 616 4505 χρὴ
641 4424 738 4503 ἔαρος
760 4415 965 4507 ἀρχομένου,
987 4416 1086 4507 derare
1114 4417 1137 4491 ὁ
1168 4417 1293 4498 rosade
