2874 4994
279 344 328 398 Du
348 345 438 400 Actu
456 345 629 401 OVLTVRA
647 346 788 410 efflavit
807 344 836 400 0.
858 345 1030 403 tot—159
1165 338 1226 402 183

62 518 143 563 cum
185 498 314 560 radice
346 517 408 559 sua
440 499 611 561 feliculae
641 497 790 580 pullum]
821 502 940 561 Pullum
968 500 1130 563 Politianus
1158 521 1225 562 cum

63 607 270 689 apographis,
299 625 357 668 non
381 612 533 688 paullum,
561 617 595 668 ut
618 608 769 669 Gesnerus
797 608 955 669 adnotavit.
997 613 1123 685 paulum
1147 610 1224 670 edita

64 712 135 775 inde
179 731 200 772 a
235 716 369 792 principe
402 714 531 776 editione
565 716 752 795 exemplaria.
808 715 880 795 pulli
913 715 1026 776 surculi
1060 719 1156 777 teneri
1188 736 1223 777 ex

67 819 231 881 radicibus
254 820 394 882 arborum
418 830 574 884 nascentes
598 822 739 883 dicuntur
764 842 789 883 c.
809 819 849 884 51
875 825 914 883 ub
934 824 1046 884 arbore
1065 826 1119 884 obs
1138 831 1224 885 terru

14 996 16 1003 Ι
63 929 144 1005 pulli
174 932 235 1004 qui
261 936 440 1003 noscentur,
471 927 580 1009 133‚1
611 932 775 991 arboribus
799 932 853 990 ads
876 937 963 991 terro
983 934 1063 1007 pulli
1083 936 1138 1006 qui
1158 936 1226 992 uati

14 1026 16 1039 '
68 1040 174 1094 mut.
216 1033 290 1094 Piin.
305 1033 381 1094 xvu
396 1032 440 1096 65
463 1045 577 1096 natura
601 1045 630 1096 el
646 1039 806 1113 plantario
825 1039 1042 1097 demonstrauit
1059 1042 1223 1099 multorum

69 1141 239 1202 radicibus
257 1145 429 1218 pullulante
451 1145 555 1205 subole
577 1146 672 1204 denso
696 1152 726 1204 el
743 1146 888 1220 periente
911 1153 1009 1205 matre
1032 1163 1109 1221 quos
1128 1155 1223 1209 necet.

13 1324 15 1329 Ι
68 1277 113 1288 -
129 1252 225 1310 nullis
244 1267 316 1311 uero
335 1254 411 1312 tales
427 1253 538 1327 pulluli
551 1254 743 1327 proueniunt,
762 1254 823 1311 uisi
836 1269 967 1326 quorum
982 1255 1105 1313 radices
1119 1272 1223 1314 cruore

67 1355 146 1414 solis
171 1363 264 1432 alque
287 1359 391 1417 imbris
415 1361 446 1418 iu
468 1375 584 1418 sumum
607 1361 716 1418 tellure
738 1362 979 1434 spondulum-
996 1360 1085 1419 Felix
1108 1367 1137 1419 et
1154 1359 1221 1436 seli-

66 1462 147 1520 culc
171 1461 261 1523 habet
284 1463 376 1523 codex
401 1462 664 1542 sangermanensis
688 1463 865 1526 Columellae
889 1464 915 1525 ΙΙ
935 1463 1030 1543 2,13.
1063 1465 1101 1526 ib.
1128 1466 1176 1547 14,
1192 1465 1220 1528 6.

66 1563 109 1623 Vi
131 1565 186 1648 et,
202 1567 252 1631 11.
281 1569 320 1630 xt
340 1568 369 1651 2,
388 1568 431 1632 62
455 1581 485 1632 et
505 1571 619 1647 felictis
642 1570 667 1630 il
687 1569 716 1652 2,
731 1569 761 1653 9,
786 1572 907 1648 felicem
932 1581 961 1633 et
981 1573 1107 1650 felicum
1131 1573 1220 1635 Medi-

64 1689 152 1733 ceus
174 1675 290 1756 Vergilii
315 1677 460 1757 georgii
481 1675 544 1740 189
568 1687 598 1739 et
621 1677 754 1758 1112973
777 1682 849 1740 itern
873 1680 949 1760 apud
971 1679 1098 1741 Plinium
1117 1683 1219 1759 optimi

62 1779 195 1845 codices
213 1787 343 1865 saepius,
363 1784 507 1860 felicolae
526 1785 596 1846 iibri
615 1785 768 1847 Ciceronis
787 1786 923 1866 paradox.
949 1785 1040 1868 t,11,
1061 1787 1221 1863 felicitatis

61 1903 131 1963 pro
159 1890 287 1965 felicatis
316 1891 408 1952 codex
436 1892 586 1954 Mediceus
615 1892 767 1954 Ciceronis
795 1896 880 1972 epist.
910 1894 944 1954 ad
973 1894 1030 1954 tu.
1056 1892 1090 1953 Vl
1118 1893 1144 1974 1,
1172 1892 1221 1974 13,

56 1990 201 2065 solicola
225 2008 338 2077 potero
366 2008 396 2060 et
420 1999 522 2075 felicis
549 2003 664 2061 lierboe
692 1999 775 2060 Pauli
803 2008 941 2079 excerpta
966 1999 1043 2061 Fest.
1068 2019 1094 2079 p.
1119 1998 1171 2081 86,
1190 1998 1219 2063 5.

61 2094 173 2176 Caper
189 2104 224 2166 de
242 2105 375 2184 orthogr.
394 2124 423 2184 p.
445 2103 549 2185 106,1
571 2108 710 2180 Felicem,
734 2126 794 2167 nou
810 2110 922 2180 filicem
942 2111 1047 2168 dicere
1065 2110 1220 2170 dedemus:
1319 2157 1323 2163 .
1402 2094 1406 2105 '

60 2210 161 2271 unde
185 2222 212 2274 el
230 2213 362 2291 [eliceto
385 2231 480 2289 opero
500 2217 622 2289 priores
646 2216 794 2274 dixerunt
815 2219 951 2275 cuelutu:
979 2218 1060 2276 uude
1083 2223 1112 2277 et
1131 2215 1218 2291 selim

59 2326 168 2383 quam
196 2325 240 2382 ilo
268 2323 363 2382 credo
391 2323 517 2395 dictum,
551 2323 633 2396 quod
658 2323 699 2380 sit
725 2324 824 2381 miuus
848 2321 928 2397 felix
954 2327 1045 2382 urvis.
1096 2323 1218 2400 glossar.

58 2427 241 2492 graeco-tat.
266 2445 292 2489 r.
316 2425 341 2486 li
360 2447 388 2506 p.
408 2424 482 2506 217,
502 2424 544 2488 38
568 2425 731 2508 ἅγροστις
753 2431 811 2489 Ιιοο
831 2446 960 2502 promen
981 2428 1069 2503 felte.

165 2533 368 2596 Mitulorum
392 2534 424 2594 1..
444 2533 483 2612 ll]
508 2535 696 2595 Medulorum
719 2534 753 2596 L.
773 2536 813 2594 II
831 2553 866 2594 ex
890 2534 993 2594 Aldina
1018 2536 1146 2596 editione
1171 2557 1216 2598 re-

62 2643 191 2709 ceptum
215 2649 287 2702 erat.
333 2645 506 2703 mitulorum
530 2659 565 2701 ex
589 2639 750 2720 archetypo
774 2642 906 2703 restitui:
935 2641 1038 2704 Athen.
1063 2642 1101 2702 ill
1126 2663 1154 2723 p.
1175 2642 1217 2708 85
1254 2660 1260 2699 ,·

66 2728 141 2813 “iv
162 2747 315 2810 τελλίναν
343 2741 380 2809 dl
409 2743 592 2829 λεγομένην
621 2749 700 2819 ἴσως
723 2744 834 2826 δηλοῖ,
862 2743 906 2827 ἢν
925 2742 1078 2828 Ῥωμαῖοι
1100 2750 1217 2830 μίτλον

69 2834 280 2935 ὀνομάζουσι.

162 2961 181 3025 2
200 2946 359 3024 Ιοάἱοοῶ
379 2980 476 3023 sume
496 2961 562 3022 libi
578 2958 787 3041 sextarium]
804 2963 941 3023 Indidem
957 2981 1024 3023 omn
1039 2965 1216 3043 apographis

8 3094 11 3145 ς
80 3053 247 3149 intumus,
275 3087 334 3130 non
362 3072 499 3142 iulidem,
527 3077 562 3130 ut
587 3067 738 3128 Gesnerus
767 3067 923 3129 adnotavit.
970 3073 1071 3130 itidem
1095 3058 1216 3152 Merula,

7 3168 12 3269 L
84 3169 204 3240 indidem
228 3197 262 3238 ex
289 3195 377 3237 manu
401 3178 521 3255 scriptis
545 3175 628 3235 libris
652 3174 803 3235 iucundus
826 3177 966 3235 restituit.

160 3283 313 3346 Exustot
336 3283 446 3344 rebus
469 3282 561 3362 quod
586 3284 761 3360 scriptum
785 3293 963 3341 estunam
983 3282 1073 3360 qnod
1094 3302 1214 3346 eorum

83 3394 128 3452 uis
151 3392 268 3453 aluum
292 3390 437 3452 deicere
462 3386 595 3468 potest]
623 3390 753 3450 Ecuslol
775 3391 866 3450 rebus
889 3388 1014 3467 piurima
1039 3390 1214 3472 apographa,

76 3519 111 3562 ex
132 3502 179 3561 luis
203 3507 246 3560 tot
266 3500 357 3559 rebus
376 3496 453 3558 edita
473 3506 541 3558 ante
562 3495 724 3557 Victorium
744 3496 932 3576 exemplaria,
955 3496 1033 3576 quod
1053 3495 1214 3558 Politianus

72 3611 101 3669 in
124 3609 260 3688 principe
285 3605 415 3666 editione
440 3623 498 3664 non
521 3605 661 3684 correxit,
685 3623 724 3665 ex
744 3608 781 3664 iis
800 3612 843 3665 lot
861 3605 953 3667 rebus
972 3603 1129 3665 Victorius.
1168 3607 1214 3665 luis

65 3719 98 3778 in
124 3732 185 3776 uno
209 3713 311 3775 codice
335 3711 354 3774 h
379 3713 487 3772 inveni.
524 3710 631 3771 deinde
655 3720 728 3786 quot
750 3714 896 3789 scriplum
916 3720 960 3772 est
978 3710 1099 3782 Merula.
1135 3715 1217 3786 quod

62 3826 216 3899 scriptum
240 3829 283 3882 est
307 3819 455 3881 Victorius
476 3837 512 3878 ex
531 3817 633 3879 codice
653 3817 743 3899 dedit,
767 3818 794 3880 h.
814 3836 839 3878 e.
860 3836 950 3878 unum
971 3819 1048 3897 quod
1069 3821 1214 3897 scriplum
1273 3854 1279 3869 ·

59 3936 125 4010 est,
162 3928 369 4007 quodcumque
402 3928 459 4005 vis,
492 3945 526 3985 ex
561 3927 597 3985 iis
631 3935 689 3985 tam
720 3925 823 3987 multis
851 3925 942 3984 rebus
971 3924 1067 3984 aivum
1096 3925 1214 3985 deicere

58 4043 176 4118 potest.

158 4141 250 4202 CLIX
282 4139 516 4219 Intertrigini
546 4139 741 4200 remedium
770 4141 805 4199 in
834 4141 925 4198 uiam
953 4157 1028 4197 curn
1058 4137 1127 4198 ibis
1156 4157 1213 4217 ap-

5 4308 9 4315 .
58 4247 184 4312 sinthi
221 4250 360 4326 pontici
392 4246 576 4309 surculum
610 4245 674 4306 sub
707 4245 812 4305 anulo
845 4242 987 4321 habeto]
1022 4244 1149 4305 Rubrica
1183 4247 1213 4305 in

58 4355 229 4436 archetypo
257 4357 439 4434 praescripta
467 4362 552 4414 crant
580 4353 665 4434 haec,
695 4354 890 4426 Intertriqiui
916 4355 1081 4413 remedium
1108 4356 1137 4412 si
1161 4356 1213 4412 uio

59 4466 133 4539 tols,
157 4469 189 4523 et
211 4463 243 4523 in
266 4459 364 4521 indice
387 4459 585 4541 capitulorum
610 4462 805 4535 Intertrigiui
826 4462 853 4519 si
875 4462 928 4520 uia
953 4460 1010 4520 ibis
1032 4463 1214 4531 remedium;
