2874 4994
252 314 272 377 6
592 322 782 377 COMMENT.
804 323 841 377 ΙΝ
860 322 1048 378 VARRONIS

250 480 364 557 qrtood,
388 476 410 533 V
432 475 473 539 15
495 480 598 552 quood
618 481 646 537 in
672 481 773 552 aliquo
796 480 930 538 constitit
947 482 1091 555 pretium,
1113 476 1192 541 in
1218 482 1318 554 quoad
1332 500 1376 557 po

250 587 347 645 (ταίην
363 587 547 645 consuetudo
563 593 593 645 et
608 587 638 644 in
654 593 753 644 vetere
768 583 893 644 formula
909 582 988 647 7718
1004 588 1157 660 quoad-
1169 604 1379 668 nuncuparem,

251 695 321 752 item
345 690 368 748 V
388 690 430 753 23
454 695 557 767 quood
574 695 747 752 irroremutus
765 695 812 765 sit,
836 690 886 751 ubi
905 695 988 767 quod
1004 694 1034 753 in
1055 691 1158 752 codiee
1177 693 1320 773 seriptum
1336 703 1380 755 est

253 802 358 876 qrvuud
385 798 591 859 Lachmannus
619 801 649 859 in
677 798 796 859 Luc-ret.
815 817 842 877 p.
863 796 926 862 331
957 801 1129 861 coniectura
1158 802 1279 861 restitui
1304 800 1381 863 voluit

258 905 350 966 semel
369 903 464 988 7117,
483 905 533 966 ubi
554 908 582 965 io
603 906 704 966 rodire
725 908 833 983 scripta
853 915 922 966 suot
936 905 1018 987 haee,
1037 911 1156 968 eoelum
1173 924 1239 983 qua
1252 911 1383 970 atterimur

250 1017 537 1089 disterminantem
560 1012 611 1072 sed
632 1011 671 1072 ibi
692 1031 796 1072 verum
815 1030 881 1072 esse
900 1021 973 1092 puto
993 1013 1071 1094 quod
1091 1032 1127 1073 ex
1144 1013 1249 1075 Aldina
1264 1014 1382 1077 editione

251 1129 405 1198 receptum
429 1129 474 1180 est
502 1139 563 1195 quo
591 1123 713 1179 tuimur.
759 1130 912 1199 praeterea
940 1124 1047 1196 prraad
1072 1122 1101 1181 in
1130 1120 1267 1183 Medieeo
1293 1122 1383 1183 eodioe

250 1227 358 1307 iegitur
381 1227 459 1306 apud
484 1227 617 1287 Tacitum
647 1225 741 1286 annai
766 1225 802 1286 lv
821 1223 862 1287 61
888 1230 993 1302 quood
1020 1231 1097 1289 vixit
1119 1222 1208 1289 et‘Vl
1226 1224 1268 1291 51
1293 1232 1386 1305 quood
1428 1272 1431 1317 3

246 1339 386 1412 privatus
404 1334 473 1410 srvit.
512 1336 738 1412 inscriptionum
762 1333 895 1413 exempla
914 1336 943 1394 in
969 1333 1061 1395 lexico
1081 1335 1243 1396 Foroeiiini
1260 1336 1384 1398 adnotata
1429 1368 1431 1373 ·

251 1453 328 1503 suot.
362 1442 398 1501 de
413 1441 552 1502 Varronis
570 1459 624 1500 usu
641 1450 777 1501 accurrate
794 1441 954 1520 disputavit
968 1440 1106 1502 Reiterus
1127 1452 1244 1521 qivaest.
1276 1442 1385 1508 Varron

250 1567 370 1628 gramm.
391 1567 416 1610 a.
437 1545 568 1628 188211.
588 1545 630 1608 49
651 1566 714 1627 sqq.

340 1654 360 1717 3
393 1655 539 1715 Publice
573 1654 730 1715 solemus
767 1655 886 1715 redire
920 1673 996 1716 cum
1030 1656 1282 1719 desideramus
1314 1659 1385 1738 quid

251 1764 451 1823 iaciendum
472 1760 537 1839 sit]
561 1764 633 1822 Cum
654 1765 882 1824 corvsideramus
901 1763 1063 1842 Madvigius
1082 1763 1265 1846 Veriassuog
1285 1784 1314 1828 u.
1327 1764 1387 1826 Ver

251 1870 379 1948 walvuug
398 1870 424 1929 d.
444 1888 535 1929 roem.
558 1868 672 1930 Staates
692 1890 717 1930 v.
736 1869 762 1929 M
785 1890 813 1950 p.
833 1868 907 1932 647.
940 1873 1062 1948 publice
1080 1877 1209 1933 solemus
1233 1877 1295 1947 ire,
1317 1878 1388 1935 scire

251 1995 319 2039 cum
339 1976 555 2050 desideramus,
574 1979 650 2052 quid
663 1977 841 2052 faciendum
860 1982 899 2039 sit
913 1980 1082 2039 corriecerat
1101 1979 1177 2039 idem
1199 1979 1317 2043 advers.
1335 1980 1390 2041 nii

250 2104 278 2164 p.
299 2082 377 2165 179,
406 2102 508 2163 parum
533 2083 707 2162 intellegens
734 2087 882 2145 sermonis
905 2084 1087 2147 varroniani.
1125 2104 1193 2146 nam
1222 2093 1330 2151 redire
1353 2090 1392 2151 vei

251 2209 286 2251 eo
302 2191 379 2269 quod
396 2192 531 2269 sequitur
545 2198 719 2251 reuertatur
733 2191 850 2251 defendi
866 2201 991 2270 poterat.
1023 2192 1202 2255 infinitivum
1217 2203 1320 2257 autem
1334 2216 1392 2259 eum

251 2297 340 2357 verbo
360 2301 569 2358 desideremus
592 2298 773 2378 iungendum
793 2299 861 2359 oiim
886 2299 1011 2359 Ursinus
1035 2300 1234 2384 desiderabat,
1257 2321 1329 2365 cum
1350 2324 1392 2367 uo

253 2411 329 2467 uisse
347 2425 401 2486 pro
420 2408 505 2467 nodis
525 2405 715 2466 scribendum
731 2408 889 2468 coniceret.
927 2426 1023 2487 neque
1043 2416 1141 2469 tamen
1159 2411 1228 2489 ipse
1248 2429 1317 2472 eam
1334 2431 1393 2472 rnn-

251 2516 395 2574 iectursm
419 2512 561 2592 probavit.
604 2516 812 2574 desideramus
835 2516 923 2597 enim,
949 2517 1086 2593 quioniam
1114 2518 1172 2576 vim
1198 2516 1293 2579 habet
1315 2539 1394 2600 quae

251 2620 344 2698 rendi,
369 2622 432 2680 sine
457 2620 600 2679 infinitivo
624 2620 682 2680 diei
705 2628 829 2699 poterat.

338 2723 360 2787 4
387 2725 457 2786 Nec
476 2735 515 2786 ut
533 2726 700 2787 homerus
720 2730 901 2788 stennius
921 2727 1057 2807 musas]
1079 2728 1166 2791 Ennii
1181 2734 1394 2795 invocationem

250 2833 399 2893 Musarum
429 2835 528 2912 posuit
555 2832 647 2893 Varro
671 2834 707 2894 de
731 2834 801 2913 ling.
825 2834 1004 2898 var.v1120
1032 2838 1141 2898 Musae
1168 2857 1252 2914 quoe
1273 2844 1396 2917 pedidus

249 2959 390 3017 melonum
411 2945 540 3018 prulsntis
568 2942 722 3019 Olympum
746 2951 776 3001 et
799 2941 920 3004 Servius
944 2946 974 3003 in
996 2942 1081 3024 Verg.
1101 2944 1172 3006 Aeo.
1193 2944 1235 3006 XI
1254 2944 1324 3010 660
1343 2949 1394 3009 En·

249 3052 318 3109 nius
341 3051 384 3108 ad
407 3048 512 3108 Musas
535 3044 630 3123 ‘poue
648 3051 779 3126 pedibus
799 3054 927 3126 pulsetis
953 3047 1133 3129 Olympum'.

338 3158 556 3231 Apricnlurum
575 3157 605 3214 in
622 3155 780 3235 archetypo
800 3155 856 3217 hoc
876 3176 934 3216 urm
951 3157 1015 3217 loco
1030 3161 1176 3239 seriptum
1191 3163 1307 3243 iuveni,
1320 3166 1395 3239 nori·

251 3268 341 3324 culae
359 3262 381 3321 B
401 3272 429 3322 et
454 3281 481 3321 m
501 3262 513 3322 i
534 3259 584 3342 18,
606 3260 633 3322 7.
671 3273 773 3323 eontra
793 3267 926 3324 reicolas
945 3283 998 3343 pro
1018 3268 1155 3328 reiculae
1174 3270 1327 3349 seriptum
1345 3270 1394 3332 iuit

249 3364 319 3450 115,
337 3366 384 3429 17.
422 3377 552 3429 veterem
573 3372 750 3448 scripturam
772 3373 904 3449 expressi
924 3373 952 3431 in
973 3371 1028 3453 his,
1047 3371 1059 3432 1
1080 3370 1130 3455 17,
1145 3370 1165 3435 3
1183 3374 1394 3451 sormt'duiosa,

249 3474 314 3557 112,
328 3472 368 3537 10
383 3478 509 3537 ruscida
525 3484 554 3535 et
569 3479 714 3537 constanti
730 3496 786 3537 usu
801 3480 953 3539 rutundus
971 3478 983 3538 1
998 3474 1050 3558 51,
1064 3478 1090 3541 1.
1114 3479 1139 3540 M
1155 3478 1186 3562 7,
1197 3478 1228 3544 5.
1252 3481 1393 3567 1175,Ῑο

250 3581 278 3662 7,
297 3581 327 3642 4.
353 3579 403 3662 16,
422 3578 456 3662 5,
477 3576 531 3662 15,
557 3580 611 3664 19,
639 3586 708 3643 item
734 3581 847 3658 114,2
871 3590 1007 3661 lonauris
1026 3596 1056 3647 et
1075 3585 1211 3669 717,10
1233 3594 1395 3669 Ionyorr'os

250 3686 351 3769 7158
372 3691 587 3766 displuduntnr
606 3701 633 3749 et
654 3687 755 3770 719,4
774 3694 994 3774 displodontur,
1014 3691 1120 3774 124‚1
1139 3713 1269 3772 poseant
1290 3710 1321 3760 et
1334 3698 1395 3761 760

245 3814 365 3872 puseus,
390 3791 513 3876 77135
536 3799 709 3858 eluduntur.

337 3899 358 3964 5
391 3902 457 3974 Qui
488 3903 602 3961 omnis
631 3903 772 3964 fructos
799 3908 875 3985 agri
903 3906 1067 3968 culturae
1096 3909 1192 3970 eaelo
1229 3923 1269 3973 et
1304 3923 1395 3976 terra

249 4008 454 4085 continent]
475 4011 553 4082 (irtio
572 4028 672 4071 ornnes
690 4015 812 4086 fruetus
831 4018 1045 4087 uaricultnrue
1064 4019 1149 4077 coelo
1168 4026 1201 4078 et
1217 4026 1311 4081 terro
1329 4040 1395 4083 con·

247 4119 382 4177 tinentur
409 4116 569 4194 Madvigius
595 4117 707 4176 advers.
732 4138 757 4178 v.
782 4118 807 4177 M
832 4139 860 4198 p.
882 4117 953 4182 179.
988 4121 1108 4197 fructos
1131 4128 1306 4187 accusativo
1329 4148 1395 4191 essu

249 4222 355 4300 iegitur
380 4222 390 4280 Ι
411 4221 440 4301 2,
455 4220 483 4284 5.
503 4221 555 4301 44,
571 4221 600 4303 3,
624 4234 746 4285 exortos
770 4226 780 4284 l
802 4224 886 4308 19,1
911 4237 941 4287 et
965 4229 989 4287 M
1010 4226 1039 4311 3,
1055 4227 1084 4304 7,
1108 4234 1243 4294 invectos
1264 4232 1278 4293 1
1302 4232 1350 4317 16,
1363 4234 1397 4317 9,

249 4330 317 4387 item
343 4327 466 4389 ablativo
491 4349 559 4390 casu
583 4349 696 4406 querco
725 4332 785 4413 18,
803 4330 837 4414 4,
865 4339 978 4396 latruto
1002 4335 1028 4395 ss
1047 4333 1077 4418 9,
1092 4335 1126 4416 5,
1154 4358 1196 4400 ex
1220 4358 1287 4403 uno
1311 4342 1396 4418 [octo

248 4438 306 4493 olei
328 4432 339 4492 1
361 4431 413 4515 24,
433 4433 461 4495 3.
