2874 4994
295 343 344 397 DE
363 342 452 398 aaut
471 336 647 398 CVLTVRA
665 342 806 398 LIBRVM
824 341 854 398 G.
876 339 938 399 156
1123 332 1184 398 171

120 503 143 560 et
169 517 303 560 nauseae
332 517 457 575 eamque
484 500 691 576 apprehendet
715 497 866 559 iucundus
895 504 925 558 et
948 497 1054 558 deinde
1079 495 1187 576 reliqui

120 624 184 667 nes.

134 713 260 774 Postea
284 714 345 774 ubi
368 714 546 775 deoritum
570 732 699 775 uersus
723 713 792 774 ibit
810 712 984 774 heminam
1003 719 1063 774 aut
1082 712 1186 793 paulo

120 841 126 879 s
143 820 255 900 bibat]
274 823 429 883 Deeritum
444 821 610 901 apographa
625 829 655 882 et
670 840 705 882 ex
721 821 879 901 archetypo
894 820 1065 882 Politianus.
1093 819 1185 880 rubro

120 947 144 988 re
168 929 246 989 idem
271 946 306 989 ex
325 928 457 989 biediceo
481 928 583 990 codice
607 931 767 990 dormitam
790 935 821 989 et
844 925 919 989 bibit
937 946 991 1008 pro
1010 930 1066 989 tbr't
1084 945 1186 1006 super·

120 1039 177 1117 rsit,
206 1055 259 1097 sua
288 1038 459 1097 coniectura
487 1043 585 1096 autem
614 1038 645 1096 iu
668 1037 799 1114 margine
823 1039 853 1096 c’
877 1039 1017 1097 deorsam
1040 1035 1185 1115 adposuit.

120 1147 283 1204 dormitum
305 1162 414 1204 uersas
437 1145 512 1204 bibit
534 1161 571 1203 m.
618 1143 854 1203 emendationem
877 1143 1014 1204 Politiani
1038 1143 1185 1204 dederunt

120 1250 194 1312 ndns
213 1259 243 1310 et
262 1248 419 1331 Victorius,
442 1251 470 1310 b.
486 1269 510 1311 e.
532 1249 582 1311 ubi
601 1251 726 1310 inferior
744 1249 826 1311 alvus
845 1250 1019 1330 movebitur,
1038 1251 1186 1311 heminam

120 1358 205 1439 paulo
230 1357 297 1437 pius
320 1357 410 1418 bibat.

133 1465 170 1526 Si
192 1465 345 1544 amplius
368 1465 436 1527 ibit
460 1467 590 1526 sumito
615 1466 752 1527 farinae
775 1468 932 1528 minutae
951 1485 1080 1527 concas
1099 1467 1186 1527 duas

123 1575 170 1634 iet
198 1576 233 1633 in
263 1592 385 1652 aquam
408 1572 549 1652 paulum
574 1571 674 1633 bibat
697 1572 912 1651 constituet]
940 1575 1085 1636 Consistet
1108 1574 1185 1635 edita

131 1680 166 1741 ab
180 1680 284 1741 Aldina
305 1681 434 1741 editione
455 1679 641 1759 exemplaria,
661 1680 740 1760 quud
753 1680 796 1741 ‘de
815 1681 878 1742 aino
898 1681 1009 1742 dictum
1025 1688 1074 1742 est
1085 1701 1110 1743 c.
1124 1679 1186 1743 126

120 1792 176 1849 tras
199 1807 259 1849 aon
284 1791 425 1849 consistet
448 1796 479 1847 et
502 1787 638 1848 similiter
658 1785 766 1870 157,6
786 1792 860 1849 mati
877 1791 956 1850 nibil
971 1792 1049 1850 sinet
1067 1793 1098 1850 tn
1118 1807 1185 1850 cor-

137 1900 308 1958 raasr'stere.
341 1898 503 1956 constituet
521 1893 589 1954 libri
610 1896 825 1976 manuscripti,
844 1895 872 1955 b.
887 1914 911 1956 e.
926 1896 1020 1956 farina
1034 1898 1066 1956 in
1080 1915 1185 1975 aquam

120 2013 161 2063 ata
184 2004 293 2063 efficiet
317 2011 350 2063 ut
373 2002 456 2063 alvus
480 2004 631 2063 consistat.

134 2107 153 2171 5
181 2110 307 2170 Verum
334 2109 464 2188 quibus
488 2112 640 2170 tormina
664 2109 813 2170 molesta
837 2118 944 2170 erunt
966 2110 1126 2171 brassica
1150 2114 1185 2172 iu

120 2236 133 2276 a
151 2235 331 2277 macerare
351 2215 507 2295 oportet]
524 2219 670 2278 Brassica
686 2221 716 2278 ia
731 2235 812 2292 aqua
827 2217 1002 2299 apographa,
1017 2220 1184 2280 brassicam

120 2343 207 2399 raram
231 2327 262 2384 in
286 2326 420 2402 principe
444 2324 574 2392 editione
597 2323 760 2384 Potitianus
783 2342 842 2384 non
866 2327 996 2384 correxit
1019 2333 1049 2384 et
1072 2343 1108 2385 ex
1131 2327 1183 2385 im·

120 2432 155 2491 sis
173 2431 391 2510 exemplaribus
410 2430 557 2491 Victorius
578 2433 698 2510 recepit.
736 2434 904 2493 brassicam
924 2450 1006 2506 aqua
1024 2450 1185 2494 macerare

120 2547 158 2599 tet
185 2538 255 2599 oiim
284 2539 360 2599 dedi.
411 2539 601 2599 scribendum
629 2540 729 2617 potius
757 2546 820 2598 erat
848 2539 1017 2600 brassicam
1044 2543 1076 2600 ia
1103 2558 1185 2615 aqua
1236 2561 1248 2579 ··

120 2664 203 2708 erare
226 2654 357 2723 oportet:
382 2644 467 2726 76,2
490 2645 526 2705 de
546 2664 633 2706 caseo
653 2649 683 2706 in
703 2664 813 2721 aquam
833 2648 936 2719 indito,
961 2649 1004 2707 ior·
1020 2655 1185 2708 macerata.
1208 2578 1236 2712 (

120 2754 205 2813 eodem
231 2753 444 2813 medicamento
469 2755 636 2813 accinctius
660 2754 804 2831 scriptum
829 2761 874 2814 est
899 2748 971 2835 157,
987 2751 1016 2814 9.

132 2858 218 2921 6Εο
234 2863 384 2921 interito
400 2861 491 2938 quod
506 2859 691 2921 uoletcibi
705 2869 830 2940 postea
845 2860 992 2921 editsed
1007 2863 1185 2940 sipoterit

122 2983 149 3026 m
173 2967 370 3029 brassicam
399 2987 476 3028 esso
505 2967 593 3045 edit]
623 2969 667 3028 Ea
694 2971 846 3045 cyminum
875 2971 996 3029 interito
1024 2967 1185 3033 iucundus.

120 3092 134 3131 e
159 3083 352 3154 praeceptum
375 3082 421 3135 est
444 3074 611 3155 inimic,
635 3078 706 3137 dato
726 3078 795 3150 edit,
818 3078 847 3135 si
860 3078 982 3155 poterit,
1005 3078 1070 3135 sine
1085 3093 1186 3152 parm

120 3199 158 3258 tn,
183 3187 253 3243 data
274 3201 386 3258 panem
406 3202 519 3258 purum
543 3185 652 3244 ibidem
676 3182 870 3259 madefaciat.
918 3184 1016 3261 itaque
1041 3170 1185 3261 quodibi

120 3306 189 3370 ane,
218 3289 295 3349 idem
320 3289 376 3349 boc
400 3289 464 3349 locu
488 3290 524 3349 de
549 3292 629 3350 omui
652 3307 761 3368 genere
785 3289 843 3350 cibi
867 3291 1062 3370 praecipitur,
1086 3298 1120 3350 ut
1141 3291 1184 3350 in·

120 3414 128 3453 s
155 3400 185 3457 in
209 3396 370 3456 brassicam
395 3398 508 3457 edatur.
1048 3462 1050 3467 ,

126 3503 171 3565 Et
200 3507 229 3565 si
257 3506 335 3565 sinc
363 3504 463 3565 iebrc
493 3506 564 3565 erit
592 3504 672 3565 dato
701 3506 776 3565 uini
800 3505 870 3564 atri
893 3511 1058 3582 aquatum
1085 3501 1185 3564 bibat

120 3629 140 3671 n
167 3611 360 3690 minimum]
385 3615 463 3673 Dato
488 3616 552 3672 uim
573 3617 638 3673 atrr'
660 3615 740 3673 duri.
778 3631 879 3687 aquae
901 3620 964 3672 tam
987 3611 1072 3672 bibat
1092 3629 1184 3687 qaam

120 3737 196 3779 nrum
216 3719 336 3779 Merula.
375 3723 446 3780 data
470 3722 534 3779 rint
552 3723 616 3779 atri
633 3737 701 3781 cam
721 3737 803 3794 aare
822 3721 906 3780 bibat
923 3737 1013 3794 quam
1032 3721 1185 3782 minimum

134 3828 256 3887 conieci.
295 3844 362 3886 nam
382 3828 421 3885 ita
441 3825 550 3904 legitur
570 3827 645 3886 inira
664 3826 682 3886 1.
697 3846 732 3907 c.‚
755 3835 785 3888 et
801 3831 831 3887 si
844 3826 957 3902 febrim
975 3846 1034 3887 noa
1053 3828 1185 3906 babebit,

141 3924 241 3994 atnam
270 3942 372 3993 atrum
400 3933 491 3994 bibat.
538 3933 589 3993 sed
619 3932 809 3993 scribendum
837 3934 936 4012 potius
960 3940 1005 3993 est
1028 3936 1100 3994 dato
1124 3937 1187 3993 viai

130 4044 201 4100 dari
223 4043 332 4116 aquati
354 4042 438 4101 bibat
459 4058 551 4115 quam
574 4044 736 4101 minimum.
783 4058 849 4100 nam
874 4046 1018 4114 aquatum
1042 4041 1106 4099 viat
1123 4042 1187 4098 atri

120 4156 195 4207 stone
224 4147 337 4208 dictum
366 4166 445 4227 esse,
477 4156 510 4209 ut
537 4156 616 4208 esset
643 4154 784 4227 aquatum
812 4146 848 4206 de
877 4148 944 4207 vino
972 4152 1037 4206 atro
1065 4145 1184 4226 iactum,

126 4254 224 4333 credo,
248 4255 300 4315 sed
323 4263 464 4334 aquatum
482 4258 582 4316 vinum
602 4255 711 4316 dicitur
731 4254 809 4335 quod
829 4272 904 4333 aqua
924 4261 1120 4332 temperatum
1139 4262 1186 4314 est

120 4360 256 4421 dilutum:
288 4357 359 4442 157,
379 4359 420 4423 13
449 4365 532 4423 bibat
559 4365 660 4423 rtrum
683 4366 750 4424 lene
772 4365 907 4423 dilutam.
953 4360 1061 4423 durum
1085 4369 1184 4422 autem

120 4485 144 4527 m
163 4477 209 4529 cst
231 4468 310 4547 quod
329 4487 467 4549 asperum
486 4470 598 4531 dictum
617 4476 681 4529 erat
700 4488 725 4530 c.
742 4465 813 4550 109,
833 4472 934 4531 rimam
947 4485 1090 4546 asperam
1103 4471 1186 4545 qaod
