2874 4994
302 334 351 389 DE
371 333 460 390 AGRI
479 331 653 390 CVLTVRA
675 335 817 390 LlBRVM
836 334 865 390 6.
882 333 967 391 3-4
1167 326 1206 391 17

57 492 162 565 itaque
185 492 306 550 illorum
330 495 419 553 uillae
442 466 578 552 rusticae
597 498 687 552 erant
704 494 830 552 maioris
846 494 932 568 preti
948 510 1039 566 quam
1057 493 1206 566 urbanae,

57 594 135 656 int
167 616 250 659 nunc
273 605 383 659 contra
407 601 507 658 uillam
531 599 682 658 urbanam
706 616 796 672 quam
819 602 982 659 maximam
1006 617 1044 659 ac
1065 602 1208 675 politissi-

57 721 137 764 mam
165 706 301 766 babeant
326 708 402 767 dant
424 723 563 783 operam:
591 702 811 784 cs.1112,10.
856 707 1024 799 accuratius
1048 704 1208 766 Columella

57 807 123 890 16,
153 810 171 873 1
210 820 311 891 partes
349 811 432 874 villae
468 813 640 894 descripsit,
677 815 783 873 modus
815 818 916 873 autem
949 815 1209 888 membrorumque

57 936 206 979 numerus
229 926 352 996 aptetur
374 923 517 981 universo
540 927 703 996 consaepto
727 927 757 980 et
779 922 937 979 dividatur
956 923 987 979 in
1011 927 1073 980 tres
1091 926 1209 1000 partes,

56 1027 212 1086 urbanam
238 1030 387 1087 rusticam
408 1025 626 1102 fructuariam.
672 1028 794 1087 urbana
818 1044 927 1087 rursus
951 1030 983 1086 in
1006 1029 1209 1088 hibernacula

57 1139 87 1193 et
115 1110 234 1194 aestino
257 1136 303 1193 sic
326 1135 499 1208 diqeratur,
527 1140 561 1194 ut
583 1140 718 1211 spectent
740 1135 877 1194 hiemalis
901 1137 1043 1210 temporis
1066 1135 1209 1194 cubicula

57 1241 229 1301 brumalem
252 1243 408 1312 orientem
431 1243 606 1300 cenationes
625 1243 878 1316 aequinoctialem
898 1243 1092 1302 occidentem.
1130 1242 1209 1301 sirni-

57 1345 127 1406 liter
156 1346 227 1407 Cato
257 1364 348 1425 supra
377 1343 452 1426 3,2
481 1350 582 1407 uillam
610 1350 757 1408 rusticam
786 1347 861 1406 dixit
885 1365 950 1407 eam
973 1356 1088 1426 partem
1112 1348 1209 1408 aedilr-

56 1454 190 1533 ciorum,
218 1471 294 1531 quae
322 1453 357 1514 ad
381 1471 471 1532 opera
495 1455 607 1514 rustica
630 1464 730 1531 parata
755 1462 832 1533 erat,
861 1473 940 1515 nunc
964 1458 1115 1516 urbanam
1139 1454 1211 1515 dicit

57 1577 125 1620 eam
150 1578 226 1640 quae
250 1560 421 1621 hominihus
445 1561 480 1620 ad
505 1560 697 1621 habitandum
720 1561 866 1622 destinata
890 1570 961 1623 erat.

150 1666 188 1727 ln
221 1666 312 1728 hono
345 1667 493 1749 praedip
527 1670 556 1728 si
588 1667 679 1729 bene
709 1668 968 1730 aedilicaueris
998 1669 1086 1729 hena
1115 1672 1209 1750 posi-

59 1776 161 1835 ueris
199 1777 275 1835 ruri
313 1777 343 1835 si
381 1785 479 1836 recte
516 1775 743 1837 habitareris
780 1775 957 1837 libentius
994 1784 1028 1835 et
1065 1779 1211 1855 saepius

59 1879 203 1959 uenies]
237 1883 273 1943 Si
303 1884 379 1944 bene
409 1886 626 1956 aedificaveris
659 1886 793 1959 beneque
821 1887 963 1961 posueris
991 1902 1057 1958 rus,
1088 1886 1160 1944 ruri
1184 1887 1212 1942 si
1254 1901 1258 1909 ·

59 1996 147 2050 recte
169 1991 358 2051 habitaveris
380 1988 493 2051 Merula
499 2036 508 2069 ,
533 1995 562 2052 si
583 1993 658 2052 bene
681 1994 894 2064 aedificaveris
917 1992 1051 2065 beneque
1070 1994 1212 2068 posueris

59 2114 144 2178 eom,
176 2100 249 2157 ruri
275 2099 304 2157 si
330 2105 414 2159 recte
441 2100 628 2158 habitaveris
651 2096 811 2158 lucnndus.
857 2116 923 2157 narn
952 2096 1025 2157 haec
1049 2097 1151 2179 verba,
1180 2100 1209 2158 in

60 2204 141 2264 bono
165 2206 311 2284 praedio,
338 2212 406 2264 ante
431 2203 594 2266 victorium
621 2206 722 2283 inepte
746 2222 813 2265 cunr
838 2202 1034 2282 praecedente
1058 2206 1210 2265 enuntiato

60 2310 224 2370 coniuncta
263 2321 356 2371 erant.
410 2315 439 2372 si
478 2314 553 2372 bene
589 2313 803 2384 aedificaberis
844 2319 873 2370 et
909 2319 993 2371 recte
1024 2312 1211 2371 habitareris

61 2414 267 2477 Schneiderus
290 2419 427 2478 coniecit.
471 2419 496 2478 si
519 2419 550 2478 in
574 2417 651 2478 bono
674 2417 796 2497 praedio
819 2415 885 2475 villa
910 2416 984 2476 bene
1008 2416 1159 2477 aedificata
1183 2426 1212 2477 et

62 2521 143 2582 bono
171 2521 237 2584 loco
265 2525 361 2602 posita
390 2533 448 2605 est,
476 2534 510 2585 ut
537 2525 602 2585 ruri
628 2532 710 2584 recte
733 2522 859 2583 habitari
883 2525 990 2605 possit,
1017 2523 1158 2584 libentius
1182 2532 1211 2583 et

61 2632 184 2710 saepius
208 2629 346 2690 dominus
370 2633 476 2691 veniet.

153 2735 300 2798 Fundus
323 2736 453 2797 melius
477 2736 562 2816 erit]
589 2739 698 2800 Melior
721 2738 814 2799 codex
835 2738 989 2800 Parisinus
1012 2747 1043 2799 et
1065 2738 1211 2799 editiones

61 2852 133 2905 ante
153 2842 326 2924 victorium,
350 2844 429 2923 quod
453 2847 483 2905 in
507 2847 642 2925 principe
664 2846 793 2906 editione
813 2845 976 2908 Politianus
996 2865 1054 2906 non
1074 2849 1211 2920 correxit,

61 2954 171 3013 melius
188 2949 340 3012 Mediceus
363 2970 390 3012 m
410 2970 479 3013 cum
502 2953 680 3033 apographis
703 2952 922 3014 recentioribus
945 2962 975 3013 et
997 2953 1126 3013 editione
1146 2953 1211 3013 Vic-

61 3060 142 3119 torii.
178 3059 211 3118 in
233 3057 394 3138 archetypo
422 3058 615 3120 hauddubie
639 3061 784 3139 scripturn
808 3067 872 3120 erat
895 3063 1008 3134 melius,
1033 3061 1085 3120 sed
1109 3068 1211 3139 postea

61 3173 244 3246 correctum,
268 3173 302 3226 ut
324 3166 451 3247 ridetur,
473 3170 587 3228 melior.
625 3185 679 3246 pro
703 3166 759 3227 hoc
780 3166 890 3244 Popnra
913 3185 1004 3244 pravo
1027 3169 1212 3246 antiquitatis

61 3273 164 3334 studio
192 3276 294 3334 melios
322 3271 418 3354 dedit,
446 3273 525 3353 quod
549 3274 700 3335 Gesnerus
727 3275 849 3353 recepit.
894 3272 991 3348 fundo
1020 3278 1125 3335 melius
1154 3277 1212 3335 erit

60 3379 143 3441 idem
167 3382 303 3442 coniecit.

154 3487 289 3567 Operas
318 3488 464 3549 facilius
490 3487 641 3566 locabis]
671 3491 772 3566 Opera
795 3486 986 3549 scribendum
1010 3505 1076 3547 esse
1100 3486 1213 3546 viderat

62 3594 281 3676 Schneiderus,
313 3596 392 3674 quod
425 3594 595 3656 Eussnerus
627 3615 656 3674 p.
683 3592 749 3657 306
782 3594 998 3656 commendavit
1030 3592 1144 3655 collatis
1176 3595 1213 3652 iis

62 3721 141 3783 quae
166 3704 276 3781 scripta
298 3710 370 3763 sunt
388 3700 418 3782 2,
437 3700 458 3763 2
477 3705 520 3763 ari
537 3707 686 3765 rationem
706 3721 830 3780 operum
850 3720 1074 3780 operarumque
1092 3704 1212 3761 vilicum

61 3829 178 3872 reuoca
215 3818 245 3870 et
276 3805 307 3890 5,
332 3807 350 3869 l
379 3813 480 3871 omnia
512 3828 607 3888 opera
638 3828 707 3871 sero
736 3809 844 3885 [acies.
900 3809 1082 3887 intellegitur
1114 3816 1212 3869 autern

61 3916 173 3978 locatio
192 3935 315 3996 operum
335 3919 527 3998 rusticorum,
546 3916 582 3977 de
602 3936 659 3997 qua
678 3936 702 3977 c.
726 3913 788 3978 136
807 3925 837 3977 et
858 3913 922 3978 146
937 3935 1001 3996 sqq.
1020 3918 1212 3995 praecipitur.

60 4022 200 4103 exempla
240 4022 356 4084 litterae
397 4043 412 4084 s
449 4026 479 4084 in
517 4031 616 4084 vetere
653 4024 755 4085 codice
792 4025 897 4084 vitiose
934 4022 1049 4083 additae
1087 4022 1214 4082 indicavi

63 4129 147 4192 Varr.
168 4149 191 4191 r.
211 4148 235 4190 r.
254 4128 267 4188 l
287 4128 315 4211 7,
335 4128 369 4212 23
393 4133 423 4191 in
447 4131 566 4192 Catonis
589 4130 665 4191 libro
689 4133 788 4192 notavi
810 4131 892 4210 haec,
917 4127 967 4208 18,
986 4127 1007 4190 9
1031 4146 1099 4190 cum
1123 4129 1213 4199 orbis,

64 4234 108 4300 25
133 4240 214 4299 illius
238 4255 292 4315 pro
317 4241 368 4312 illi,
392 4234 444 4317 38,
463 4233 484 4297 3
508 4241 628 4317 lateres,
652 4233 695 4300 83
715 4240 847 4314 diuinas,
871 4232 915 4296 84
933 4238 1074 4311 linqulas,
1101 4231 1211 4314 149‚1

61 4348 135 4418 finis
168 4352 198 4406 et
232 4344 357 4405 sortasse
389 4345 468 4405 idem
498 4347 602 4405 vitium
630 4353 676 4405 est
703 4341 745 4406 58
774 4348 806 4405 in
829 4361 945 4405 moises
972 4361 1027 4423 pro
1055 4346 1087 4403 in
1114 4360 1215 4403 mense

64 4462 96 4512 et
119 4449 172 4533 61,
190 4449 211 4513 2
236 4469 327 4528 quam
346 4455 498 4529 plurimas
520 4470 575 4531 pro
598 4470 689 4528 quam
708 4453 852 4529 plurima.

121 4561 178 4603 Car.
192 4573 225 4602 nn
239 4571 299 4602 soar
314 4571 381 4602 arar.
410 4563 442 4604 11.
984 4555 1000 4602 ‘2
