2874 4994
269 340 319 396 DE
338 341 426 397 aaut
444 340 618 396 cvtrvrtn
636 341 777 396 LlBllVld
796 340 827 397 G.
843 340 1016 399 114-125
1154 336 1216 401 129

68 505 223 576 praeterea
243 499 274 558 iu
295 499 427 578 margine
446 497 557 559 codicis
572 497 673 558 eadem
690 516 788 579 mauu,
809 499 835 558 si
850 495 981 559 Victorlo
996 498 1069 559 fides
1083 497 1218 560 habenda

65 611 120 685 est,
140 607 284 683 cupidam
305 605 487 684 adscrIptum
507 613 579 665 erat
608 609 787 682 capreidam
802 604 884 666 dedit
898 605 1051 667 Iucundos
1066 614 1096 666 et
1110 606 1217 667 deinde

65 709 175 791 reliqui
204 698 345 774 editores.
391 712 443 772 sed
473 713 550 792 quod
579 731 673 791 genus
704 711 814 774 herbae
842 713 972 794 dicatur,
1005 731 1065 773 non
1093 721 1217 775 constat.

66 821 235 895 irmipirum
259 821 291 880 iu
310 818 471 898 archetypo
491 820 636 898 seriptum
655 819 757 901 luisse,
781 839 839 880 uon
861 823 1043 902 iuniperura,
1067 829 1096 881 et
1115 832 1217 900 postea

67 923 130 988 123
152 930 287 1004 iunipiro
306 929 454 1006 scriptura
474 925 711 1005 apographorum
726 926 895 1008 persuadet,
915 935 945 987 et
962 927 1039 1006 apud
1055 925 1217 988 Varronem

64 1051 88 1092 r.
111 1051 137 1093 r.
161 1032 175 1092 l
200 1030 275 1112 8‚4
303 1037 436 1110 iunipiro
465 1032 637 1095 Politianus'
656 1051 692 1093 ex
720 1034 822 1094 codice
852 1033 1010 1095 adnotavit.
1057 1034 1109 1095 sed
1138 1034 1217 1095 haud

66 1139 159 1201 dubie
183 1148 325 1219 corrupta
348 1149 418 1200 sunt
440 1138 562 1221 reliqua,
586 1143 696 1200 libram
716 1143 812 1201 indito
832 1144 863 1201 ia
882 1143 999 1203 duodus
1019 1144 1136 1217 canaiis
1156 1144 1219 1201 viai

65 1250 185 1308 ueteris.
232 1263 299 1307 nam
327 1249 422 1309 indito
451 1265 519 1307 oum
547 1248 767 1327 praepositione
797 1251 829 1308 ia
856 1254 887 1308 et
910 1247 1036 1309 ablativo
1065 1265 1135 1307 casu
1159 1247 1218 1308 dici

64 1372 126 1414 uon
155 1361 287 1443 poterat,
320 1353 371 1414 sed
401 1361 452 1414 aut
479 1354 698 1415 restituendum
727 1365 773 1415 est
800 1354 879 1433 quod
908 1356 983 1415 ratio
1013 1356 1159 1415 sermonis
1188 1364 1218 1416 et

64 1459 254 1522 consuetudo
278 1459 407 1542 Catonis,
431 1461 482 1540 qui
501 1478 590 1540 saepe
610 1481 645 1521 eo
665 1461 754 1521 verbo
775 1479 846 1521 usus
866 1470 920 1543 est,
943 1461 1083 1542 postulat,
1107 1464 1217 1524 librum

65 1571 164 1629 indito
189 1571 221 1628 ia
244 1570 320 1628 duos
343 1570 476 1643 coapias,
500 1578 551 1629 aut
574 1567 671 1629 deleto
697 1588 721 1628 v.
741 1571 844 1649 indita,
869 1569 948 1648 quod
972 1576 1075 1648 postea
1099 1567 1216 1650 legitur,

65 1678 97 1735 in
122 1678 266 1751 inponam
290 1677 399 1748 indito,
431 1673 621 1735 scribendum
646 1679 823 1737 contundite
848 1679 964 1753 iapida
988 1678 1107 1752 librum,
1131 1679 1165 1737 id
1186 1679 1218 1738 iu

62 1778 126 1862 (rel
161 1783 196 1842 id
226 1773 310 1864 cum)
344 1783 460 1842 duodus
491 1785 609 1857 canaiis
637 1786 700 1843 uini
725 1785 836 1844 ueteris
864 1785 896 1843 ia
924 1801 995 1844 uaso
1024 1785 1138 1844 alcaeo
1172 1786 1221 1844 vel

58 1891 204 1966 plumbeo
228 1887 457 1965 deseruesucito.
491 1888 628 1950 similiter
658 1890 693 1950 de
718 1889 933 1950 medlcamento
958 1888 1048 1951 boum
1072 1891 1218 1968 seriptum
1320 1947 1323 1951 .

63 2006 112 2058 est
132 2015 159 2058 c.
176 1994 241 2058 102
260 1998 406 2057 melantii
419 1999 611 2057 acetabulum
630 2029 667 2039 -
684 2001 833 2058 conterite
848 2000 879 2056 in
895 2000 958 2057 viai
972 2001 1081 2057 ueteris
1095 1999 1216 2057 hemina

60 2103 157 2165 etde
181 2106 249 2164 vino
274 2105 393 2183 myrtite
417 2102 491 2163 Plin.
511 2101 575 2162 lIlV
603 2101 665 2164 104
692 2107 836 2180 myrtiten
869 2104 942 2164 Cato
966 2107 1217 2178 quemadmodum

55 2215 136 2287 fieri
166 2213 316 2286 docuerit,
349 2228 420 2272 moa
449 2214 544 2287 pardo
579 2213 794 2271 indicabimus:
830 2211 944 2270 Graeci
970 2217 999 2271 ct
1027 2215 1087 2272 alio
1118 2214 1214 2273 modo.

60 2322 162 2379 ramis
181 2321 295 2379 teneris
314 2334 382 2378 eura
401 2320 464 2378 suis
479 2316 564 2393 soliis
584 2321 614 2378 ia
632 2322 712 2378 saiso
732 2324 827 2377 arusto
847 2320 979 2377 decoctis
994 2323 1089 2379 tunsis
1104 2321 1214 2380 libram

61 2430 95 2486 ia
120 2427 222 2486 tribus
244 2428 336 2484 musti
357 2427 474 2499 canaiis
498 2423 751 2505 defervefaciuat‚
777 2427 873 2483 donec
897 2427 956 2483 duo
979 2430 1141 2501 supersint.

155 2531 282 2593 CXXIII
319 2528 383 2591 Ubi
425 2530 616 2591 refrixerit
655 2533 690 2590 in
727 2529 886 2609 lagonam
925 2531 1143 2593 conlundito
1181 2540 1216 2593 et

61 2648 191 2721 postea
215 2639 248 2701 id
269 2641 364 2699 utito
384 2639 460 2699 ulni
482 2648 620 2718 eyatum
641 2656 738 2699 mane
758 2639 902 2699 ieiunus
922 2636 1100 2717 proderit]
1121 2638 1216 2699 Mune

60 2751 94 2808 iu
129 2746 292 2827 archetypo
324 2747 470 2825 scriptum
503 2746 595 2807 luisse
628 2764 778 2806 consensu
810 2745 1048 2824 apographorum
1081 2754 1215 2806 constat:

62 2873 135 2915 nam
159 2856 190 2915 in
215 2872 274 2913 uno
298 2852 470 2913 Florentino
494 2852 596 2913 codiee
620 2853 635 2912 l
654 2855 796 2913 omissum
822 2861 876 2914 est.
922 2853 1018 2914 errori
1041 2859 1140 2911 autem
1159 2850 1215 2911 Po-

61 2961 163 3021 litiaui
189 2959 379 3021 tribuendum
404 2950 462 3038 est,
492 2960 570 3038 quod
595 2957 771 3020 vocabalum
795 2958 901 3019 lineola
925 2958 1071 3019 subducta
1095 2961 1215 3038 notarit,

61 3071 147 3129 sicut
175 3067 272 3128 lacere
300 3068 455 3128 cousuevit
482 3068 511 3125 in
536 3068 572 3126 iis
596 3086 672 3145 quae
696 3069 726 3126 in
750 3067 852 3127 codice
876 3067 987 3144 scripta
1011 3084 1069 3126 non
1094 3069 1214 3127 invenit.
1253 3058 1260 3070 ¹

62 3178 133 3235 viai
153 3193 259 3254 parum
283 3183 350 3254 apte
375 3192 442 3234 eum
465 3175 641 3254 pronomine
665 3177 699 3234 id
719 3176 790 3254 poni
814 3173 845 3235 C.
864 3172 894 3232 F.
915 3172 959 3232 W.
979 3172 1140 3233 Muellerus
1163 3173 1214 3234 ob-

61 3301 144 3343 serr.
163 3284 229 3343 erit
248 3284 279 3342 in
299 3283 450 3360 prosaicos
466 3278 573 3341 latInos
587 3279 793 3359 landebergae
813 3299 837 3339 a.
855 3275 940 3339 1865
955 3297 982 3357 p.
1001 3277 1040 3339 16
1056 3280 1214 3360 adnotavit,

56 3392 204 3469 postidea
232 3394 306 3450 utito
335 3392 399 3449 uini
424 3390 568 3465 cyatlrum
598 3387 642 3447 vel
666 3395 773 3465 postca
802 3389 835 3447 id
861 3389 936 3446 utito
964 3392 993 3445 et
1020 3389 1127 3446 sumito
1154 3382 1214 3468 (vel

59 3489 176 3580 bibito)
200 3500 264 3557 uini
284 3499 428 3573 cautium
452 3495 531 3555 idom
555 3496 690 3556 coniecit.
736 3496 836 3573 potius
860 3491 957 3553 deleto
982 3511 1007 3551 v.
1031 3497 1106 3573 uini,
1135 3493 1213 3572 quod

61 3624 100 3665 ex
131 3606 169 3664 iis
200 3622 276 3684 quae
306 3612 391 3663 antea
421 3604 531 3682 scripta
557 3613 642 3663 erant
665 3620 732 3679 cura
757 3605 865 3676 conato
889 3602 953 3661 uini
975 3603 1084 3660 veteris
1109 3601 1213 3660 vitiose

62 3712 185 3773 videtur
208 3712 367 3789 repetitum
392 3726 471 3789 esse,
500 3706 690 3768 scribendum
722 3715 786 3767 erat
805 3717 912 3784 postca
936 3710 970 3767 id
992 3710 1067 3768 atita
1090 3714 1213 3785 cyaturn

60 3837 157 3880 mone
181 3822 316 3879 ieiunus:
335 3818 484 3893 proderit.

156 3925 279 3985 cxxiv
312 3923 425 3984 Canes
457 3921 618 3982 interdiu
652 3921 795 3982 clausos
827 3937 906 3980 esse
939 3919 1096 3999 oportet]
1132 3920 1211 3981 llaec

62 4042 225 4113 praecepta
254 4031 290 4093 de
316 4007 439 4092 canilrus
462 4029 558 4089 alieno
581 4027 646 4089 loco
670 4030 750 4089 inter
772 4035 929 4107 praecepta
954 4026 989 4085 de
1014 4029 1101 4085 variis
1124 4046 1211 4104 gene·

63 4140 153 4202 ribus
177 4141 238 4200 riui
261 4136 475 4200 concinnandis
499 4139 593 4215 posita
617 4153 683 4195 esso
707 4133 871 4194 Pontedera
895 4153 922 4212 p.
939 4130 978 4194 'll
1006 4135 1128 4194 monuit.

155 4248 264 4309 CXXV
296 4245 421 4307 Vinum
453 4254 630 4304 murteum
662 4244 714 4301 sic
746 4242 857 4301 laeito
891 4250 1039 4301 murtam
1072 4243 1210 4320 nigram

65 4352 234 4433 ariacito]
263 4354 370 4413 Vinum
388 4353 557 4413 murtlreurrr
576 4346 749 4428 Politianus,
773 4347 825 4408 sed
845 4350 946 4408 uinum
964 4356 1113 4409 murteum
1133 4349 1210 4409 idem

65 4465 97 4524 iu
121 4462 242 4524 rubrica
267 4470 297 4521 et
319 4462 351 4520 iu
373 4459 471 4521 indice
494 4455 691 4537 capitulorum
715 4465 745 4517 et
766 4465 868 4537 postea
887 4461 1027 4536 martum,
1051 4475 1110 4516 nou
1129 4475 1210 4517 mur-

120 4574 179 4615 Csr.
191 4584 225 4615 nn
238 4581 300 4614 sou
313 4580 381 4613 orm.
409 4573 442 4613 11.
982 4563 998 4610 9
