<?xml version="1.0" encoding="UTF-8"?>
<!DOCTYPE html PUBLIC "-//W3C//DTD XHTML 1.0 Transitional//EN"
    "http://www.w3.org/TR/xhtml1/DTD/xhtml1-transitional.dtd">
<html xmlns="http://www.w3.org/1999/xhtml" xml:lang="en" lang="en">
 <head>
  <title>
</title>
<meta http-equiv="Content-Type" content="text/html;charset=utf-8" />
  <meta name='ocr-system' content='tesseract 3.04.00' />
  <meta name='ocr-capabilities' content='ocr_page ocr_carea ocr_par ocr_line ocrx_word'/>
</head>
<body>
  <div class='ocr_page' id='page_1' title='image "./mporcicatonisde00keilgoog_0207.png"; bbox 0 0 2874 4994; ppageno 0'>
   <div class='ocr_carea' id='block_1_1' title="bbox 223 315 1010 379">
    <p class='ocr_par' dir='ltr' id='par_1_1' title="bbox 223 315 1010 379">
     <span class='ocr_line' id='line_1_1' title="bbox 223 315 1010 379; baseline -0.005 0"><span class='ocrx_word' id='word_1_1' title='bbox 223 315 286 379; x_wconf 88' lang='grc'><strong><em>188</em></strong></span> <span class='ocrx_word' id='word_1_2' title='bbox 582 320 773 377; x_wconf 82' lang='grc' dir='ltr'><strong>ΟΟΜΜΕΝΤ.</strong></span> <span class='ocrx_word' id='word_1_3' title='bbox 792 321 832 376; x_wconf 88' lang='grc' dir='ltr'><strong><em>ΙΝ</em></strong></span> <span class='ocrx_word' id='word_1_4' title='bbox 852 319 1010 376; x_wconf 84' lang='lat' dir='ltr'>CATONIS</span> 
     </span>
    </p>
   </div>
   <div class='ocr_carea' id='block_1_2' title="bbox 221 478 1370 769">
    <p class='ocr_par' dir='ltr' id='par_1_2' title="bbox 221 478 1370 769">
     <span class='ocr_line' id='line_1_2' title="bbox 221 478 1370 552; baseline -0.003 -13"><span class='ocrx_word' id='word_1_5' title='bbox 221 483 300 539; x_wconf 86' lang='lat' dir='ltr'><strong><em>sulci</em></strong></span> <span class='ocrx_word' id='word_1_6' title='bbox 322 496 422 539; x_wconf 88' lang='lat' dir='ltr'><strong><em>omnes</em></strong></span> <span class='ocrx_word' id='word_1_7' title='bbox 445 480 643 539; x_wconf 88' lang='lat' dir='ltr'><strong><em>consariendi</em></strong></span> <span class='ocrx_word' id='word_1_8' title='bbox 664 479 837 552; x_wconf 75' lang='lat' dir='ltr'><strong><em>licitaeque</em></strong></span> <span class='ocrx_word' id='word_1_9' title='bbox 861 479 1049 537; x_wconf 80' lang='lat' dir='ltr'><strong><em>eximendae.</em></strong></span> <span class='ocrx_word' id='word_1_10' title='bbox 1092 494 1163 538; x_wconf 82' lang='lat' dir='ltr'><strong><em>mox</em></strong></span> <span class='ocrx_word' id='word_1_11' title='bbox 1188 478 1238 537; x_wconf 89' lang='lat' dir='ltr'><strong><em>uel</em></strong></span> <span class='ocrx_word' id='word_1_12' title='bbox 1252 482 1370 537; x_wconf 80' lang='lat' dir='ltr'><strong><em>stercus</em></strong></span> 
     </span>
     <span class='ocr_line' id='line_1_3' title="bbox 224 585 1370 673; baseline -0.003 -27"><span class='ocrx_word' id='word_1_13' title='bbox 224 589 272 673; x_wconf 76' lang='lat' dir='ltr'><strong><em>uel</em></strong></span> <span class='ocrx_word' id='word_1_14' title='bbox 293 589 370 646; x_wconf 87' lang='lat' dir='ltr'><strong><em>cinis</em></strong></span> <span class='ocrx_word' id='word_1_15' title='bbox 391 587 571 658; x_wconf 81' lang='lat' dir='ltr'><strong><em>iniciendus,</em></strong></span> <span class='ocrx_word' id='word_1_16' title='bbox 595 593 628 644; x_wconf 88' lang='lat' dir='ltr'><strong><em>ut</em></strong></span> <span class='ocrx_word' id='word_1_17' title='bbox 647 591 708 645; x_wconf 91' lang='lat' dir='ltr'><strong><em>tota</em></strong></span> <span class='ocrx_word' id='word_1_18' title='bbox 727 587 824 645; x_wconf 86' lang='lat' dir='ltr'><strong><em>ltieme</em></strong></span> <span class='ocrx_word' id='word_1_19' title='bbox 841 601 933 645; x_wconf 78' lang='lat' dir='ltr'><strong><em>saccus</em></strong></span> <span class='ocrx_word' id='word_1_20' title='bbox 951 586 1016 643; x_wconf 91' lang='lat' dir='ltr'><strong><em>eius</em></strong></span> <span class='ocrx_word' id='word_1_21' title='bbox 1035 601 1104 644; x_wconf 89' lang='lat' dir='ltr'><strong><em>eam</em></strong></span> <span class='ocrx_word' id='word_1_22' title='bbox 1115 585 1232 660; x_wconf 85' lang='lat' dir='ltr'><strong><em>pluuiis</em></strong></span> <span class='ocrx_word' id='word_1_23' title='bbox 1245 599 1370 644; x_wconf 79' lang='lat' dir='ltr'><strong><em>manans</em></strong></span> 
     </span>
     <span class='ocr_line' id='line_1_4' title="bbox 225 695 614 769; baseline -0.005 -16"><span class='ocrx_word' id='word_1_24' title='bbox 225 696 268 753; x_wconf 90' lang='lat' dir='ltr'><strong><em>ad</em></strong></span> <span class='ocrx_word' id='word_1_25' title='bbox 288 696 425 753; x_wconf 89' lang='lat' dir='ltr'><strong><em>radicem</em></strong></span> <span class='ocrx_word' id='word_1_26' title='bbox 445 695 614 769; x_wconf 84' lang='lat' dir='ltr'><strong><em>perueniat.</em></strong></span> 
     </span>
    </p>
   </div>
   <div class='ocr_carea' id='block_1_3' title="bbox 219 813 1372 1326">
    <p class='ocr_par' dir='ltr' id='par_1_3' title="bbox 219 813 1372 1326">
     <span class='ocr_line' id='line_1_5' title="bbox 311 813 1369 894; baseline -0.004 -18"><span class='ocrx_word' id='word_1_27' title='bbox 311 814 333 876; x_wconf 88' lang='lat'>4</span> <span class='ocrx_word' id='word_1_28' title='bbox 361 816 494 878; x_wconf 85' lang='lat' dir='ltr'><strong><em>Deinde</em></strong></span> <span class='ocrx_word' id='word_1_29' title='bbox 528 815 685 876; x_wconf 89' lang='lat' dir='ltr'><strong><em>iossnlas</em></strong></span> <span class='ocrx_word' id='word_1_30' title='bbox 714 817 823 876; x_wconf 85' lang='lat' dir='ltr'><strong><em>incito</em></strong></span> <span class='ocrx_word' id='word_1_31' title='bbox 852 834 918 894; x_wconf 88' lang='lat' dir='ltr'><strong><em>qua</em></strong></span> <span class='ocrx_word' id='word_1_32' title='bbox 947 817 1090 876; x_wconf 82' lang='lat' dir='ltr'><strong><em>radices</em></strong></span> <span class='ocrx_word' id='word_1_33' title='bbox 1117 815 1290 894; x_wconf 61' lang='lat' dir='ltr'><strong><em>asparagi</em></strong></span> <span class='ocrx_word' id='word_1_34' title='bbox 1316 813 1369 873; x_wconf 90' lang='lat' dir='ltr'><strong><em>de·</em></strong></span> 
     </span>
     <span class='ocr_line' id='line_1_6' title="bbox 224 923 1370 1002; baseline -0.003 -17"><span class='ocrx_word' id='word_1_35' title='bbox 224 924 359 1002; x_wconf 86' lang='lat' dir='ltr'><strong><em>mittas]</em></strong></span> <span class='ocrx_word' id='word_1_36' title='bbox 390 923 586 983; x_wconf 86' lang='lat' dir='ltr'><strong><em>Scribendnnr</em></strong></span> <span class='ocrx_word' id='word_1_37' title='bbox 617 925 715 1002; x_wconf 88' lang='lat' dir='ltr'><strong><em>potins</em></strong></span> <span class='ocrx_word' id='word_1_38' title='bbox 740 941 804 983; x_wconf 90' lang='lat' dir='ltr'><strong><em>esse</em></strong></span> <span class='ocrx_word' id='word_1_39' title='bbox 828 940 887 998; x_wconf 80' lang='lat' dir='ltr'><strong><em>quo</em></strong></span> <span class='ocrx_word' id='word_1_40' title='bbox 911 924 1034 983; x_wconf 77' lang='lat' dir='ltr'><strong><em>radices</em></strong></span> <span class='ocrx_word' id='word_1_41' title='bbox 1057 925 1212 998; x_wconf 73' lang='lat' dir='ltr'><strong><em>asparapi</em></strong></span> <span class='ocrx_word' id='word_1_42' title='bbox 1233 923 1370 982; x_wconf 82' lang='lat' dir='ltr'><strong><em>demittas</em></strong></span> 
     </span>
     <span class='ocr_line' id='line_1_7' title="bbox 223 1025 1372 1111; baseline -0.003 -20"><span class='ocrx_word' id='word_1_43' title='bbox 223 1032 284 1092; x_wconf 84' lang='lat' dir='ltr'><strong><em>dixi</em></strong></span> <span class='ocrx_word' id='word_1_44' title='bbox 307 1049 396 1110; x_wconf 88' lang='lat' dir='ltr'><strong><em>supra</em></strong></span> <span class='ocrx_word' id='word_1_45' title='bbox 422 1028 450 1103; x_wconf 90' lang='lat'><strong><em>1,</em></strong></span> <span class='ocrx_word' id='word_1_46' title='bbox 469 1028 503 1111; x_wconf 86' lang='lat'><strong><em>3,</em></strong></span> <span class='ocrx_word' id='word_1_47' title='bbox 531 1032 608 1090; x_wconf 87' lang='lat' dir='ltr'><strong><em>sient</em></strong></span> <span class='ocrx_word' id='word_1_48' title='bbox 636 1033 781 1109; x_wconf 85' lang='lat' dir='ltr'><strong><em>scripturn</em></strong></span> <span class='ocrx_word' id='word_1_49' title='bbox 810 1037 855 1090; x_wconf 90' lang='lat' dir='ltr'><strong><em>est</em></strong></span> <span class='ocrx_word' id='word_1_50' title='bbox 883 1025 975 1110; x_wconf 79' lang='lat'>45,2</span> <span class='ocrx_word' id='word_1_51' title='bbox 1002 1034 1074 1106; x_wconf 87' lang='lat' dir='ltr'><strong><em>palo</em></strong></span> <span class='ocrx_word' id='word_1_52' title='bbox 1097 1033 1190 1106; x_wconf 78' lang='lat' dir='ltr'><strong><em>prius</em></strong></span> <span class='ocrx_word' id='word_1_53' title='bbox 1213 1032 1316 1091; x_wconf 70' lang='lat' dir='ltr'><strong><em>mcum</em></strong></span> <span class='ocrx_word' id='word_1_54' title='bbox 1336 1047 1372 1088; x_wconf 85' lang='lat' dir='ltr'><strong><em>ne</em></strong></span> 
     </span>
     <span class='ocr_line' id='line_1_8' title="bbox 219 1133 1371 1216; baseline -0.006 -16"><span class='ocrx_word' id='word_1_55' title='bbox 219 1139 346 1216; x_wconf 77' lang='lat' dir='ltr'><strong><em>feaert&#39;s,</em></strong></span> <span class='ocrx_word' id='word_1_56' title='bbox 375 1157 433 1214; x_wconf 81' lang='lat' dir='ltr'><strong><em>auo</em></strong></span> <span class='ocrx_word' id='word_1_57' title='bbox 462 1142 572 1199; x_wconf 91' lang='lat' dir='ltr'><strong><em>taleam</em></strong></span> <span class='ocrx_word' id='word_1_58' title='bbox 600 1141 749 1198; x_wconf 77' lang='lat' dir='ltr'><strong><em>demittas.</em></strong></span> <span class='ocrx_word' id='word_1_59' title='bbox 795 1156 861 1197; x_wconf 82' lang='lat' dir='ltr'><strong><em>narn</em></strong></span> <span class='ocrx_word' id='word_1_60' title='bbox 891 1139 931 1197; x_wconf 88' lang='lat' dir='ltr'><strong><em>ita</em></strong></span> <span class='ocrx_word' id='word_1_61' title='bbox 959 1137 1015 1197; x_wconf 91' lang='lat' dir='ltr'><strong><em>hoc</em></strong></span> <span class='ocrx_word' id='word_1_62' title='bbox 1043 1136 1153 1197; x_wconf 86' lang='lat' dir='ltr'><strong><em>dicitur</em></strong></span> <span class='ocrx_word' id='word_1_63' title='bbox 1181 1134 1219 1196; x_wconf 86' lang='lat' dir='ltr'><strong><em>de</em></strong></span> <span class='ocrx_word' id='word_1_64' title='bbox 1242 1133 1371 1195; x_wconf 84' lang='lat' dir='ltr'><strong><em>surculis</em></strong></span> 
     </span>
     <span class='ocr_line' id='line_1_9' title="bbox 222 1239 1128 1326; baseline -0.003 -20"><span class='ocrx_word' id='word_1_65' title='bbox 222 1246 267 1306; x_wconf 87' lang='lat' dir='ltr'><strong><em>vel</em></strong></span> <span class='ocrx_word' id='word_1_66' title='bbox 293 1245 384 1326; x_wconf 72' lang='lat' dir='ltr'><strong><em>taleiS,</em></strong></span> <span class='ocrx_word' id='word_1_67' title='bbox 408 1263 482 1325; x_wconf 85' lang='lat' dir='ltr'><strong><em>qnae</em></strong></span> <span class='ocrx_word' id='word_1_68' title='bbox 507 1247 537 1305; x_wconf 91' lang='lat' dir='ltr'><strong><em>in</em></strong></span> <span class='ocrx_word' id='word_1_69' title='bbox 561 1253 671 1305; x_wconf 86' lang='lat' dir='ltr'><strong><em>terram</em></strong></span> <span class='ocrx_word' id='word_1_70' title='bbox 696 1246 888 1304; x_wconf 87' lang='lat' dir='ltr'><strong><em>inmittnntnr</em></strong></span> <span class='ocrx_word' id='word_1_71' title='bbox 911 1240 963 1323; x_wconf 85' lang='lat'><strong><em>41,</em></strong></span> <span class='ocrx_word' id='word_1_72' title='bbox 978 1240 1008 1307; x_wconf 79' lang='lat'><strong><em>4.</em></strong></span> <span class='ocrx_word' id='word_1_73' title='bbox 1032 1239 1128 1323; x_wconf 78' lang='lat'><strong><em>46,1.</em></strong></span> 
     </span>
    </p>
   </div>
   <div class='ocr_carea' id='block_1_4' title="bbox 217 1336 1373 1771">
    <p class='ocr_par' dir='ltr' id='par_1_4' title="bbox 217 1336 1373 1771">
     <span class='ocr_line' id='line_1_10' title="bbox 312 1336 1371 1447; baseline -0.004 -17"><span class='ocrx_word' id='word_1_74' title='bbox 312 1370 470 1432; x_wconf 84' lang='lat' dir='ltr'><strong><em>Eneliito</em></strong></span> <span class='ocrx_word' id='word_1_75' title='bbox 504 1373 555 1431; x_wconf 92' lang='lat' dir='ltr'><strong><em>sic</em></strong></span> <span class='ocrx_word' id='word_1_76' title='bbox 584 1370 840 1430; x_wconf 86' lang='lat' dir='ltr'><strong><em>circumfodito</em></strong></span> <span class='ocrx_word' id='word_1_77' title='bbox 869 1379 907 1430; x_wconf 91' lang='lat' dir='ltr'><strong><em>ut</em></strong></span> <span class='ocrx_word' id='word_1_78' title='bbox 934 1368 1040 1430; x_wconf 87' lang='lat' dir='ltr'><strong><em>iacilc</em></strong></span> <span class='ocrx_word' id='word_1_79' title='bbox 1069 1336 1371 1447; x_wconf 50' lang='lat' dir='ltr'><strong><em>uellere⁶possisl</em></strong></span> 
     </span>
     <span class='ocr_line' id='line_1_11' title="bbox 217 1473 1371 1555; baseline -0.006 -15"><span class='ocrx_word' id='word_1_80' title='bbox 217 1482 348 1553; x_wconf 69' lang='lat' dir='ltr'><strong><em>,Euellito</em></strong></span> <span class='ocrx_word' id='word_1_81' title='bbox 381 1487 410 1540; x_wconf 86' lang='lat' dir='ltr'><strong><em>et</em></strong></span> <span class='ocrx_word' id='word_1_82' title='bbox 441 1482 486 1539; x_wconf 90' lang='lat' dir='ltr'><strong><em>sie</em></strong></span> <span class='ocrx_word' id='word_1_83' title='bbox 518 1476 746 1553; x_wconf 72' lang='lat' dir='ltr'><strong><em>circumfodito,</em></strong></span> <span class='ocrx_word' id='word_1_84' title='bbox 779 1486 812 1538; x_wconf 84' lang='lat' dir='ltr'><strong><em>ut</em></strong></span> <span class='ocrx_word' id='word_1_85' title='bbox 841 1476 937 1552; x_wconf 88' lang='lat' dir='ltr'><strong><em>facile</em></strong></span> <span class='ocrx_word' id='word_1_86' title='bbox 969 1481 1095 1538; x_wconf 84' lang='lat' dir='ltr'><strong><em>euellere</em></strong></span> <span class='ocrx_word' id='word_1_87' title='bbox 1119 1478 1220 1553; x_wconf 84' lang='lat' dir='ltr'><strong><em>possis</em></strong></span> <span class='ocrx_word' id='word_1_88' title='bbox 1252 1473 1371 1555; x_wconf 78' lang='lat' dir='ltr'><strong><em>blenda,</em></strong></span> 
     </span>
     <span class='ocr_line' id='line_1_12' title="bbox 222 1582 1373 1662; baseline -0.004 -16"><span class='ocrx_word' id='word_1_89' title='bbox 222 1590 329 1661; x_wconf 79' lang='lat' dir='ltr'><strong><em>vellito,</em></strong></span> <span class='ocrx_word' id='word_1_90' title='bbox 353 1590 398 1647; x_wconf 85' lang='lat' dir='ltr'><strong><em>sic</em></strong></span> <span class='ocrx_word' id='word_1_91' title='bbox 418 1585 632 1662; x_wconf 83' lang='lat' dir='ltr'><strong><em>circunsodito,</em></strong></span> <span class='ocrx_word' id='word_1_92' title='bbox 657 1593 689 1646; x_wconf 92' lang='lat' dir='ltr'><strong><em>nt</em></strong></span> <span class='ocrx_word' id='word_1_93' title='bbox 704 1584 801 1659; x_wconf 80' lang='lat' dir='ltr'><strong><em>facile</em></strong></span> <span class='ocrx_word' id='word_1_94' title='bbox 819 1588 947 1646; x_wconf 75' lang='lat' dir='ltr'><strong><em>evellere</em></strong></span> <span class='ocrx_word' id='word_1_95' title='bbox 964 1588 1060 1661; x_wconf 80' lang='lat' dir='ltr'><strong><em>possis</em></strong></span> <span class='ocrx_word' id='word_1_96' title='bbox 1075 1582 1234 1644; x_wconf 79' lang='lat' dir='ltr'><strong><em>Victorius</em></strong></span> <span class='ocrx_word' id='word_1_97' title='bbox 1276 1584 1373 1643; x_wconf 78' lang='lat' dir='ltr'><strong><em>vellito</em></strong></span> 
     </span>
     <span class='ocr_line' id='line_1_13' title="bbox 222 1688 1373 1771; baseline -0.005 -17"><span class='ocrx_word' id='word_1_98' title='bbox 222 1702 251 1754; x_wconf 88' lang='lat' dir='ltr'><strong><em>ct</em></strong></span> <span class='ocrx_word' id='word_1_99' title='bbox 271 1692 377 1754; x_wconf 90' lang='lat' dir='ltr'><strong><em>deinde</em></strong></span> <span class='ocrx_word' id='word_1_100' title='bbox 397 1696 507 1753; x_wconf 74' lang='lat' dir='ltr'><strong><em>cellere</em></strong></span> <span class='ocrx_word' id='word_1_101' title='bbox 526 1693 643 1771; x_wconf 81' lang='lat' dir='ltr'><strong><em>scripsi,</em></strong></span> <span class='ocrx_word' id='word_1_102' title='bbox 667 1691 745 1770; x_wconf 86' lang='lat' dir='ltr'><strong><em>qnod</em></strong></span> <span class='ocrx_word' id='word_1_103' title='bbox 767 1694 862 1770; x_wconf 87' lang='lat' dir='ltr'><strong><em>ipsum</em></strong></span> <span class='ocrx_word' id='word_1_104' title='bbox 883 1690 960 1750; x_wconf 88' lang='lat' dir='ltr'><strong><em>hand</em></strong></span> <span class='ocrx_word' id='word_1_105' title='bbox 976 1691 1065 1752; x_wconf 87' lang='lat' dir='ltr'><strong><em>dnbio</em></strong></span> <span class='ocrx_word' id='word_1_106' title='bbox 1080 1688 1231 1750; x_wconf 84' lang='lat' dir='ltr'><strong><em>Victorius</em></strong></span> <span class='ocrx_word' id='word_1_107' title='bbox 1247 1688 1373 1750; x_wconf 82' lang='lat' dir='ltr'><strong><em>volebat.</em></strong></span> 
     </span>
    </p>
   </div>
   <div class='ocr_carea' id='block_1_5' title="bbox 221 1832 1385 3734">
    <p class='ocr_par' dir='ltr' id='par_1_5' title="bbox 221 1832 1385 3734">
     <span class='ocr_line' id='line_1_14' title="bbox 311 1832 1375 1912; baseline -0.003 -16"><span class='ocrx_word' id='word_1_108' title='bbox 311 1837 416 1896; x_wconf 80' lang='lat' dir='ltr'>CLXII</span> <span class='ocrx_word' id='word_1_109' title='bbox 447 1834 463 1897; x_wconf 93' lang='lat'>1</span> <span class='ocrx_word' id='word_1_110' title='bbox 499 1835 632 1895; x_wconf 89' lang='lat' dir='ltr'><strong><em>Pernas</em></strong></span> <span class='ocrx_word' id='word_1_111' title='bbox 660 1834 784 1895; x_wconf 80' lang='lat' dir='ltr'><strong><em>sallire</em></strong></span> <span class='ocrx_word' id='word_1_112' title='bbox 814 1837 866 1894; x_wconf 91' lang='lat' dir='ltr'><strong><em>sic</em></strong></span> <span class='ocrx_word' id='word_1_113' title='bbox 895 1842 1040 1912; x_wconf 86' lang='lat' dir='ltr'><strong><em>oportet</em></strong></span> <span class='ocrx_word' id='word_1_114' title='bbox 1068 1836 1101 1894; x_wconf 93' lang='lat' dir='ltr'><strong><em>in</em></strong></span> <span class='ocrx_word' id='word_1_115' title='bbox 1130 1832 1229 1894; x_wconf 82' lang='lat' dir='ltr'><strong><em>dolio</em></strong></span> <span class='ocrx_word' id='word_1_116' title='bbox 1256 1841 1320 1894; x_wconf 86' lang='lat' dir='ltr'><strong><em>aut</em></strong></span> <span class='ocrx_word' id='word_1_117' title='bbox 1341 1834 1375 1893; x_wconf 89' lang='lat' dir='ltr'><strong><em>in</em></strong></span> 
     </span>
     <span class='ocr_line' id='line_1_15' title="bbox 222 1939 1376 2021; baseline -0.003 -18"><span class='ocrx_word' id='word_1_118' title='bbox 222 1943 332 2021; x_wconf 88' lang='lat' dir='ltr'><strong><em>scria]</em></strong></span> <span class='ocrx_word' id='word_1_119' title='bbox 363 1941 454 2002; x_wconf 85' lang='lat' dir='ltr'><strong><em>Titnii</em></strong></span> <span class='ocrx_word' id='word_1_120' title='bbox 484 1943 547 2002; x_wconf 90' lang='lat' dir='ltr'><strong><em>loco</em></strong></span> <span class='ocrx_word' id='word_1_121' title='bbox 576 1944 606 2002; x_wconf 91' lang='lat' dir='ltr'><strong><em>in</em></strong></span> <span class='ocrx_word' id='word_1_122' title='bbox 630 1942 763 2001; x_wconf 75' lang='lat' dir='ltr'><strong><em>Parisino</em></strong></span> <span class='ocrx_word' id='word_1_123' title='bbox 792 1941 894 2002; x_wconf 91' lang='lat' dir='ltr'><strong><em>codice</em></strong></span> <span class='ocrx_word' id='word_1_124' title='bbox 919 1944 940 2000; x_wconf 85' lang='grc' dir='ltr'>Α</span> <span class='ocrx_word' id='word_1_125' title='bbox 972 1951 1000 2000; x_wconf 86' lang='lat' dir='ltr'><strong><em>et</em></strong></span> <span class='ocrx_word' id='word_1_126' title='bbox 1027 1943 1056 2001; x_wconf 92' lang='lat' dir='ltr'><strong><em>in</em></strong></span> <span class='ocrx_word' id='word_1_127' title='bbox 1081 1942 1217 2019; x_wconf 82' lang='lat' dir='ltr'><strong><em>principe</em></strong></span> <span class='ocrx_word' id='word_1_128' title='bbox 1243 1939 1376 2000; x_wconf 83' lang='lat' dir='ltr'><strong><em>editione</em></strong></span> 
     </span>
     <span class='ocr_line' id='line_1_16' title="bbox 222 2048 1375 2128; baseline -0.003 -18"><span class='ocrx_word' id='word_1_129' title='bbox 222 2070 236 2111; x_wconf 89' lang='lat' dir='ltr'><strong><em>a</em></strong></span> <span class='ocrx_word' id='word_1_130' title='bbox 257 2049 401 2110; x_wconf 86' lang='lat' dir='ltr'><strong><em>Politiano</em></strong></span> <span class='ocrx_word' id='word_1_131' title='bbox 421 2068 479 2109; x_wconf 83' lang='lat' dir='ltr'><strong><em>rron</em></strong></span> <span class='ocrx_word' id='word_1_132' title='bbox 500 2059 632 2108; x_wconf 84' lang='lat' dir='ltr'><strong><em>correcta</em></strong></span> <span class='ocrx_word' id='word_1_133' title='bbox 654 2050 835 2127; x_wconf 86' lang='lat' dir='ltr'><strong><em>praescripta</em></strong></span> <span class='ocrx_word' id='word_1_134' title='bbox 856 2057 925 2109; x_wconf 88' lang='lat' dir='ltr'><strong><em>sunt</em></strong></span> <span class='ocrx_word' id='word_1_135' title='bbox 945 2048 1026 2128; x_wconf 79' lang='lat' dir='ltr'><strong><em>irasc,</em></strong></span> <span class='ocrx_word' id='word_1_136' title='bbox 1050 2049 1180 2108; x_wconf 83' lang='lat' dir='ltr'><strong><em>Salsurn</em></strong></span> <span class='ocrx_word' id='word_1_137' title='bbox 1197 2066 1375 2125; x_wconf 77' lang='lat' dir='ltr'><strong><em>permanen</em></strong></span> 
     </span>
     <span class='ocr_line' id='line_1_17' title="bbox 222 2155 1376 2234; baseline -0.003 -16"><span class='ocrx_word' id='word_1_138' title='bbox 222 2167 251 2218; x_wconf 86' lang='lat' dir='ltr'><strong><em>et</em></strong></span> <span class='ocrx_word' id='word_1_139' title='bbox 274 2156 383 2232; x_wconf 85' lang='lat' dir='ltr'><strong><em>ofellae</em></strong></span> <span class='ocrx_word' id='word_1_140' title='bbox 402 2161 595 2234; x_wconf 76' lang='lat' dir='ltr'><strong><em>prateolanae,</em></strong></span> <span class='ocrx_word' id='word_1_141' title='bbox 619 2155 669 2215; x_wconf 82' lang='lat' dir='ltr'><strong><em>nbi</em></strong></span> <span class='ocrx_word' id='word_1_142' title='bbox 695 2158 723 2215; x_wconf 92' lang='lat' dir='ltr'><strong><em>in</em></strong></span> <span class='ocrx_word' id='word_1_143' title='bbox 749 2174 808 2215; x_wconf 78' lang='lat' dir='ltr'><strong><em>rino</em></strong></span> <span class='ocrx_word' id='word_1_144' title='bbox 833 2155 934 2215; x_wconf 91' lang='lat' dir='ltr'><strong><em>codice</em></strong></span> <span class='ocrx_word' id='word_1_145' title='bbox 959 2155 977 2214; x_wconf 87' lang='lat' dir='ltr'><strong><em>b</em></strong></span> <span class='ocrx_word' id='word_1_146' title='bbox 1002 2157 1047 2215; x_wconf 82' lang='lat' dir='ltr'><strong><em>Ile</em></strong></span> <span class='ocrx_word' id='word_1_147' title='bbox 1067 2158 1191 2215; x_wconf 83' lang='lat' dir='ltr'><strong><em>salsura</em></strong></span> <span class='ocrx_word' id='word_1_148' title='bbox 1210 2173 1281 2234; x_wconf 85' lang='lat' dir='ltr'><strong><em>sqq.</em></strong></span> <span class='ocrx_word' id='word_1_149' title='bbox 1306 2157 1376 2214; x_wconf 88' lang='lat' dir='ltr'><strong><em>scri·</em></strong></span> 
     </span>
     <span class='ocr_line' id='line_1_18' title="bbox 221 2260 1378 2344; baseline -0.003 -20"><span class='ocrx_word' id='word_1_150' title='bbox 221 2273 305 2344; x_wconf 87' lang='lat' dir='ltr'><strong><em>ptum</em></strong></span> <span class='ocrx_word' id='word_1_151' title='bbox 325 2274 379 2344; x_wconf 86' lang='lat' dir='ltr'><strong><em>est,</em></strong></span> <span class='ocrx_word' id='word_1_152' title='bbox 403 2265 533 2324; x_wconf 87' lang='lat' dir='ltr'><strong><em>Salsura</em></strong></span> <span class='ocrx_word' id='word_1_153' title='bbox 549 2281 719 2340; x_wconf 85' lang='lat' dir='ltr'><strong><em>pernarum</em></strong></span> <span class='ocrx_word' id='word_1_154' title='bbox 738 2260 847 2337; x_wconf 82' lang='lat' dir='ltr'><strong><em>osellae</em></strong></span> <span class='ocrx_word' id='word_1_155' title='bbox 862 2266 1048 2339; x_wconf 77' lang='lat' dir='ltr'><strong><em>puteolanae</em></strong></span> <span class='ocrx_word' id='word_1_156' title='bbox 1066 2264 1096 2321; x_wconf 89' lang='lat' dir='ltr'><strong><em>in</em></strong></span> <span class='ocrx_word' id='word_1_157' title='bbox 1116 2261 1219 2322; x_wconf 90' lang='lat' dir='ltr'><strong><em>codice</em></strong></span> <span class='ocrx_word' id='word_1_158' title='bbox 1240 2260 1378 2323; x_wconf 84' lang='lat' dir='ltr'><strong><em>Mediceo</em></strong></span> 
     </span>
     <span class='ocr_line' id='line_1_19' title="bbox 223 2367 1379 2448; baseline 0 -18"><span class='ocrx_word' id='word_1_159' title='bbox 223 2389 251 2430; x_wconf 90' lang='lat' dir='ltr'><strong><em>m</em></strong></span> <span class='ocrx_word' id='word_1_160' title='bbox 276 2378 305 2430; x_wconf 87' lang='lat' dir='ltr'><strong><em>ot</em></strong></span> <span class='ocrx_word' id='word_1_161' title='bbox 330 2373 359 2430; x_wconf 90' lang='lat' dir='ltr'><strong><em>in</em></strong></span> <span class='ocrx_word' id='word_1_162' title='bbox 384 2369 513 2430; x_wconf 85' lang='lat' dir='ltr'><strong><em>editione</em></strong></span> <span class='ocrx_word' id='word_1_163' title='bbox 533 2368 664 2448; x_wconf 86' lang='lat' dir='ltr'><strong><em>Victorii,</em></strong></span> <span class='ocrx_word' id='word_1_164' title='bbox 689 2370 734 2430; x_wconf 82' lang='lat' dir='ltr'><strong><em>Ile</em></strong></span> <span class='ocrx_word' id='word_1_165' title='bbox 751 2374 874 2430; x_wconf 89' lang='lat' dir='ltr'><strong><em>salsura</em></strong></span> <span class='ocrx_word' id='word_1_166' title='bbox 893 2368 1003 2445; x_wconf 77' lang='lat' dir='ltr'><strong><em>osellae</em></strong></span> <span class='ocrx_word' id='word_1_167' title='bbox 1018 2372 1204 2446; x_wconf 84' lang='lat' dir='ltr'><strong><em>puteolanae</em></strong></span> <span class='ocrx_word' id='word_1_168' title='bbox 1223 2369 1259 2429; x_wconf 91' lang='lat' dir='ltr'><strong><em>in</em></strong></span> <span class='ocrx_word' id='word_1_169' title='bbox 1280 2367 1379 2430; x_wconf 84' lang='lat' dir='ltr'><strong><em>indice</em></strong></span> 
     </span>
     <span class='ocr_line' id='line_1_20' title="bbox 222 2474 1378 2556; baseline -0.002 -18"><span class='ocrx_word' id='word_1_170' title='bbox 222 2476 428 2556; x_wconf 85' lang='lat' dir='ltr'><strong><em>capitulorum.</em></strong></span> <span class='ocrx_word' id='word_1_171' title='bbox 466 2479 496 2537; x_wconf 92' lang='lat' dir='ltr'><strong><em>in</em></strong></span> <span class='ocrx_word' id='word_1_172' title='bbox 522 2486 604 2538; x_wconf 78' lang='lat' dir='ltr'><strong><em>textu</em></strong></span> <span class='ocrx_word' id='word_1_173' title='bbox 628 2475 786 2537; x_wconf 87' lang='lat' dir='ltr'><strong><em>verborum</em></strong></span> <span class='ocrx_word' id='word_1_174' title='bbox 811 2478 897 2555; x_wconf 89' lang='lat' dir='ltr'><strong><em>posui</em></strong></span> <span class='ocrx_word' id='word_1_175' title='bbox 921 2494 995 2555; x_wconf 87' lang='lat' dir='ltr'><strong><em>quae</em></strong></span> <span class='ocrx_word' id='word_1_176' title='bbox 1019 2477 1049 2535; x_wconf 92' lang='lat' dir='ltr'><strong><em>in</em></strong></span> <span class='ocrx_word' id='word_1_177' title='bbox 1069 2475 1233 2556; x_wconf 79' lang='lat' dir='ltr'><strong><em>archetypo</em></strong></span> <span class='ocrx_word' id='word_1_178' title='bbox 1257 2474 1378 2537; x_wconf 80' lang='lat' dir='ltr'><strong><em>rubrica</em></strong></span> 
     </span>
     <span class='ocr_line' id='line_1_21' title="bbox 223 2581 1379 2663; baseline 0 -19"><span class='ocrx_word' id='word_1_179' title='bbox 223 2587 333 2663; x_wconf 88' lang='lat' dir='ltr'><strong><em>scripta</em></strong></span> <span class='ocrx_word' id='word_1_180' title='bbox 354 2593 444 2644; x_wconf 82' lang='lat' dir='ltr'><strong><em>erant.</em></strong></span> <span class='ocrx_word' id='word_1_181' title='bbox 485 2603 519 2643; x_wconf 86' lang='lat' dir='ltr'><strong><em>ex</em></strong></span> <span class='ocrx_word' id='word_1_182' title='bbox 540 2584 595 2644; x_wconf 91' lang='lat' dir='ltr'><strong><em>hoc</em></strong></span> <span class='ocrx_word' id='word_1_183' title='bbox 615 2586 694 2644; x_wconf 84' lang='lat' dir='ltr'><strong><em>eninr</em></strong></span> <span class='ocrx_word' id='word_1_184' title='bbox 714 2585 739 2644; x_wconf 88' lang='lat' dir='ltr'><strong><em>is</em></strong></span> <span class='ocrx_word' id='word_1_185' title='bbox 759 2586 810 2662; x_wconf 90' lang='lat' dir='ltr'><strong><em>qni</em></strong></span> <span class='ocrx_word' id='word_1_186' title='bbox 829 2583 965 2644; x_wconf 83' lang='lat' dir='ltr'><strong><em>rubricas</em></strong></span> <span class='ocrx_word' id='word_1_187' title='bbox 984 2591 1014 2643; x_wconf 91' lang='lat' dir='ltr'><strong><em>et</em></strong></span> <span class='ocrx_word' id='word_1_188' title='bbox 1028 2582 1156 2643; x_wconf 87' lang='lat' dir='ltr'><strong><em>indicem</em></strong></span> <span class='ocrx_word' id='word_1_189' title='bbox 1173 2581 1379 2662; x_wconf 81' lang='lat' dir='ltr'><strong><em>capitulorum</em></strong></span> 
     </span>
     <span class='ocr_line' id='line_1_22' title="bbox 224 2689 1380 2770; baseline 0.001 -20"><span class='ocrx_word' id='word_1_190' title='bbox 224 2692 294 2751; x_wconf 91' lang='lat' dir='ltr'><strong><em>iecit</em></strong></span> <span class='ocrx_word' id='word_1_191' title='bbox 317 2690 405 2750; x_wconf 88' lang='lat' dir='ltr'><strong><em>verba</em></strong></span> <span class='ocrx_word' id='word_1_192' title='bbox 430 2702 592 2769; x_wconf 84' lang='lat' dir='ltr'><strong><em>receperat.</em></strong></span> <span class='ocrx_word' id='word_1_193' title='bbox 639 2690 724 2751; x_wconf 88' lang='lat' dir='ltr'><strong><em>oieila</em></strong></span> <span class='ocrx_word' id='word_1_194' title='bbox 748 2701 846 2751; x_wconf 84' lang='lat' dir='ltr'><strong><em>autem</em></strong></span> <span class='ocrx_word' id='word_1_195' title='bbox 867 2689 1026 2751; x_wconf 85' lang='lat' dir='ltr'><strong><em>Puteolana</em></strong></span> <span class='ocrx_word' id='word_1_196' title='bbox 1050 2693 1080 2750; x_wconf 92' lang='lat' dir='ltr'><strong><em>in</em></strong></span> <span class='ocrx_word' id='word_1_197' title='bbox 1105 2691 1180 2770; x_wconf 90' lang='lat' dir='ltr'><strong><em>ipsis</em></strong></span> <span class='ocrx_word' id='word_1_198' title='bbox 1203 2692 1380 2770; x_wconf 83' lang='lat' dir='ltr'><strong><em>praeceptis</em></strong></span> 
     </span>
     <span class='ocr_line' id='line_1_23' title="bbox 225 2796 1381 2876; baseline 0.002 -19"><span class='ocrx_word' id='word_1_199' title='bbox 225 2797 262 2857; x_wconf 92' lang='lat' dir='ltr'><strong><em>de</em></strong></span> <span class='ocrx_word' id='word_1_200' title='bbox 301 2796 412 2858; x_wconf 87' lang='lat' dir='ltr'><strong><em>salsura</em></strong></span> <span class='ocrx_word' id='word_1_201' title='bbox 450 2816 609 2876; x_wconf 88' lang='lat' dir='ltr'><strong><em>pernarum</em></strong></span> <span class='ocrx_word' id='word_1_202' title='bbox 648 2817 707 2858; x_wconf 91' lang='lat' dir='ltr'><strong><em>non</em></strong></span> <span class='ocrx_word' id='word_1_203' title='bbox 743 2797 885 2876; x_wconf 86' lang='lat' dir='ltr'><strong><em>appellata</em></strong></span> <span class='ocrx_word' id='word_1_204' title='bbox 924 2806 978 2858; x_wconf 88' lang='lat' dir='ltr'><strong><em>est.</em></strong></span> <span class='ocrx_word' id='word_1_205' title='bbox 1032 2797 1108 2858; x_wconf 89' lang='lat' dir='ltr'><strong><em>hanc</em></strong></span> <span class='ocrx_word' id='word_1_206' title='bbox 1145 2796 1217 2858; x_wconf 86' lang='lat' dir='ltr'><strong><em>Cato</em></strong></span> <span class='ocrx_word' id='word_1_207' title='bbox 1261 2798 1381 2860; x_wconf 80' lang='lat' dir='ltr'><strong><em>videtur</em></strong></span> 
     </span>
     <span class='ocr_line' id='line_1_24' title="bbox 226 2903 1381 2986; baseline 0 -20"><span class='ocrx_word' id='word_1_208' title='bbox 226 2905 337 2967; x_wconf 83' lang='lat' dir='ltr'><strong><em>dixisse</em></strong></span> <span class='ocrx_word' id='word_1_209' title='bbox 362 2905 490 2965; x_wconf 78' lang='lat' dir='ltr'><strong><em>irnstnrn</em></strong></span> <span class='ocrx_word' id='word_1_210' title='bbox 515 2905 550 2965; x_wconf 88' lang='lat' dir='ltr'><strong><em>de</em></strong></span> <span class='ocrx_word' id='word_1_211' title='bbox 574 2924 665 2984; x_wconf 88' lang='lat' dir='ltr'><strong><em>perna</em></strong></span> <span class='ocrx_word' id='word_1_212' title='bbox 690 2905 853 2986; x_wconf 85' lang='lat' dir='ltr'><strong><em>desectum,</em></strong></span> <span class='ocrx_word' id='word_1_213' title='bbox 877 2906 955 2985; x_wconf 87' lang='lat' dir='ltr'><strong><em>qnod</em></strong></span> <span class='ocrx_word' id='word_1_214' title='bbox 980 2924 1038 2965; x_wconf 89' lang='lat' dir='ltr'><strong><em>nna</em></strong></span> <span class='ocrx_word' id='word_1_215' title='bbox 1057 2923 1125 2965; x_wconf 87' lang='lat' dir='ltr'><strong><em>cum</em></strong></span> <span class='ocrx_word' id='word_1_216' title='bbox 1145 2903 1262 2984; x_wconf 85' lang='lat' dir='ltr'><strong><em>ungula</em></strong></span> <span class='ocrx_word' id='word_1_217' title='bbox 1284 2905 1381 2986; x_wconf 87' lang='lat' dir='ltr'><strong><em>appel·</em></strong></span> 
     </span>
     <span class='ocr_line' id='line_1_25' title="bbox 222 3007 1382 3090; baseline 0.003 -19"><span class='ocrx_word' id='word_1_218' title='bbox 222 3010 301 3073; x_wconf 81' lang='lat' dir='ltr'><strong><em>iatrtr</em></strong></span> <span class='ocrx_word' id='word_1_219' title='bbox 327 3007 445 3090; x_wconf 84' lang='lat'>158,1,</span> <span class='ocrx_word' id='word_1_220' title='bbox 468 3016 496 3073; x_wconf 88' lang='lat' dir='ltr'><strong><em>si</em></strong></span> <span class='ocrx_word' id='word_1_221' title='bbox 518 3017 663 3087; x_wconf 71' lang='lat' dir='ltr'><strong><em>initantum</em></strong></span> <span class='ocrx_word' id='word_1_222' title='bbox 687 3032 746 3074; x_wconf 93' lang='lat' dir='ltr'><strong><em>non</em></strong></span> <span class='ocrx_word' id='word_1_223' title='bbox 766 3015 897 3087; x_wconf 82' lang='lat' dir='ltr'><strong><em>ltabebis,</em></strong></span> <span class='ocrx_word' id='word_1_224' title='bbox 924 3015 1029 3073; x_wconf 90' lang='lat' dir='ltr'><strong><em>addito</em></strong></span> <span class='ocrx_word' id='word_1_225' title='bbox 1049 3015 1086 3072; x_wconf 91' lang='lat' dir='ltr'><strong><em>de</em></strong></span> <span class='ocrx_word' id='word_1_226' title='bbox 1105 3030 1208 3088; x_wconf 79' lang='lat' dir='ltr'><strong><em>perna</em></strong></span> <span class='ocrx_word' id='word_1_227' title='bbox 1231 3010 1382 3087; x_wconf 78' lang='lat' dir='ltr'><strong><em>frustum.</em></strong></span> 
     </span>
     <span class='ocr_line' id='line_1_26' title="bbox 224 3116 1384 3201; baseline 0.003 -23"><span class='ocrx_word' id='word_1_228' title='bbox 224 3117 327 3179; x_wconf 83' lang='lat' dir='ltr'><strong><em>oiinias</em></strong></span> <span class='ocrx_word' id='word_1_229' title='bbox 355 3122 452 3179; x_wconf 78' lang='lat' dir='ltr'><strong><em>carinis</em></strong></span> <span class='ocrx_word' id='word_1_230' title='bbox 477 3119 636 3179; x_wconf 81' lang='lat' dir='ltr'><strong><em>Columella</em></strong></span> <span class='ocrx_word' id='word_1_231' title='bbox 662 3117 826 3201; x_wconf 84' lang='lat' dir='ltr'><strong><em>xt155,4</em></strong></span> <span class='ocrx_word' id='word_1_232' title='bbox 850 3122 879 3180; x_wconf 92' lang='lat' dir='ltr'><strong><em>in</em></strong></span> <span class='ocrx_word' id='word_1_233' title='bbox 904 3121 1071 3198; x_wconf 87' lang='lat' dir='ltr'><strong><em>praeceptis</em></strong></span> <span class='ocrx_word' id='word_1_234' title='bbox 1094 3118 1130 3178; x_wconf 91' lang='lat' dir='ltr'><strong><em>de</em></strong></span> <span class='ocrx_word' id='word_1_235' title='bbox 1155 3116 1279 3179; x_wconf 86' lang='lat' dir='ltr'><strong><em>salsura</em></strong></span> <span class='ocrx_word' id='word_1_236' title='bbox 1305 3122 1384 3181; x_wconf 87' lang='lat' dir='ltr'><strong><em>snei·</em></strong></span> 
     </span>
     <span class='ocr_line' id='line_1_27' title="bbox 223 3225 1383 3306; baseline 0.004 -21"><span class='ocrx_word' id='word_1_237' title='bbox 223 3225 339 3285; x_wconf 85' lang='lat' dir='ltr'><strong><em>diarum</em></strong></span> <span class='ocrx_word' id='word_1_238' title='bbox 358 3229 607 3306; x_wconf 86' lang='lat' dir='ltr'><strong><em>commemoravit,</em></strong></span> <span class='ocrx_word' id='word_1_239' title='bbox 626 3246 702 3288; x_wconf 85' lang='lat' dir='ltr'><strong><em>caro</em></strong></span> <span class='ocrx_word' id='word_1_240' title='bbox 722 3231 752 3287; x_wconf 88' lang='lat' dir='ltr'><strong><em>in</em></strong></span> <span class='ocrx_word' id='word_1_241' title='bbox 773 3230 905 3288; x_wconf 80' lang='lat' dir='ltr'><strong><em>tilmaria</em></strong></span> <span class='ocrx_word' id='word_1_242' title='bbox 921 3226 1026 3302; x_wconf 78' lang='lat' dir='ltr'><strong><em>frusta</em></strong></span> <span class='ocrx_word' id='word_1_243' title='bbox 1045 3228 1234 3287; x_wconf 78' lang='lat' dir='ltr'><strong><em>conciditur.</em></strong></span> <span class='ocrx_word' id='word_1_244' title='bbox 1270 3229 1383 3290; x_wconf 85' lang='lat' dir='ltr'><strong><em>deinde</em></strong></span> 
     </span>
     <span class='ocr_line' id='line_1_28' title="bbox 223 3326 1383 3419; baseline 0.003 -27"><span class='ocrx_word' id='word_1_245' title='bbox 223 3336 253 3393; x_wconf 93' lang='lat' dir='ltr'><strong><em>in</em></strong></span> <span class='ocrx_word' id='word_1_246' title='bbox 277 3337 360 3395; x_wconf 85' lang='lat' dir='ltr'><strong><em>seria</em></strong></span> <span class='ocrx_word' id='word_1_247' title='bbox 382 3336 587 3395; x_wconf 78' lang='lat' dir='ltr'><strong><em>substernitur</em></strong></span> <span class='ocrx_word' id='word_1_248' title='bbox 610 3339 658 3395; x_wconf 89' lang='lat' dir='ltr'><strong><em>sal</em></strong></span> <span class='ocrx_word' id='word_1_249' title='bbox 680 3343 783 3395; x_wconf 86' lang='lat' dir='ltr'><strong><em>coctus</em></strong></span> <span class='ocrx_word' id='word_1_250' title='bbox 807 3330 939 3415; x_wconf 77' lang='lat' dir='ltr'><strong><em>(noctram</em></strong></span> <span class='ocrx_word' id='word_1_251' title='bbox 964 3333 1055 3394; x_wconf 84' lang='lat' dir='ltr'><strong><em>codex</em></strong></span> <span class='ocrx_word' id='word_1_252' title='bbox 1081 3326 1383 3419; x_wconf 73' lang='lat' dir='ltr'><strong><em>Sangarmanensis),</em></strong></span> 
     </span>
     <span class='ocr_line' id='line_1_29' title="bbox 223 3440 1383 3520; baseline 0.003 -21"><span class='ocrx_word' id='word_1_253' title='bbox 223 3443 279 3500; x_wconf 87' lang='lat' dir='ltr'><strong><em>sed</em></strong></span> <span class='ocrx_word' id='word_1_254' title='bbox 301 3444 425 3513; x_wconf 89' lang='lat' dir='ltr'><strong><em>modice,</em></strong></span> <span class='ocrx_word' id='word_1_255' title='bbox 451 3450 600 3516; x_wconf 85' lang='lat' dir='ltr'><strong><em>utsupra</em></strong></span> <span class='ocrx_word' id='word_1_256' title='bbox 625 3444 766 3520; x_wconf 81' lang='lat' dir='ltr'><strong><em>dicimus,</em></strong></span> <span class='ocrx_word' id='word_1_257' title='bbox 791 3441 951 3518; x_wconf 79' lang='lat' dir='ltr'><strong><em>infractus.</em></strong></span> <span class='ocrx_word' id='word_1_258' title='bbox 993 3443 1104 3501; x_wconf 90' lang='lat' dir='ltr'><strong><em>deinde</em></strong></span> <span class='ocrx_word' id='word_1_259' title='bbox 1126 3440 1249 3514; x_wconf 80' lang='lat' dir='ltr'><strong><em>offulae</em></strong></span> <span class='ocrx_word' id='word_1_260' title='bbox 1275 3447 1383 3504; x_wconf 81' lang='lat' dir='ltr'><strong><em>carnis</em></strong></span> 
     </span>
     <span class='ocr_line' id='line_1_30' title="bbox 223 3549 1385 3627; baseline 0.003 -21"><span class='ocrx_word' id='word_1_261' title='bbox 223 3550 317 3622; x_wconf 86' lang='lat' dir='ltr'><strong><em>spisse</em></strong></span> <span class='ocrx_word' id='word_1_262' title='bbox 341 3555 555 3623; x_wconf 83' lang='lat' dir='ltr'><strong><em>conponnntnr</em></strong></span> <span class='ocrx_word' id='word_1_263' title='bbox 579 3555 607 3607; x_wconf 90' lang='lat' dir='ltr'><strong><em>et</em></strong></span> <span class='ocrx_word' id='word_1_264' title='bbox 631 3551 757 3608; x_wconf 83' lang='lat' dir='ltr'><strong><em>alternis</em></strong></span> <span class='ocrx_word' id='word_1_265' title='bbox 775 3552 823 3608; x_wconf 90' lang='lat' dir='ltr'><strong><em>sal</em></strong></span> <span class='ocrx_word' id='word_1_266' title='bbox 841 3551 1003 3624; x_wconf 67' lang='lat' dir='ltr'><strong><em>inuenitur.</em></strong></span> <span class='ocrx_word' id='word_1_267' title='bbox 1041 3550 1097 3608; x_wconf 89' lang='lat' dir='ltr'><strong><em>sed</em></strong></span> <span class='ocrx_word' id='word_1_268' title='bbox 1114 3565 1185 3607; x_wconf 90' lang='lat' dir='ltr'><strong><em>enm</em></strong></span> <span class='ocrx_word' id='word_1_269' title='bbox 1205 3552 1255 3609; x_wconf 91' lang='lat' dir='ltr'><strong><em>ad</em></strong></span> <span class='ocrx_word' id='word_1_270' title='bbox 1270 3549 1385 3627; x_wconf 77' lang='lat' dir='ltr'><strong><em>sauses</em></strong></span> 
     </span>
     <span class='ocr_line' id='line_1_31' title="bbox 223 3657 1097 3734; baseline 0.001 -22"><span class='ocrx_word' id='word_1_271' title='bbox 223 3657 324 3713; x_wconf 86' lang='lat' dir='ltr'><strong><em>seriae</em></strong></span> <span class='ocrx_word' id='word_1_272' title='bbox 343 3660 523 3729; x_wconf 86' lang='lat' dir='ltr'><strong><em>perventum</em></strong></span> <span class='ocrx_word' id='word_1_273' title='bbox 546 3662 602 3734; x_wconf 83' lang='lat' dir='ltr'><strong><em>est,</em></strong></span> <span class='ocrx_word' id='word_1_274' title='bbox 625 3658 689 3714; x_wconf 91' lang='lat' dir='ltr'><strong><em>sale</em></strong></span> <span class='ocrx_word' id='word_1_275' title='bbox 713 3658 832 3729; x_wconf 82' lang='lat' dir='ltr'><strong><em>reliqna</em></strong></span> <span class='ocrx_word' id='word_1_276' title='bbox 853 3674 930 3731; x_wconf 83' lang='lat' dir='ltr'><strong><em>pars</em></strong></span> <span class='ocrx_word' id='word_1_277' title='bbox 953 3657 1097 3730; x_wconf 84' lang='lat' dir='ltr'><strong><em>repletur.</em></strong></span> 
     </span>
    </p>
   </div>
   <div class='ocr_carea' id='block_1_6' title="bbox 222 3774 1384 4394">
    <p class='ocr_par' dir='ltr' id='par_1_6' title="bbox 222 3774 1384 4394">
     <span class='ocr_line' id='line_1_32' title="bbox 315 3774 1382 3859; baseline 0.007 -24"><span class='ocrx_word' id='word_1_278' title='bbox 315 3774 407 3836; x_wconf 88' lang='lat' dir='ltr'><strong><em>Salis</em></strong></span> <span class='ocrx_word' id='word_1_279' title='bbox 434 3780 673 3839; x_wconf 88' lang='lat' dir='ltr'><strong><em>romaniensis</em></strong></span> <span class='ocrx_word' id='word_1_280' title='bbox 703 3778 817 3839; x_wconf 89' lang='lat' dir='ltr'><strong><em>moliti</em></strong></span> <span class='ocrx_word' id='word_1_281' title='bbox 846 3781 879 3838; x_wconf 91' lang='lat' dir='ltr'><strong><em>in</em></strong></span> <span class='ocrx_word' id='word_1_282' title='bbox 909 3778 1071 3857; x_wconf 82' lang='lat' dir='ltr'><strong><em>singulas</em></strong></span> <span class='ocrx_word' id='word_1_283' title='bbox 1100 3779 1307 3859; x_wconf 87' lang='lat' dir='ltr'><strong><em>semodios]</em></strong></span> <span class='ocrx_word' id='word_1_284' title='bbox 1331 3784 1382 3844; x_wconf 86' lang='lat' dir='ltr'><strong><em>Se-</em></strong></span> 
     </span>
     <span class='ocr_line' id='line_1_33' title="bbox 224 3883 1384 3965; baseline 0.007 -22"><span class='ocrx_word' id='word_1_285' title='bbox 224 3885 340 3943; x_wconf 87' lang='lat' dir='ltr'><strong><em>modius</em></strong></span> <span class='ocrx_word' id='word_1_286' title='bbox 359 3883 436 3944; x_wconf 88' lang='lat' dir='ltr'><strong><em>edita</em></strong></span> <span class='ocrx_word' id='word_1_287' title='bbox 456 3885 524 3946; x_wconf 91' lang='lat' dir='ltr'><strong><em>inde</em></strong></span> <span class='ocrx_word' id='word_1_288' title='bbox 544 3885 579 3945; x_wconf 87' lang='lat' dir='ltr'><strong><em>ab</em></strong></span> <span class='ocrx_word' id='word_1_289' title='bbox 599 3886 701 3947; x_wconf 80' lang='lat' dir='ltr'><strong><em>Aldina</em></strong></span> <span class='ocrx_word' id='word_1_290' title='bbox 722 3887 851 3947; x_wconf 82' lang='lat' dir='ltr'><strong><em>editione</em></strong></span> <span class='ocrx_word' id='word_1_291' title='bbox 871 3886 1056 3965; x_wconf 85' lang='lat' dir='ltr'><strong><em>exemplaria.</em></strong></span> <span class='ocrx_word' id='word_1_292' title='bbox 1090 3885 1218 3965; x_wconf 87' lang='lat' dir='ltr'><strong><em>pluralis</em></strong></span> <span class='ocrx_word' id='word_1_293' title='bbox 1236 3908 1384 3951; x_wconf 83' lang='lat' dir='ltr'><strong><em>rrumerus</em></strong></span> 
     </span>
     <span class='ocr_line' id='line_1_34' title="bbox 224 3991 1383 4073; baseline 0.009 -24"><span class='ocrx_word' id='word_1_294' title='bbox 224 3993 254 4050; x_wconf 91' lang='lat' dir='ltr'><strong><em>in</em></strong></span> <span class='ocrx_word' id='word_1_295' title='bbox 283 3991 492 4053; x_wconf 88' lang='lat' dir='ltr'><strong><em>distributione</em></strong></span> <span class='ocrx_word' id='word_1_296' title='bbox 521 3995 636 4071; x_wconf 88' lang='lat' dir='ltr'><strong><em>positus</em></strong></span> <span class='ocrx_word' id='word_1_297' title='bbox 666 4002 710 4054; x_wconf 87' lang='lat' dir='ltr'><strong><em>cst</em></strong></span> <span class='ocrx_word' id='word_1_298' title='bbox 735 3991 824 4073; x_wconf 78' lang='lat'><strong>54,1</strong></span> <span class='ocrx_word' id='word_1_299' title='bbox 857 3997 927 4055; x_wconf 73' lang='lat' dir='ltr'><strong><em>iride</em></strong></span> <span class='ocrx_word' id='word_1_300' title='bbox 953 3996 1101 4055; x_wconf 86' lang='lat' dir='ltr'><strong><em>semodios</em></strong></span> <span class='ocrx_word' id='word_1_301' title='bbox 1123 3997 1262 4070; x_wconf 66' lang='lat' dir='ltr'><strong><em>sindulis</em></strong></span> <span class='ocrx_word' id='word_1_302' title='bbox 1287 3998 1383 4058; x_wconf 80' lang='lat' dir='ltr'><strong><em>bubus</em></strong></span> 
     </span>
     <span class='ocr_line' id='line_1_35' title="bbox 225 4098 1378 4184; baseline 0.006 -27"><span class='ocrx_word' id='word_1_303' title='bbox 225 4102 255 4157; x_wconf 90' lang='lat' dir='ltr'><strong><em>in</em></strong></span> <span class='ocrx_word' id='word_1_304' title='bbox 276 4101 340 4158; x_wconf 88' lang='lat' dir='ltr'><strong><em>dies</em></strong></span> <span class='ocrx_word' id='word_1_305' title='bbox 358 4103 431 4159; x_wconf 77' lang='lat' dir='ltr'><strong><em>clari</em></strong></span> <span class='ocrx_word' id='word_1_306' title='bbox 449 4108 574 4176; x_wconf 86' lang='lat' dir='ltr'><strong><em>oportet,</em></strong></span> <span class='ocrx_word' id='word_1_307' title='bbox 594 4098 634 4160; x_wconf 76' lang='lat' dir='ltr'><strong><em>bi</em></strong></span> <span class='ocrx_word' id='word_1_308' title='bbox 656 4119 755 4161; x_wconf 88' lang='lat' dir='ltr'><strong><em>mense</em></strong></span> <span class='ocrx_word' id='word_1_309' title='bbox 774 4108 884 4176; x_wconf 80' lang='lat' dir='ltr'><strong><em>quarto</em></strong></span> <span class='ocrx_word' id='word_1_310' title='bbox 903 4102 1040 4161; x_wconf 78' lang='lat' dir='ltr'><strong><em>irentinus</em></strong></span> <span class='ocrx_word' id='word_1_311' title='bbox 1059 4103 1090 4160; x_wconf 85' lang='lat' dir='ltr'><strong><em>in</em></strong></span> <span class='ocrx_word' id='word_1_312' title='bbox 1111 4102 1177 4161; x_wconf 86' lang='lat' dir='ltr'><strong><em>dies</em></strong></span> <span class='ocrx_word' id='word_1_313' title='bbox 1197 4119 1279 4183; x_wconf 60' lang='lat' dir='ltr'><strong><em>sqq„</em></strong></span> <span class='ocrx_word' id='word_1_314' title='bbox 1299 4102 1378 4184; x_wconf 54' lang='lat'><strong><em>621</em></strong></span> 
     </span>
     <span class='ocr_line' id='line_1_36' title="bbox 222 4203 1379 4284; baseline 0.007 -20"><span class='ocrx_word' id='word_1_315' title='bbox 222 4203 395 4278; x_wconf 79' lang='lat' dir='ltr'><strong><em>factoribus</em></strong></span> <span class='ocrx_word' id='word_1_316' title='bbox 415 4209 464 4265; x_wconf 89' lang='lat' dir='ltr'><strong><em>det</em></strong></span> <span class='ocrx_word' id='word_1_317' title='bbox 484 4211 513 4267; x_wconf 90' lang='lat' dir='ltr'><strong><em>in</em></strong></span> <span class='ocrx_word' id='word_1_318' title='bbox 533 4210 667 4281; x_wconf 73' lang='lat' dir='ltr'><strong><em>sinanIos</em></strong></span> <span class='ocrx_word' id='word_1_319' title='bbox 683 4207 787 4284; x_wconf 73' lang='lat' dir='ltr'><strong><em>factius</em></strong></span> <span class='ocrx_word' id='word_1_320' title='bbox 806 4211 866 4267; x_wconf 84' lang='lat' dir='ltr'><strong><em>olei</em></strong></span> <span class='ocrx_word' id='word_1_321' title='bbox 878 4212 1039 4268; x_wconf 73' lang='lat' dir='ltr'><strong><em>sextarios.</em></strong></span> <span class='ocrx_word' id='word_1_322' title='bbox 1068 4206 1104 4266; x_wconf 92' lang='lat' dir='ltr'><strong><em>de</em></strong></span> <span class='ocrx_word' id='word_1_323' title='bbox 1120 4213 1297 4272; x_wconf 78' lang='lat' dir='ltr'><strong><em>accusativo</em></strong></span> <span class='ocrx_word' id='word_1_324' title='bbox 1317 4214 1379 4272; x_wconf 86' lang='lat' dir='ltr'><strong><em>sine</em></strong></span> 
     </span>
     <span class='ocr_line' id='line_1_37' title="bbox 229 4310 1149 4394; baseline 0.005 -26"><span class='ocrx_word' id='word_1_325' title='bbox 229 4310 317 4369; x_wconf 89' lang='lat' dir='ltr'><strong><em>verbo</em></strong></span> <span class='ocrx_word' id='word_1_326' title='bbox 344 4313 375 4368; x_wconf 93' lang='lat' dir='ltr'><strong><em>in</em></strong></span> <span class='ocrx_word' id='word_1_327' title='bbox 399 4315 565 4391; x_wconf 85' lang='lat' dir='ltr'><strong><em>praeceptis</em></strong></span> <span class='ocrx_word' id='word_1_328' title='bbox 589 4316 685 4392; x_wconf 89' lang='lat' dir='ltr'><strong><em>posito</em></strong></span> <span class='ocrx_word' id='word_1_329' title='bbox 711 4314 823 4375; x_wconf 87' lang='lat' dir='ltr'><strong><em>dictum</em></strong></span> <span class='ocrx_word' id='word_1_330' title='bbox 847 4322 892 4375; x_wconf 86' lang='lat' dir='ltr'><strong><em>est</em></strong></span> <span class='ocrx_word' id='word_1_331' title='bbox 916 4332 1005 4392; x_wconf 88' lang='lat' dir='ltr'><strong><em>supra</em></strong></span> <span class='ocrx_word' id='word_1_332' title='bbox 1031 4311 1149 4394; x_wconf 82' lang='lat'><strong><em>125,1.</em></strong></span> 
     </span>
    </p>
   </div>
   <div class='ocr_carea' id='block_1_7' title="bbox 316 4430 1378 4518">
    <p class='ocr_par' dir='ltr' id='par_1_7' title="bbox 316 4430 1378 4518">
     <span class='ocr_line' id='line_1_38' title="bbox 316 4430 1378 4518; baseline 0.01 -25"><span class='ocrx_word' id='word_1_333' title='bbox 316 4434 352 4493; x_wconf 91' lang='lat' dir='ltr'><strong><em>ln</em></strong></span> <span class='ocrx_word' id='word_1_334' title='bbox 376 4434 484 4497; x_wconf 81' lang='lat' dir='ltr'><strong><em>fundo</em></strong></span> <span class='ocrx_word' id='word_1_335' title='bbox 508 4437 598 4498; x_wconf 90' lang='lat' dir='ltr'><strong><em>dolii</em></strong></span> <span class='ocrx_word' id='word_1_336' title='bbox 622 4447 681 4498; x_wconf 89' lang='lat' dir='ltr'><strong><em>ant</em></strong></span> <span class='ocrx_word' id='word_1_337' title='bbox 701 4430 818 4500; x_wconf 77' lang='lat' dir='ltr'><strong><em>seriae</em></strong></span> <span class='ocrx_word' id='word_1_338' title='bbox 838 4439 911 4499; x_wconf 88' lang='lat' dir='ltr'><strong><em>saie</em></strong></span> <span class='ocrx_word' id='word_1_339' title='bbox 930 4437 1100 4518; x_wconf 88' lang='lat' dir='ltr'><strong><em>sternito]</em></strong></span> <span class='ocrx_word' id='word_1_340' title='bbox 1125 4440 1231 4503; x_wconf 85' lang='lat' dir='ltr'><strong><em>Salem</em></strong></span> <span class='ocrx_word' id='word_1_341' title='bbox 1250 4446 1378 4507; x_wconf 81' lang='lat' dir='ltr'><strong><em>stemt&#39;to</em></strong></span> 
     </span>
    </p>
   </div>
   <div class='ocr_carea' id='block_1_8' title="bbox 0 0 1454 4994">
    <p class='ocr_par' dir='ltr' id='par_1_8' title="bbox 0 0 1454 4994">
     <span class='ocr_line' id='line_1_39' title="bbox 0 0 1454 4994; baseline 0 0"><span class='ocrx_word' id='word_1_342' title='bbox 0 0 1454 4994; x_wconf 95' lang='lat' dir='ltr'><strong><em> </em></strong></span> 
     </span>
    </p>
   </div>
  </div>
 </body>
</html>
