2874 4994
436 317 567 374 RERVM
584 317 823 375 Rusuccuru
841 319 909 377 LlB.
928 322 967 377 ΙΙΙ
987 319 1005 376 9
1225 313 1294 382 2654

239 470 340 544 Quod
363 473 467 535 inane
495 481 595 536 natet
621 473 765 554 plenum
791 474 940 555 desidit]
965 478 1060 539 Nutot
1082 477 1161 540 edita
1183 477 1292 540 iudea

151 581 285 662 principe
315 580 444 643 editione
471 581 658 663 exemplaria.
704 584 933 646 concinnitatem
963 585 1106 646 orationis
1135 586 1187 666 qui
1214 587 1290 648 desi·

151 688 264 766 derant,
287 691 407 751 desidot
428 691 527 771 potius
550 689 684 752 scrihere
707 690 868 773 debebant,
890 690 919 754 h.
938 711 963 755 c.
986 692 1066 773 quod
1093 694 1180 755 inane
1203 712 1293 756 ovum

149 804 261 878 natare,
283 795 404 877 plenum
427 797 562 860 desidere
586 798 697 860 dicunt
744 817 841 879 neque
865 809 962 861 tumen
985 799 1166 862 haerendum
1191 810 1237 864 est
1260 803 1291 862 iu

148 903 203 966 hac
227 905 391 965 mutatione
410 903 575 987 modorum,
593 904 645 966 ubi
664 905 699 966 de
720 924 752 966 re
771 915 852 968 certa
875 903 1052 969 indicativus
1075 910 1204 991 ponitur,
1223 927 1290 971 cum

151 1010 266 1092 reliqua
288 1012 477 1072 coniunctim
500 1011 587 1091 modo
612 1013 781 1074 efferantur.

238 1117 370 1180 Errare
393 1116 484 1198 quod
508 1120 635 1182 inanes
658 1119 792 1182 uitales
815 1138 925 1182 uenas
948 1122 1170 1185 confundant
1192 1125 1291 1185 iniis

149 1228 244 1289 idem
267 1227 368 1303 aiunt
391 1244 469 1288 cum
492 1227 532 1288 ad
556 1226 674 1289 lumen
702 1226 903 1304 sustuleris
926 1229 1017 1309 quod
1045 1229 1234 1310 perluceat
1255 1231 1291 1292 id

150 1353 230 1396 esse
253 1332 297 1395 nh
320 1332 438 1412 inane]
467 1333 661 1411 Consentiunt
684 1337 782 1396 omnia
805 1335 971 1416 apographa
992 1344 1023 1398 ct
1045 1354 1081 1398 ex
1100 1338 1165 1418 ipso
1189 1337 1291 1399 arche·

150 1451 219 1522 tppo
242 1441 400 1525 Victorius,
423 1441 615 1518 confundunt
637 1442 785 1503 editiones
806 1444 1003 1522 antiquiores,
1026 1443 1105 1522 quud
1129 1442 1291 1507 Politianus

150 1567 208 1611 nou
233 1548 373 1610 correxit.
419 1552 450 1610 in
475 1550 580 1611 iisdem
602 1552 691 1610 ciunt
716 1582 753 1592 —
778 1552 861 1625 quud
884 1553 1023 1626 perlucet
1046 1549 1165 1611 Merula.
1211 1555 1293 1627 quod

149 1660 181 1719 in
204 1659 248 1718 eis
276 1659 381 1718 nitoles
409 1674 500 1718 nenos
533 1655 732 1733 confundunt.
779 1661 809 1718 in
841 1660 879 1719 a'a's
912 1660 990 1719 idem
1022 1661 1110 1719 uiunt
1131 1656 1290 1720 lucundus.

147 1766 231 1840 quod
248 1767 281 1824 in
300 1767 344 1826 eis
364 1767 469 1825 uitulus
494 1765 526 1825 in
550 1762 685 1843 editione,
703 1761 859 1845 Victorius,
882 1765 913 1825 in
945 1763 1189 1845 explicationibus
1212 1765 1289 1827 idem

149 1865 316 1951 fantiquam
348 1865 521 1932 lectionem’
548 1874 631 1947 quod
663 1875 769 1933 inanes
801 1875 911 1933 uitules
942 1871 1100 1952 adscripsit
1127 1881 1157 1934 et
1185 1877 1291 1936 inuues

149 1994 252 2037 errore
276 1975 435 2038 scribentis
464 1980 624 2057 repetitum
654 1995 719 2039 esse
747 1977 904 2040 adnotavit
950 1979 1060 2040 frustra
1092 1977 1164 2041 illud
1192 1998 1291 2041 emcn-

150 2082 222 2145 dare
245 2082 425 2146 studuerunt
454 2083 599 2167 Scaliger,
622 2084 761 2166 Ursinus,
791 2085 1005 2168 Schneiderus,
1028 2104 1125 2167 neque
1153 2086 1182 2147 id
1211 2086 1289 2165 lege·

149 2197 219 2252 runt
246 2189 359 2252 Plinius
388 2190 415 2251 X
437 2187 504 2272 152Ι
527 2196 652 2254 concuti
677 2210 747 2254 uero
775 2196 980 2270 experimento
1011 2198 1126 2275 vetunt,
1148 2197 1290 2268 quonium

148 2317 206 2360 non
236 2303 367 2375 uiununt
397 2299 532 2377 confusis
564 2302 706 2362 vitalibus
743 2303 825 2362 venis
863 2309 893 2362 et
922 2288 1026 2362 auctor
1058 2302 1289 2380 geoponicorum
1376 2380 1378 2384 .

148 2403 210 2466 lllll
231 2403 260 2487 7,
279 2402 320 2468 27
355 2397 435 2469 οὐδὲ
460 2398 526 2487 γὰρ
554 2398 615 2488 χρὴ
643 2399 727 2484 πρὸς
750 2404 949 2488 δοκιμασίαν
972 2406 1075 2470 σείειν
1093 2398 1133 2469 τὰ
1152 2398 1212 2492 piu',
1233 2404 1289 2470 ἵνα

150 2505 190 2594 μὴ
224 2509 399 2596 διαφθαρῇ
429 2505 467 2576 τὸ
498 2508 535 2576 ἐν
565 2503 677 2587 αὐτοῖς
708 2506 853 2590 iocunda.
898 2522 1053 2595 praeterea
1080 2517 1214 2595 ineptum
1242 2525 1288 2577 est

151 2623 184 2682 od
208 2624 310 2701 inune,
334 2619 413 2699 quod
432 2619 584 2682 Gesnerus
607 2623 820 2700 interpretatur
845 2617 1017 2702 ‘propterea
1041 2622 1120 2702 qtrod
1144 2640 1231 2683 ovum
1250 2625 1290 2683 sit

148 2723 264 2789 inanc’:
287 2730 417 2790 chinone
439 2730 457 2789 i.
477 2746 501 2789 e.
525 2718 692 2792 ὑπόκενον
717 2728 855 2809 Scaliger.
896 2731 995 2809 itaque
1019 2728 1115 2791 deleta
1138 2733 1289 2811 praeposi·

148 2836 226 2897 tione
251 2837 358 2916 scripsi
381 2809 500 2917 errore,
520 2839 602 2913 quod
623 2841 729 2900 uitales
748 2855 840 2899 oenus
858 2837 1049 2914 confundunt
1072 2841 1103 2899 in
1128 2840 1173 2900 iis.
1211 2841 1289 2900 idem

142 2946 243 3019 uiunt,
262 2961 331 3004 curn
349 2946 392 3004 ud
414 2947 512 3005 lumen
531 2948 699 3026 sustuleris,
718 2948 800 3021 quod
818 2949 987 3023 perluceat,
1007 2947 1041 3007 io
1057 2964 1121 3007 csse
1144 2949 1244 3008 inune.

238 3047 280 3112 12
312 3049 482 3111 lucubari
510 3051 645 3131 coepit]
671 3053 821 3113 Incuboni
842 3060 1008 3128 coeperunt
1031 3051 1231 3113 Schneiderus
1254 3071 1289 3113 ex

132 3151 242 3219 Plinio
263 3155 289 3217 Χ
311 3153 371 3219 151
396 3165 507 3234 quoru
531 3160 580 3219 die
599 3167 668 3235 post
690 3175 780 3233 quom
804 3175 931 3235 comere
954 3160 1106 3239 incubari,
1128 3162 1157 3218 si
1178 3166 1288 3220 contro

131 3266 246 3328 lumen
269 3267 428 3327 cacumine
450 3283 575 3327 ovorum
598 3268 787 3342 odprcltcnso
810 3282 873 3325 unu
901 3282 992 3326 nnunu
1013 3283 1112 3342 purus
1140 3272 1169 3327 et
1199 3269 1289 3326 unius

126 3375 228 3436 modi
245 3376 408 3450 perluceot
428 3376 527 3451 color,
550 3375 668 3436 sterilia
691 3374 907 3435 consumuntur
929 3391 995 3434 csse
1018 3389 1138 3450 proque
1166 3376 1203 3434 iis
1227 3376 1289 3435 aliu

124 3482 365 3542 substituendo.

238 3584 279 3648 13
303 3585 536 3649 Obieieudum
561 3620 602 3631 -
626 3586 806 3667 polentam
829 3590 971 3650 mixtam
1002 3606 1079 3650 cum
1108 3589 1289 3649 nasturcii

126 3695 283 3756 semine
308 3702 344 3755 et
367 3712 455 3773 aqua
479 3693 663 3774 aliquanto
687 3696 883 3757 antefacta
906 3695 1047 3775 intrita]
1063 3698 1102 3757 Et
1119 3714 1201 3772 oquu
1220 3703 1291 3757 unte

120 3802 263 3870 suctum
286 3804 424 3863 intritum
447 3801 491 3863 rel
515 3821 555 3863 eu
578 3821 660 3877 unuo
684 3810 775 3864 onteu
800 3801 889 3879 suctu
917 3806 1024 3864 intrito
1048 3800 1198 3862 Gesncrus
1221 3821 1289 3863 con·

127 3904 234 3990 iecit,
258 3914 286 3969 et
308 3925 391 3983 uquo
413 3911 570 3983 uliquonto
594 3916 665 3971 onte
693 3916 805 3971 luctum
833 3916 863 3971 ct
889 3913 958 3971 uino
980 3907 1144 3970 Pontedera
1167 3928 1196 3985 p.
1215 3905 1290 3972 453.

126 4034 185 4077 ex
209 4034 291 4091 uquu
315 4018 401 4077 dulci
422 4017 566 4096 scriptum
590 4024 635 4077 est
657 4016 734 4077 inira
758 4013 849 4094 §20
895 4017 947 4077 sed
975 4019 1034 4077 vini
1059 4033 1177 4095 quoque
1209 4033 1289 4076 men·

130 4126 260 4185 tionem
284 4140 300 4183 a
324 4121 454 4184 Varrone
478 4123 584 4185 iactam
608 4141 673 4185 csse
703 4126 733 4185 in
762 4123 807 4184 his
836 4125 940 4203 primis
967 4123 1115 4204 pullorum
1144 4121 1290 4184 alimentis

132 4246 208 4292 non
232 4228 437 4310 improbabilis
456 4239 503 4293 est
520 4229 703 4292 Pontederae
723 4232 836 4311 opinio:
859 4249 983 4312 geopon.
998 4230 1062 4291 XlV
1076 4227 1141 4313 9,2
1160 4221 1290 4312 τροφὴν

133 4329 183 4399 oi
207 4332 342 4417 πρῶτον
370 4329 533 4418 λαμβάνει
560 4331 614 4400 ἐπὶ
642 4328 766 4420 ἡμέρας
794 4335 1028 4400 πεντεκαίδεκα
1056 4329 1179 4419 ἄλφιτα
1209 4331 1289 4420 μετὰ

134 4435 325 4525 καρδάμου
349 4438 533 4527 σπέρματος
560 4435 624 4508 σὺν
652 4446 734 4532 einp
762 4438 926 4529 βραχὲντα
953 4437 1066 4526 ὕδατι,
1094 4443 1206 4506 Culum.
1227 4445 1291 4507 Vlll
