2874 4994
331 300 462 356 RERVM
479 301 720 359 RVSTIGARVM
738 303 807 358 LlB.
825 304 838 356 I
859 302 944 358 6-7
1168 295 1209 360 31

120 455 165 514 uit
186 452 322 537 Ursinus,
346 456 425 535 quod
450 455 651 518 Schneiderus
678 456 822 537 probavit.
866 459 897 518 in
921 457 969 516 iris
992 456 1129 519 omuibus
1153 456 1210 518 lee-

120 579 178 620 tem
198 561 352 643 archetypi
372 565 498 626 restitui.
532 583 599 625 nam
618 582 688 644 eger
707 583 766 625 non
784 566 815 624 in
835 582 923 625 unam
942 574 1055 642 partem
1075 583 1209 644 vergens,

145 668 181 729 ad
204 668 332 730 libellam
356 689 469 749 aequus
496 681 572 753 tum,
600 690 669 732 eum
691 670 803 732 imbres
831 671 906 732 liunt
933 689 1029 749 neque
1057 671 1209 751 delapsum

120 792 161 833 ae
183 773 286 855 babet,
314 775 479 855 uliginosus
506 778 554 859 lit,
581 777 671 857 idque
699 780 728 838 in
756 796 792 839 eo
815 795 924 856 genere
952 797 1090 857 agrorum
1118 783 1209 859 magis

123 880 184 962 dit,
207 883 302 959 siquis
325 893 448 962 propter
471 883 591 944 lacunas
614 883 808 962 inaequabilis
831 893 884 945 est

157 985 249 1047 Haec
284 988 398 1068 adque
430 989 682 1050 huiuscemodi
711 992 780 1050 tria
809 991 953 1069 lastigie
978 993 1053 1070 agri
1081 991 1120 1051 ad
1150 1010 1208 1051 co·

120 1093 208 1155 dom
225 1094 452 1173 disperiliter
466 1095 599 1157 hubent
613 1095 847 1173 momentum]
863 1099 1055 1174 DisperiIiter
1070 1098 1126 1158 hoe
1144 1097 1210 1158 loeo

120 1201 277 1281 rrchetypo
297 1202 352 1262 luit
367 1212 397 1262 et
416 1205 573 1279 dispariles
592 1202 631 1262 lll
648 1201 698 1283 14,
712 1201 733 1263 4
753 1222 773 1263 α
788 1203 885 1264 littera
904 1205 934 1263 in
950 1203 1178 1265 derivationem
1194 1223 1211 1265 e

120 1317 188 1388 ata,
203 1310 274 1368 item
289 1306 378 1386 gloss.
388 1307 543 1386 graecolat.
556 1328 580 1369 v.
592 1307 618 1368 ll
629 1328 657 1388 p.
668 1306 720 1389 52,
728 1306 770 1370 39
786 1312 929 1386 disperde
942 1304 1065 1390 ἄζυγον
1079 1303 1210 1390 ἄνισον,

120 1422 170 1474 tra
188 1417 336 1491 disparile
354 1412 380 1473 ll
400 1412 451 1495 11,
465 1413 495 1475 4.
533 1418 640 1492 dispar
658 1416 705 1475 vel
727 1419 874 1493 disparile
893 1419 1020 1478 coniecit
1039 1417 1178 1479 Ursinus:
1197 1417 1210 1477 l

120 1517 150 1583 8
163 1524 244 1597 qood
256 1529 434 1581 momentum
449 1539 486 1582 eo
501 1540 551 1583 res
561 1524 681 1583 babeat.
706 1523 757 1583 sed
772 1526 911 1603 quoniam
924 1523 961 1584 de
977 1524 1072 1585 tribus
1087 1526 1210 1604 fastigiis

120 1646 228 1689 eonem
258 1628 285 1687 vi
313 1630 343 1688 in
373 1628 488 1689 culture
517 1631 580 1708 agri
609 1629 720 1691 dictum
749 1639 814 1691 erat
841 1633 871 1691 in
904 1631 1121 1712 superioribus,
1152 1649 1210 1693 non

120 1743 181 1795 erat
203 1752 284 1795 uuue
307 1734 367 1795 dici
389 1734 462 1796 baec
486 1735 601 1814 fastigia
624 1735 735 1815 dispari
758 1737 846 1797 modo
869 1738 905 1798 ad
924 1738 1080 1799 solendum
1100 1738 1210 1800 babere
1271 1724 1272 1727 Ἴ

120 1851 248 1903 neutum
263 1844 316 1923 sie,
335 1845 421 1922 quasi
440 1861 514 1903 nova
533 1843 569 1903 de
588 1862 624 1904 eo
644 1844 816 1905 discrimine
835 1844 995 1924 disputatio
1013 1844 1210 1907 subiceretur.

126 1951 290 2028 rescripsi
313 1951 390 2011 boec
418 1958 448 2011 et
474 1952 706 2012 huiuscemodi
731 1953 793 2011 trio
815 1950 945 2026 fastigio
973 1960 1003 2012 et
1029 1946 1088 2034 (vel
1115 1945 1210 2039 quoe)

132 2058 288 2117 colendum
307 2059 492 2133 dispariliter
510 2059 622 2117 babent
639 2064 825 2131 momentum,
844 2057 872 2118 b.
893 2077 918 2118 e.
941 2058 1013 2119 baec
1033 2068 1062 2119 et
1085 2059 1209 2119 huiusce

120 2160 149 2221 ii
174 2171 244 2224 suot
271 2164 326 2223 tria
353 2162 402 2223 illa
431 2163 560 2244 lastigie,
583 2181 658 2243 quae
689 2181 779 2242 supra
806 2164 885 2224 diota
913 2173 1010 2244 erant,
1042 2172 1072 2226 et
1099 2165 1209 2244 dispari

120 2267 164 2343 do,
186 2271 265 2330 sicut
287 2269 400 2330 dictum
424 2279 479 2353 est,
501 2269 537 2330 ad
561 2269 717 2331 colendum
741 2269 852 2331 habent
873 2278 1065 2332 momentum.

156 2374 242 2437 vni
274 2374 320 2437 lle
344 2377 477 2437 lormac
501 2376 644 2438 cultura
666 2377 732 2437 hoc
756 2378 836 2438 dico
861 2396 948 2458 quae
975 2379 1095 2456 specie
1120 2377 1209 2438 liant

120 2486 279 2544 uustiora
317 2486 419 2563 sequi
453 2494 491 2545 ut
528 2485 661 2544 maiore
699 2502 841 2563 qnoque
874 2484 995 2544 fructu
1035 2481 1125 2560 sint]
1164 2484 1210 2543 lte

120 2608 167 2650 mo
193 2595 335 2652 culturae
362 2593 420 2651 boo
447 2593 529 2665 dico,
558 2609 638 2666 quoe
664 2594 765 2667 specie
791 2594 853 2651 sint
879 2594 1050 2652 venustiore
1073 2589 1210 2652 Ursinus.

120 2705 182 2758 tura
201 2699 313 2758 lormae
333 2698 442 2757 dicitur
461 2716 536 2776 quae
551 2696 585 2757 ad
606 2715 670 2758 eam
690 2699 753 2778 agri
771 2697 905 2779 formam,
924 2715 1012 2777 quam
1027 2707 1131 2758 natura
1151 2697 1209 2779 dat,

120 2805 191 2865 endo
213 2804 342 2884 accedit,
362 2804 398 2865 de
422 2822 481 2883 quo
506 2803 618 2865 dictum
641 2814 705 2864 erat
728 2823 818 2884 supra
841 2801 904 2886 6‚1
929 2809 1029 2866 altera
1047 2822 1139 2880 quom
1161 2824 1209 2865 so-

120 2928 164 2971 res
185 2914 341 2988 inponunt.

156 3016 201 3078 Ex
230 3036 316 3078 aruo
349 3035 461 3095 aeque
490 3037 634 3096 magnos
663 3017 751 3078 male
784 3016 944 3095 consito]
978 3019 1108 3094 Magnos
1141 3037 1208 3097 apo·

120 3121 184 3207 pha,
198 3142 309 3201 magno
323 3123 445 3204 Merula,
460 3124 538 3204 quod
553 3127 584 3184 in
599 3127 733 3205 principe
748 3123 877 3185 editione
894 3122 1056 3185 Politianus
1071 3143 1130 3184 non
1143 3143 1207 3184 oer-

121 3227 152 3309 il,
171 3250 281 3307 mopso
304 3234 360 3292 sed
380 3251 410 3292 m
431 3239 461 3292 et
480 3242 633 3292 corrector
652 3232 763 3292 codicis
782 3231 954 3313 Florentiui,
978 3231 1056 3309 quod
1080 3231 1147 3290 inde
1171 3230 1207 3291 ab

120 3332 166 3396 ina
186 3339 316 3399 editione
331 3337 367 3398 ab
382 3338 547 3399 editoribus
562 3348 716 3416 receptum
730 3347 802 3399 erat.
836 3337 928 3398 multa
947 3345 1046 3397 autem
1061 3339 1091 3396 in
1106 3337 1206 3397 arche-

120 3453 129 3494 )
150 3445 251 3506 addita
269 3464 284 3505 s
303 3445 400 3506 litters
421 3454 561 3525 corrupta
577 3454 670 3526 erant,
686 3443 845 3524 exquibus
861 3443 1054 3524 notavibaec,
1069 3444 1208 3532 quaead-

120 3540 195 3612 bere
215 3551 293 3612 baud
313 3552 418 3613 inutile
438 3562 493 3633 est,
513 3554 652 3632 quoniam
671 3552 797 3631 plurima
816 3550 981 3612 editoribus
1000 3551 1096 3612 lraodi
1116 3552 1207 3610 luisse

120 3670 161 3739 0,
185 3659 329 3738 quaedam
354 3678 424 3720 tero
448 3662 536 3721 etiam
559 3661 589 3720 iu
614 3661 678 3739 ipso
702 3669 800 3720 vetere
827 3659 929 3720 codice
957 3668 1091 3719 correcta
1115 3667 1209 3738 erant,

120 3767 135 3819 ῑ
164 3767 221 3828 boe
245 3769 343 3847 ipsum
362 3785 502 3845 magnos:
524 3766 537 3827 l
556 3764 621 3848 8‚4
641 3774 791 3847 pertusos,
815 3765 865 3826 ubi
884 3784 953 3827 cum
969 3765 1068 3841 fundo
1082 3772 1208 3841 pertuso

120 3873 254 3935 ³endum
279 3884 337 3954 est,
371 3872 437 3956 9,3
457 3873 558 3949 socies
581 3881 718 3951 terreno,
748 3870 834 3955 12,4
859 3876 1049 3951 improuisos,
1082 3871 1133 3933 ubi
1157 3877 1208 3932 im·

120 3981 182 4041 ’iso
205 3979 405 4061 scribendum,
431 3976 515 4060 16‚6
535 3983 660 4055 adsisto,
685 3976 768 4060 19‚1
791 3982 916 4053 oiiuetiS,
943 3975 1023 4060 19,3
1045 3981 1134 4052 iupus
1153 3997 1206 4056 pro

120 4099 175 4168 tm,
199 4085 281 4166 20,1
304 4091 425 4166 maris,
449 4083 501 4166 22,
516 4083 536 4146 3
554 4105 610 4148 sex
628 4104 650 4146 s.
666 4094 777 4161 crates,
796 4081 879 4167 39,3
898 4087 988 4145 uiuos
1006 4086 1137 4160 radices,
1158 4083 1207 4143 ubi

120 4205 121 4211 ’
153 4198 262 4255 radice
285 4193 477 4255 scribendum
501 4201 555 4267 est,
580 4189 624 4253 54
646 4196 677 4253 in
701 4195 856 4253 uindemio
879 4183 1041 4267 diligentis,
1069 4160 1112 4252 til
1135 4194 1206 4251 ieni-

123 4299 162 4379 is,
186 4299 211 4360 ll
231 4297 296 4380 3,2
320 4304 465 4374 melioris,
489 4297 552 4380 3,7
578 4303 695 4362 inimici
715 4302 850 4371 sotionis,
875 4297 925 4358 ubi
948 4302 1067 4373 sationi,
1087 4296 1151 4378 3,8
1176 4303 1208 4360 io

120 4415 193 4482 ipos,
213 4406 264 4468 ubi
284 4411 315 4469 in
334 4426 441 4486 compo
461 4406 649 4468 scribendum
670 4414 723 4480 est,
742 4402 808 4487 4,3
828 4408 859 4466 in
878 4409 1051 4479 cursorios,
1069 4403 1100 4488 4,
1113 4402 1157 4466 20
1176 4409 1208 4466 in
