2874 4994
334 335 383 390 DE
401 335 491 390 aaut
510 335 681 391 CVLTVRA
701 335 842 391 LIBRVM
861 336 890 392 C.
912 334 972 394 157
1160 332 1223 396 1Ἱὸ

175 486 192 550 3
210 489 310 562 Quod
330 490 625 553 medicamentum
646 492 766 552 iacere
786 511 855 554 nou
875 491 1008 573 potest]
1032 497 1222 567 0111111111·-

74 607 199 660 camera
201 616 249 658 um
272 600 361 658 aliud
379 597 489 673 facere
512 617 571 660 aare
591 607 690 676 potest
713 599 791 660 edita
815 600 917 661 iudea
938 603 1073 680 principe
1093 602 1222 663 editione

68 702 265 782 exemplaria.
307 708 390 780 quod
411 707 499 766 aliud
519 708 770 767 medicamentum
790 706 899 783 facere
921 726 981 769 aaa
1001 726 1041 784 po
1043 716 1100 770 test
1122 719 1168 770 est
1190 714 1220 770 iu

65 809 161 870 libris
183 828 274 871 manu
298 813 419 890 scriptis
442 811 462 888 ξ
482 810 511 873 5

161 914 185 977 4
213 916 253 977 ln
280 937 318 978 ea
347 918 497 979 uulnera
526 919 796 981 huiuscemodi
823 929 958 981 taetras
981 921 1143 984 brassica
1167 943 1220 984 sa·

63 1040 149 1083 num
188 1024 301 1085 iaciet
332 1028 465 1103 optima
498 1035 553 1087 est
580 1027 620 1087 ad
655 1027 805 1088 huiusce
841 1029 934 1089 modi
963 1028 1107 1107 uulnus]
1145 1031 1220 1093 Tere

62 1131 245 1192 brassicam
272 1131 393 1193 Merula.
439 1140 532 1206 tetras
561 1135 700 1194 brassica
728 1133 891 1195 Poiitiauus
920 1153 955 1194 ex
983 1135 1142 1217 archetypo
1171 1138 1219 1199 ad·

62 1239 194 1298 notarit.
232 1238 324 1300 rubro
348 1240 447 1300 colore
472 1240 550 1300 idem
574 1242 603 1300 in
628 1243 760 1320 margine
783 1243 928 1321 principis
952 1242 1092 1303 editionis
1114 1245 1220 1307 Tetras

62 1342 235 1423 adscripsit
263 1356 293 1407 et
316 1348 418 1407 eodem
444 1346 542 1407 colore
567 1351 604 1409 c'.
629 1356 712 1409 teras
735 1350 954 1428 superscripsit.
1001 1357 1084 1411 teras
1107 1353 1218 1413 brassi·
1313 1335 1316 1341 ’

10 1504 15 1527 ,
62 1467 134 1510 cam
167 1451 252 1513 dedit
276 1452 434 1516 Victorius.
480 1455 532 1514 sed
561 1464 715 1534 praeterea
743 1459 869 1517 buiusce
897 1459 979 1516 modi
1004 1467 1072 1535 post
1095 1477 1132 1519 ea
1156 1464 1217 1520 aui·

10 1591 13 1605 =
63 1575 148 1617 nera
179 1580 216 1620 er
246 1564 283 1621 iis
312 1581 387 1640 quae
416 1571 518 1641 postea
541 1564 652 1642 scripta
676 1572 758 1644 sunt,
786 1566 829 1624 ad
850 1566 1061 1625 huiuscemodi
1082 1571 1219 1647 uulnera,

10 1666 14 1755 f
64 1665 178 1727 vitiose
203 1668 322 1729 videtur
345 1669 478 1729 additum
503 1688 577 1730 esse.
1104 1655 1108 1663 ¹

163 1774 206 1836 Et
239 1774 399 1837 luxatum
428 1776 556 1856 siquod
585 1784 641 1837 est
668 1776 723 1837 bis
751 1778 806 1838 die
835 1797 924 1858 aqua
952 1778 1066 1840 calida
1096 1781 1217 1842 ioueto

64 1877 275 1943 brassicam
304 1885 425 1943 tritam
454 1885 626 1964 opponite
650 1887 722 1945 cito
747 1903 868 1946 sanum
892 1885 1002 1946 saciet
1025 1886 1079 1947 bis
1103 1889 1159 1949 die
1184 1890 1217 1949 id

63 1993 247 2063 opponite
266 1990 412 2050 dolores
431 1990 586 2068 auferet]
602 1994 638 2052 Si
650 1994 695 2053 bis
710 1995 760 2052 die
774 1997 945 2069 apponitur,
960 1997 1079 2055 dolores
1097 1994 1218 2071 auferet

12 2085 22 2097 ‘
63 2090 226 2157 iucundus
258 2107 289 2158 et
321 2096 427 2158 deinde
461 2099 567 2178 reliqui
597 2098 736 2159 editores.
787 2101 818 2160 in
846 2099 893 2159 his
921 2118 1010 2160 manu
1037 2104 1216 2180 scriptorum

64 2194 219 2265 librorum
243 2205 402 2265 lectionem
426 2207 554 2266 restitui.
591 2206 643 2267 sed
667 2215 822 2285 praeterea
845 2211 984 2267 luaatum
1001 2211 1104 2282 siquid
1126 2217 1169 2270 est
1188 2219 1217 2270 et

65 2301 175 2369 addita
202 2313 422 2390 praepositione
450 2322 578 2393 utroque
602 2312 667 2373 ioco
691 2315 736 2374 bis
760 2317 791 2374 in
815 2317 864 2374 die
888 2313 1078 2375 scribendum
1102 2324 1160 2395 est,
1188 2327 1217 2376 et
1332 2384 1337 2403 Ι,

66 2412 211 2478 luxatum
239 2422 344 2494 siquid
371 2428 427 2493 est,
460 2422 505 2481 bis
533 2423 564 2481 iri
588 2423 638 2481 die
665 2439 746 2495 aqua
775 2424 878 2481 calida
902 2419 1015 2502 foveto,
1048 2424 1216 2483 brassicam

67 2519 179 2583 tritam
201 2529 356 2607 opponite,
384 2530 445 2588 cito
468 2545 576 2587 sanum
597 2527 709 2602 saciet:
732 2528 777 2586 bis
801 2530 831 2587 irr
855 2530 904 2588 die
928 2531 961 2588 id
982 2532 1135 2608 opponite,
1164 2532 1214 2590 do·
1275 2574 1285 2589 .·

68 2624 158 2688 tores
181 2632 309 2709 auferet.
357 2650 423 2693 nam
452 2635 534 2707 quod
560 2632 713 2693 indefinite
741 2632 854 2693 dictum
882 2651 947 2693 esse
975 2652 992 2693 a
1018 2632 1127 2695 Catone
1157 2655 1214 2696 nou
1249 2600 1272 2709 (

69 2728 204 2800 invenio:
227 2741 258 2799 in
281 2738 365 2799 iibris
385 2747 503 2818 praeter
522 2739 602 2799 hunc
622 2738 719 2799 iocum
739 2741 882 2818 scriptum
903 2748 967 2800 erat
986 2740 1086 2821 semel,
1110 2761 1134 2802 c.
1152 2740 1216 2804 160

69 2836 179 2904 lit-'cum
204 2849 315 2921 siquod
340 2855 397 2925 est,
428 2846 479 2907 ubi
507 2849 579 2906 item
605 2849 708 2922 siquid
734 2845 891 2925 legendum
921 2865 986 2908 esse
1014 2859 1096 2927 puto.
1142 2855 1218 2926 quid

71 2956 164 3024 saepe
185 2953 259 3013 dixit
283 2962 313 3014 et
336 2955 401 3013 sine
425 2955 542 3014 nomine
566 2963 597 3014 et
619 2954 719 3015 addito
743 2957 878 3032 genetivo
903 2956 1040 3016 nominis.
1086 2960 1216 3034 genetivi

71 3043 200 3121 plurima
224 3070 295 3121 sunt
317 3060 460 3140 exempla,
483 3058 570 3142 612
594 3064 709 3136 nequid
730 3064 789 3122 olei
809 3064 1009 3142 subripiatur,
1036 3060 1139 3143 107,1
1162 3085 1213 3127 ae·

70 3161 152 3224 111111
174 3171 226 3228 uiti
253 3171 396 3244 accedat,
430 3164 542 3246 144,3
570 3176 600 3228 11
628 3164 741 3248 145,3
768 3172 871 3244 siquid
897 3172 1096 3245 redemptoris
1119 3189 1214 3247 opera

71 3259 191 3334 domina
218 3278 325 3336 damni
351 3278 454 3336 datum
483 3279 560 3349 erit,
587 3272 697 3356 149,2
724 3279 827 3350 siquid
853 3279 990 3336 dominus
1018 3285 1072 3336 aut
1092 3276 1213 3352 familia

68 3381 129 3429 ‘iiii
153 3397 244 3454 pecus
273 3387 402 3458 emptori
429 3385 533 3443 damni
559 3386 690 3458 dederit,
718 3382 758 3444 ib.
783 3385 886 3458 siquid
907 3386 945 3444 de
968 3386 1005 3443 iis
1028 3386 1119 3445 rebus
1143 3404 1211 3448 con-

67 3476 238 3549 troversiae
266 3485 481 3570 1111,156,4
509 3493 611 3565 nepoti
634 3493 736 3565 siquid
758 3493 893 3571 babebit,
923 3485 994 3570 157,
1012 3488 1034 3551 4
1057 3495 1159 3566 siquid
1181 3497 1211 3553 ia

65 3591 204 3655 mammis
237 3600 350 3657 ulceris
381 3605 498 3677 natam,
531 3595 570 3657 ib.
600 3593 619 3656 6
652 3600 755 3673 siquid
780 3607 834 3658 ant
835 3616 872 3659 ea
900 3601 974 3658 mati
1000 3601 1080 3659 intus
1106 3599 1214 3676 suerit,

69 3678 148 3773 146,
162 3698 182 3761 2
199 3706 314 3778 nequid
331 3721 435 3764 eorum
450 3706 488 3765 de
499 3702 597 3779 suado
612 3706 787 3791 deportato;
806 3714 836 3765 et
850 3706 928 3783 apud
943 3704 1212 3787 6111111111113,14

65 3785 271 3887 [1118110113
292 3808 315 3866 V
332 3809 349 3870 1
371 3811 415 3870 ed.
434 3809 549 3871 lordan.
569 3813 720 3886 siquidm
740 3815 923 3873 consulenda
943 3815 1068 3873 advorsi
1085 3820 1211 3896 eueniat,

73 3890 359 3996 1)·1123,41.113111
370 3924 442 3977 orat.
454 3913 496 3977 68
510 3920 539 3977 si
551 3935 619 3986 cum
634 3921 734 3979 alieno
749 3921 814 3978 viro
826 3920 937 3994 probri
949 3922 1024 3992 quid
1033 3919 1118 4000 fecit,
1099 3921 1211 3983 tFest

10 4010 16 4079 ἰ
67 4015 95 4074 P
119 4009 225 4102 2111
250 4022 352 4101 fragm.
376 4023 412 4083 de
436 4041 469 4083 re
493 4023 653 4086 militari4
675 4028 791 4100 nequid
808 4028 915 4086 consul
932 4027 1051 4100 auspici
1065 4037 1211 4100 peremat.

10 4084 29 4151 Β·
68 4105 144 4180 ¹¹0111
165 4133 267 4205 siquid
288 4133 382 4206 aliud,
406 4127 469 4211 2,7
494 4134 597 4206 siquid
618 4135 706 4192 aliud
726 4135 867 4209 supersit,
891 4133 1010 4209 vendat,
1036 4127 1108 4211 146,
1127 4129 1148 4194 3
1171 4138 1210 4194 si·

71 4228 147 4289 inid
166 4240 252 4298 aliud
269 4222 373 4297 datum
392 4241 460 4311 erit,
483 4243 567 4299 salva
587 4247 670 4299 recte
689 4242 825 4311 reddito;
849 4247 878 4298 et
899 4234 1006 4317 lotii
1025 4241 1128 4313 siquid
1141 4245 1210 4317 plus

76 4332 274 4419 υ0111111111
301 4348 441 4406 marinae
469 4349 670 4426 concinnare,
698 4345 750 4406 ubi
777 4349 871 4420 siquis
894 4347 924 4404 in
948 4344 1108 4426 archetypo
1137 4351 1208 4409 scri·

76 4440 156 4509 ditm
173 4460 245 4513 erat.
278 4455 396 4527 quiduis
414 4471 483 4514 cum
501 4455 637 4531 genetivo
660 4451 742 4534 lt,1
764 4455 882 4529 quiduis
902 4455 977 4513 artai
989 4456 1092 4529 lapere
1102 4472 1208 4543 possis,
