2874 4994
151 311 193 375 82
493 321 683 379 COMMENT.
704 324 744 378 IN
762 323 951 379 VARRONIS

151 484 238 537 terra
258 484 428 553 ponuntur,
452 480 508 538 sed
526 496 585 554 pro
608 488 695 540 terra
719 487 824 552 arata,
855 479 954 540 i’arra
978 494 1084 539 rerum
1110 479 1267 543 murm

149 585 228 645 libra
252 584 273 642 l
292 591 386 660 prata
410 589 558 660 purgari,
581 590 692 647 salicta
719 590 795 661 seri,
825 592 942 662 senates
969 587 1063 646 arari
1087 586 1271 655 canamdnt

150 686 250 765 infra,
273 708 358 765 senas
382 694 497 752 dicitur
520 711 599 767 arrae
626 687 659 774 (l.
682 687 780 776 arcad)
807 701 931 755 aratum
959 693 1094 754 nondum
1119 696 1209 753 satan
1227 698 1286 781 ,att-

150 814 252 857 verum
276 814 342 857 esse
365 802 464 858 sariri
486 799 561 859 disci
591 808 709 878 poterat
732 818 747 860 a
773 798 903 860 Varrone
926 818 952 861 a.
972 795 1015 860 36
1045 808 1076 860 et
1098 816 1115 858 u
1137 794 1293 859 Columella

149 896 276 982 X12,9
306 907 407 965 eadem
440 923 541 966 meuse
569 914 640 967 ante
671 907 732 966 leal.
764 907 955 968 Februarias
985 908 1153 967 sariendus
1180 912 1295 980 segetes

148 1015 348 1072 autumnales.
380 1030 445 1071 nam
470 1031 545 1092 qnae
570 1015 599 1071 in
624 1021 725 1073 actam
748 1021 833 1091 parte
857 1015 926 1073 anni
949 1010 986 1072 de
1010 1009 1165 1090 segetibus
1184 1012 1295 1071 suitu-

149 1115 194 1177 dis
213 1127 372 1197 praecepta
391 1127 470 1198 sunt,
484 1119 519 1180 ad
540 1121 665 1198 primam
686 1137 804 1199 quoque
823 1127 948 1201 putem,
967 1121 1047 1181 sieut
1064 1117 1179 1198 reliqua
1196 1133 1292 1197 opera

149 1241 185 1284 ex
210 1223 306 1302 aliqua
330 1232 414 1303 parte
438 1228 596 1305 pertinent.

238 1332 346 1409 Seges
370 1333 506 1393 dieitur
536 1332 628 1411 quod
657 1340 794 1392 aratum
823 1341 937 1393 satum
967 1340 1025 1392 est
1051 1347 1177 1391 eruum
1204 1344 1295 1409 quac

148 1447 285 1498 aratum
314 1439 462 1500 necdum
491 1446 604 1499 satum
635 1437 703 1516 est]
728 1440 822 1513 Senes
850 1441 966 1499 dieitur
993 1439 1078 1513 quod
1099 1444 1222 1499 aratum
1240 1450 1295 1497 sec

147 1549 276 1606 necdum
303 1554 402 1607 satum
429 1554 474 1606 est
501 1545 626 1625 Merula,
654 1555 684 1605 et
712 1544 850 1605 similiter
878 1544 989 1605 scholia
1013 1542 1181 1622 Vergiliana
1209 1558 1295 1621 supr:

148 1655 267 1733 scripta,
286 1652 441 1713 manifesto
461 1670 573 1732 errore,
588 1669 766 1731 quamquam
781 1650 947 1712 Pontedera
966 1669 994 1730 p.
1014 1647 1078 1711 125
1096 1648 1184 1729 longa
1199 1649 1295 1728 dispu

150 1761 259 1820 tatione
289 1760 433 1839 principis
461 1758 600 1820 editionis
621 1750 786 1819 ‘lectionem
815 1757 955 1818 defendit
1001 1774 1094 1817 manu
1119 1757 1295 1835 scriptarun

147 1864 291 1926 librarum
316 1866 473 1927 lectionem
497 1865 649 1927 lucundus
673 1866 815 1946 restituit,
835 1866 892 1925 nisi
912 1863 992 1944 quod
1015 1881 1074 1925 aaa
1095 1879 1152 1942 pro
1171 1864 1295 1924 necdum

150 1973 255 2055 edidit,
280 1974 359 2052 quod
383 1972 531 2034 Victorius
555 1974 694 2033 correxit.
740 1970 880 2031 Varronis
904 1970 1104 2051 definitiones,
1128 1971 1208 2030 sicut
1228 1967 1294 2031 alias

147 2082 327 2140 rusticarum
365 2079 574 2140 vocabulorum
613 2079 815 2158 definitiones,
848 2076 970 2138 Verrius
1006 2085 1181 2155 receperat:
1220 2073 1285 2140 uss

146 2205 173 2265 p.
193 2183 268 2268 340,
286 2184 326 2250 31
353 2188 446 2261 Seaes
474 2190 590 2247 dicitur
618 2205 655 2247 ea
680 2204 757 2263 pars
785 2188 869 2260 aare,
893 2202 973 2260 quae
998 2192 1095 2244 arata
1124 2191 1156 2245 et
1181 2186 1280 2245 canule

146 2301 198 2368 est,
217 2312 237 2354 a
259 2297 389 2355 serenda
412 2296 560 2369 videlieet,
579 2292 658 2353 Paul.
679 2310 741 2353 exc.
761 2290 839 2352 lest.
859 2308 886 2370 p.
901 2287 954 2372 25,
971 2287 1012 2351 12
1031 2292 1150 2352 Meum
1168 2291 1274 2352 alana

146 2418 256 2475 aarum
279 2403 408 2461 necdum
430 2407 538 2460 satum.

235 2506 383 2567 Naualis
417 2506 476 2567 ubi
509 2514 622 2567 satum
661 2505 731 2566 iuit
762 2513 952 2585 antequam
985 2503 1147 2565 secunda
1182 2505 1269 2565 aratia

146 2622 343 2674 renouatur
371 2612 513 2689 rursus]
539 2615 662 2674 ltlraalis
685 2615 739 2673 ubi
759 2620 859 2673 satum
879 2610 942 2687 suit
971 2620 1139 2687 antequam
1160 2612 1268 2672 seruadu

145 2724 287 2781 aratione
313 2727 485 2780 renouetur.
532 2720 652 2779 Rursus
680 2718 792 2780 Merula
824 2726 854 2779 et
878 2716 985 2778 deinde
1018 2716 1130 2797 reliqui
1156 2717 1267 2795 editores,

144 2845 254 2887 mersas
276 2843 381 2906 parum
405 2824 559 2886 commode
583 2845 651 2886 eum
676 2824 872 2905 sequentibus
895 2825 1068 2885 coniuncto.
1107 2841 1204 2884 vernn
1222 2838 1265 2881 ru·

144 2932 250 2994 borum
275 2933 516 2994 coniunctionem
543 2932 667 2993 Ursinus
690 2933 912 2993 demonstravit.
949 2929 1084 2992 restabat
1108 2940 1141 2992 ut
1163 2937 1266 2991 noratur

145 3042 244 3120 potins
268 3058 356 3119 qnam
380 3048 548 3101 renovatur
575 3039 772 3120 scriberetur,
795 3048 959 3115 antequam
986 3039 1125 3099 secunda
1152 3038 1265 3097 aratlae

143 3157 274 3209 narratur
304 3166 421 3208 marsus.
468 3164 534 3207 nam
566 3150 668 3207 aratio
703 3155 870 3208 renovatur
892 3147 1029 3224 ineptum
1057 3153 1119 3224 est,
1141 3142 1191 3204 sed
1215 3156 1265 3220 agel

143 3254 272 3315 seerinda
306 3256 437 3315 aratione
471 3261 609 3313 novatur:
646 3251 728 3313 Varr.
756 3252 793 3312 de
826 3251 896 3330 ling.
923 3250 972 3312 lat
996 3247 1083 3313 v39
1116 3254 1170 3327 qui
1197 3252 1265 3311 lua·

142 3364 271 3422 mittitur
295 3379 314 3421 a
337 3363 477 3421 uaraudo
500 3363 616 3422 naualis
639 3378 724 3434 naar.

230 3466 251 3528 2
284 3467 428 3527 Terram
462 3484 538 3526 cum
571 3468 722 3545 primum
755 3473 859 3526 arant
890 3464 1133 3545 proscindere
1168 3457 1265 3543 appel·

142 3575 216 3636 lant
240 3592 316 3634 cum
341 3575 471 3633 iterum
495 3573 698 3650 ollringere
723 3573 849 3633 dicunt
872 3570 966 3652 quod
990 3573 1106 3651 prima
1128 3572 1266 3632 aratione

142 3680 286 3758 glaebae
310 3679 463 3758 grandes
487 3679 605 3740 solent
624 3681 781 3740 excitari
805 3697 882 3740 cum
906 3681 1065 3740 iteratur
1089 3678 1266 3756 effringere

143 3796 272 3846 runcant
296 3787 405 3846 tertio
434 3804 510 3847 cum
539 3794 641 3846 arant
668 3789 763 3847 laeto
791 3787 929 3846 semine
958 3784 1072 3846 boues
1100 3785 1209 3846 lirare
1229 3780 1267 3841 li·

142 3901 249 3953 ruintn
257 3891 285 3969 r]
310 3891 394 3953 Serv.
413 3895 443 3975 in
463 3891 549 3972 Verg.
567 3910 666 3972 georg.
687 3891 699 3951 Ι
718 3889 760 3952 97
781 3895 951 3970 proscissa:
971 3896 1105 3970 propria
1129 3910 1200 3955 aare
1214 3902 1267 3950 rut

141 4010 193 4061 ast
230 4018 297 4060 aram
322 4003 400 4059 enim
420 4002 520 4075 prima
544 4002 617 4073 agri
639 4010 780 4072 urantur,
800 4001 924 4074 quando
943 4001 1019 4060 duri
1034 4008 1116 4080 suat,
1129 3993 1268 4077 ararad

141 4110 303 4168 dicuutur:
327 4123 394 4165 cum
418 4108 580 4179 iterantur,
604 4105 747 4185 adsriuqi,
771 4123 841 4166 aum
863 4108 1041 4180 tertiaatur,
1065 4108 1167 4167 linari
1204 4096 1265 4166 rad

141 4230 203 4271 exc.
228 4210 305 4269 Fest.
328 4228 355 4287 p.
379 4207 490 4290 199,3
518 4212 653 4285 Offrinqi
674 4220 761 4271 terra
789 4215 918 4287 dicitur,
946 4230 1016 4274 mam
1049 4215 1162 4274 iterum
1186 4219 1264 4271 aare·

142 4334 228 4377 turen
250 4319 334 4375 surlro
357 4328 476 4377 aratur.
513 4318 591 4396 apud
617 4315 778 4379 Varronem
802 4317 931 4379 Ursinus
954 4317 1045 4379 verba
1069 4338 1140 4381 aare
1156 4322 1263 4381 arana

141 4423 309 4497 ‹ffrnnnrr
332 4434 439 4484 rurant
463 4432 610 4503 tamqriarn
635 4443 669 4485 er
700 4427 832 4504 margine
860 4424 973 4486 adscita
1001 4424 1099 4488 deleri
1125 4432 1155 4487 et
1178 4416 1261 4484 dende
