2874 4994
338 111 470 168 RERVM
488 109 728 168 nvsmctuvm
745 110 813 170 LIB.
832 113 845 168 I
865 111 994 170 16—17
1196 104 1238 170 57

112 270 191 347 mam
207 269 343 344 maenae,
357 271 428 330 dam
445 272 581 344 solveret,
599 285 698 330 nexas
716 273 852 342 vocatur,
871 276 905 330 nt
923 271 961 330 ab
980 287 1054 330 aere
1067 270 1241 331 anamotus.

109 377 164 440 tria
181 392 286 455 genera
308 382 381 436 sunt
407 372 569 435 liberorum
592 373 759 457 homiuum,
783 392 910 454 quorum
938 393 1028 455 opera
1055 378 1118 456 agri
1141 377 1241 438 colun·

104 491 166 562 tur,
184 484 236 562 ipsi
259 483 311 561 qui
333 498 421 560 agros
443 480 607 563 possident,
630 481 837 562 mercennarii,
860 478 991 543 obaerati
1014 484 1065 561 qni
1089 482 1239 545 dicuutur.

101 609 117 652 e
151 588 253 667 qubus
283 586 382 648 tribus
413 585 574 667 generibus
606 589 742 668 tertium,
769 606 837 648 cum
865 589 906 648 ita
938 598 1018 649 esset
1047 607 1064 648 a
1091 588 1241 668 prioribus

101 693 217 758 duobos
239 693 480 775 discernendum,
503 691 571 756 ‘aut
594 696 631 755 iis
655 712 730 774 quos
753 693 908 755 obaeratos
932 697 1026 756 nostri
1048 691 1242 777 vocitarunt',

35 838 40 853 ·
100 801 141 862 ad
170 821 199 864 ea
225 820 300 883 quae
332 800 525 876 antecedunt,
553 819 622 864 cum
646 819 762 862 -res
788 803 920 862 maiores
947 808 982 861 ut
1007 804 1174 863 vindemias
1203 821 1241 865 ac

100 907 261 982 faenisicia
292 911 520 988 administrant,
550 907 755 988 neglegentius
787 906 1040 969 accommodatum
1073 917 1132 991 cst,
1160 912 1242 986 iique

103 1030 176 1089 qnos
196 1017 356 1099 adamatos
378 1018 477 1077 nostri
497 1018 680 1095 vocitarunt,
702 1015 730 1074 h.
746 1032 770 1074 e.
794 1022 825 1076 et
847 1022 881 1075 ut
898 1016 921 1074 ii
943 1023 1022 1096 suut,
1046 1033 1121 1094 quos
1144 1018 1240 1078 nostri
1355 1056 1362 1070 .

105 1117 255 1184 obaeratos
277 1124 445 1184 vocitarunt
468 1129 499 1183 et
522 1123 574 1200 qui
597 1123 686 1182 etiam
710 1139 789 1182 nuuc
813 1122 844 1181 in
867 1120 935 1182 Asia
958 1129 1037 1182 suut.

187 1227 210 1292 3
240 1228 322 1291 Eam
354 1229 598 1290 coniecturam
629 1229 712 1288 fieri
745 1246 848 1308 posse
877 1246 917 1289 er
945 1228 1092 1290 aliarum
1122 1226 1241 1292 rer'um

31 1394 34 1399 .
104 1330 288 1414 inponatis
325 1344 360 1396 ct
396 1337 431 1396 in
467 1353 507 1396 eo
544 1353 665 1396 eorum
702 1354 719 1395 e
751 1336 908 1396 nouiciis
940 1335 1167 1415 reliquisitio
1200 1336 1241 1397 ad

100 1442 257 1515 priorem
280 1443 459 1504 dominnm
483 1442 567 1521 quid
591 1440 818 1520 factitarent]
838 1442 888 1502 Ec
907 1445 1040 1503 aliarum
1063 1462 1167 1504 reram
1191 1448 1243 1505 im·

94 1555 215 1617 watra
249 1558 279 1613 et
313 1566 399 1611 more
431 1551 600 1610 incolarum
633 1568 650 1610 e
681 1552 809 1611 noviciis
840 1551 999 1624 requisito,
1032 1553 1076 1611 ad
1107 1553 1243 1627 priorem

25 1700 30 1715 .-
94 1650 250 1720 fominum
279 1660 356 1734 qnid
377 1655 562 1734 factitarent
589 1655 667 1717 edita
694 1655 763 1716 inde
793 1654 829 1715 ab
857 1652 962 1716 Aldina
991 1655 1119 1716 editione
1143 1675 1243 1718 erem-

11 1786 20 1819 r
88 1754 199 1833 vitria„
243 1772 375 1826 referem
397 1765 576 1843 scripturam
606 1780 621 1822 a
644 1760 774 1823 Victoria
802 1762 968 1823 adnotatam
993 1761 1125 1841 Scaliger
1152 1781 1243 1843 pravo

11 1862 14 1877 '
86 1863 256 1933 archaismt
282 1871 382 1933 studio
405 1873 445 1931 ita
468 1869 701 1952 transformarit,
724 1888 765 1930 ex
795 1872 927 1930 aliarum
955 1887 1060 1930 rerum
1088 1873 1244 1946 imperatis

81 1974 107 2027 et
124 1975 179 2038 in
205 1996 240 2041 eo
266 1995 370 2040 eorum
398 1997 416 2040 e
443 1978 563 2038 novitiis
591 1978 662 2051 reii,
690 1978 758 2051 quas
781 1978 834 2037 itio
857 1977 901 2036 ad
915 1979 1054 2052 priorem
1083 1978 1243 2052 dominum,

77 2080 168 2145 qnia
193 2083 384 2166 factitarent,
407 2082 459 2145 uhi
483 2085 640 2160 imperatis
662 2099 716 2162 pro
741 2084 914 2160 imparatis,
933 2085 995 2144 reii
1015 2101 1069 2162 pro
1092 2087 1152 2159 rei,
1176 2088 1244 2159 qun
1332 2063 1336 2069 ’

74 2180 122 2241 itm
167 2209 229 2272 pro
251 2208 332 2267 qaae
354 2193 408 2251 itio
431 2189 544 2251 dictum
567 2207 632 2251 esse
657 2188 779 2251 volebat
824 2208 865 2251 ec
893 2193 1027 2251 aliarum
1054 2208 1159 2251 rerum
1188 2193 1240 2250 im·

65 2300 214 2360 feratis
243 2305 274 2361 ct
305 2299 501 2374 requisitione
533 2300 577 2358 ad
602 2300 739 2374 priorem
772 2298 924 2357 dominam
957 2299 1032 2372 qnid
1060 2295 1244 2373 factitarent

68 2385 238 2487 Ussinus,
260 2424 302 2468 ea
323 2407 458 2467 aliarum
486 2421 591 2465 rernm
619 2405 774 2480 imperatis
803 2410 832 2464 et
859 2420 920 2464 ano
946 2420 1052 2465 eoram
1079 2422 1096 2465 e
1123 2408 1244 2467 novitiis

63 2511 258 2594 scrunito,
284 2515 329 2573 ad
355 2515 492 2590 priorem
524 2514 676 2573 dominum
698 2512 774 2586 qrtid
797 2509 981 2587 factitarent
1008 2528 1044 2570 er
1072 2512 1243 2572 coniectura

61 2598 239 2680 &onorii
257 2618 350 2681 edidit
370 2618 581 2681 Schneiderus.
613 2624 695 2678 certa
714 2616 880 2677 emendatio
900 2625 1057 2696 corruptae
1077 2619 1243 2697 scripturae

57 2705 218 2787 iurem
240 2743 301 2786 non
324 2734 379 2787 est
416 2727 594 2786 seutentiam
618 2723 778 2785 verborum
797 2721 898 2783 Ursini
921 2724 1093 2784 coniectura
1116 2729 1243 2799 reponi-

54 2815 182 2891 ‘f'fne
207 2831 434 2914 demonstravit,
462 2850 519 2911 qna
547 2840 668 2911 recepta
696 2832 803 2909 scripsi
830 2848 870 2890 cce
898 2832 1031 2890 aliarum
1057 2848 1161 2891 reram
1190 2835 1242 2892 im·

48 2934 215 3001 Pepatis
236 2945 267 3001 et
289 2941 321 3000 in
344 2956 380 3000 eo
403 2956 507 3000 eorum
530 2958 547 3001 e
565 2941 691 3000 noviciis
709 2939 915 3016 requisitione,
934 2937 978 2996 ad
995 2939 1131 3012 priorem
1151 2938 1243 2997 domi-

50 3043 170 3102 num
193 3048 269 3134 qnid
286 3044 474 3123 factitarint.
505 3045 542 3107 de
560 3046 715 3125 operariis,
734 3061 806 3105 num
824 3043 861 3105 ud
880 3045 943 3123 agri
962 3041 1107 3103 culturam
1131 3042 1243 3104 dociles

49 3133 96 3193 ⁸¹¹¹
105 3146 166 3229 t‚
183 3155 355 3216 coniectura
373 3153 439 3214 fieri
457 3161 565 3234 potest,
584 3154 679 3232 siquis
698 3149 947 3230 animadverterit,
962 3166 1051 3228 quem
1070 3148 1105 3208 ad
1122 3149 1242 3210 modum

49 3237 125 3307 ⁸¹³³
177 3262 320 3342 imperata
343 3260 536 3342 confecerint,
558 3267 589 3321 et
612 3261 641 3320 iu
666 3260 703 3320 iis
726 3259 779 3338 qui
801 3257 910 3318 novicii
933 3264 1012 3338 sunt,
1035 3257 1130 3335 siquis
1152 3257 1183 3317 iu
1206 3274 1241 3317 ea

49 3363 80 3405 ΓΘ
145 3372 195 3428 ὲκ
227 3369 303 3448 ipsis
334 3367 536 3448 requisiverit,
565 3365 636 3445 quid
667 3364 702 3425 ad
729 3365 861 3444 priorem
891 3363 1043 3425 dominum
1073 3364 1241 3426 factitarint.

50 3469 169 3532 ”iul
187 3472 377 3556 factitarint,
400 3491 460 3533 non
480 3471 675 3548 factitarent,
700 3472 775 3532 ratio
799 3473 947 3532 sermonis
970 3470 1107 3551 postulat.
1153 3473 1185 3532 in
1209 3489 1244 3532 eo

52 3572 198 3642 aui-em
213 3588 268 3642 ‚est
291 3576 337 3641 ‘in
360 3597 396 3641 eo
415 3574 552 3658 negotio',
574 3578 619 3639 vel
642 3573 690 3640 ‘in
713 3597 747 3639 ea
770 3572 884 3658 parte',
908 3573 1022 3658 120,5
1046 3580 1079 3638 in
1102 3595 1136 3638 eo
1160 3581 1244 3654 aqri-
1288 3560 1292 3569 ¹

54 3676 187 3747 ⁶⁰lae
202 3689 260 3750 froc
277 3689 483 3764 spectandam,
502 3684 528 3746 ll
546 3683 595 3767 11,
612 3683 628 3747 l
650 3689 688 3748 de
705 3689 786 3747 laete
804 3687 836 3745 in
850 3701 885 3744 eo
900 3689 930 3743 et
947 3690 1082 3756 tonsura,
1102 3682 1141 3741 llf
1159 3680 1208 3764 16,
1222 3682 1246 3745 4

56 3790 185 3853 Wod
201 3797 230 3856 si
252 3796 289 3866 in¹
306 3794 364 3856 froc
382 3791 506 3870 fuciunt
529 3796 620 3854 etiam
641 3795 775 3868 prepeti.
823 3788 958 3850 similiter
982 3791 1011 3848 in
1031 3806 1099 3862 praa,
1123 3785 1239 3869 123‚1

60 3885 121 3944 Μ
162 3902 307 3975 pabutum
329 3917 409 3976 qaae
435 3903 603 3977 pertinent,
632 3903 663 3960 in
691 3916 749 3974 qao
778 3904 821 3959 est
848 3899 981 3970 ocinum,
1010 3890 1102 3976 59,2
1127 3897 1157 3954 in
1185 3911 1244 3970 qao

65 3992 192 4064 “iam
216 4009 341 4083 puidam
369 4009 536 4068 triclinium
563 4013 701 4069 sternere
723 4009 830 4079 solent,
864 3999 906 4064 65
932 4020 1050 4078 penera
1077 4009 1148 4063 sant
1172 4005 1244 4078 vini,

70 4097 104 4155 in
141 4125 209 4183 qao
228 4116 372 4189 Falerna,
395 4111 524 4198 111,12
547 4117 578 4174 ia
597 4131 656 4190 qao
674 4119 745 4174 sunt
763 4114 832 4173 item
851 4111 895 4171 ad
912 4117 974 4171 tres
995 4112 1110 4187 speeies
1128 4116 1244 4170 natura

76 4203 228 4283 dfsscreti
255 4223 344 4283 beves
374 4224 457 4282 asini
491 4223 574 4297 equi,
607 4218 644 4281 ib.
669 4215 712 4280 20
740 4221 771 4279 in
803 4235 861 4294 qno
896 4224 969 4292 quot
1000 4218 1105 4278 diebus
1137 4221 1244 4278 matris
