2874 4994
153 333 216 398 196
482 342 673 397 GOMMENT.
693 342 733 397 m
750 340 939 398 VARRONIS

150 499 200 576 sit,
224 505 345 575 apparet
368 515 405 557 eu
427 498 465 557 iis
488 515 563 576 quae
587 497 623 558 dc
643 496 748 577 apibus
763 497 874 576 scripta
893 503 964 558 sunt
986 492 1029 555 111
1051 488 1103 575 16,
1115 487 1158 555 25
1176 494 1263 570 mpla

151 607 350 665 ministerium
379 606 540 680 praeberi,
573 611 607 665 ut
638 623 655 665 e
683 603 760 680 saba
792 606 931 680 apiastro
961 602 1127 663 cucurbita
1154 600 1263 663 master

151 729 255 773 ceram
279 718 309 772 et
330 712 432 772 cibum
456 728 520 789 sqq.
558 713 677 790 saepius
700 709 808 790 legitur
826 709 951 771 verbum
969 712 1158 783 ministrare,
1173 705 1186 768 1
1200 702 1265 781 ill

149 837 188 880 ne
202 821 318 880 relictis
333 821 448 879 colibus
461 826 647 880 sarmentum
661 824 793 893 nequeat
805 819 984 879 ministrem
995 831 1113 889 sucum,
1128 812 1154 875 11
1166 810 1265 893 puali

150 943 209 1001 quo
238 925 365 1002 facilius
392 927 558 1002 sumptibus
585 929 679 986 multa
706 925 901 1001 poscentibus
931 924 1101 998 ministres,
1133 918 1225 1001 llll,
1238 919 1266 983 11

147 1030 285 1107 fructum
309 1040 343 1091 ut
364 1034 428 1093 ouis
451 1050 468 1092 e
491 1035 563 1092 tana
587 1033 630 1092 aa
651 1034 866 1097 uestimentum.
888 1032 935 1091 sia
956 1045 1059 1107 capra
1080 1044 1099 1090 e
1117 1029 1188 1105 pilis
1203 1029 1268 1087 mini

149 1145 230 1199 strat
263 1140 307 1198 ad
336 1155 423 1198 usum
455 1141 626 1213 nauticum,
660 1134 820 1217 11111,2
847 1136 989 1214 lumpliae
1019 1150 1135 1211 aquam
1160 1134 1271 1211 piscibu
1316 1178 1319 1185 ·

154 1247 265 1305 nostris
288 1246 430 1305 villaticis
454 1247 628 1307 ministrant
646 1255 676 1305 et
696 1245 853 1321 Neptunus
874 1249 905 1305 et
922 1259 1035 1319 aquam
1053 1247 1085 1303 et
1098 1243 1192 1319 piscis
1206 1242 1271 1301 nini

150 1358 236 1412 strat.
274 1352 344 1411 item
365 1348 377 1410 1
397 1348 484 1431 13,4
503 1354 613 1413 cohors
632 1385 674 1394 —
691 1355 729 1425 fit
746 1353 887 1412 ministra
902 1348 1011 1426 fundo.
1049 1346 1188 1410 similiter
1202 1348 1273 1427 lgltm
1316 1338 1319 1353 '

151 1459 349 1519 ministerium
374 1457 458 1519 lactis
481 1456 625 1537 praebere
648 1457 759 1518 dicitur
778 1474 864 1537 equa,
886 1473 962 1535 quae
981 1452 1065 1536 pullo
1083 1453 1130 1516 lna
1149 1456 1273 1516 ministrat

150 1564 196 1625 vel
223 1563 347 1645 praebet
375 1572 524 1644 tamquam
552 1563 665 1647 cibum,
692 1566 787 1625 matri
811 1565 1027 1642 suppositieiae
1055 1580 1176 1639 quoqim
1199 1564 1273 1623 inser

150 1675 244 1746 nitunt,
267 1687 326 1747 quo
349 1689 428 1746 equa
450 1674 649 1732 ministerium
673 1674 762 1731 lactis
789 1671 889 1731 cibum
912 1671 997 1746 pullo
1016 1670 1174 1746 praebere
1193 1670 1275 1746 possit.

239 1775 260 1838 2
293 1775 356 1838 llic
379 1779 430 1837 ita
453 1776 606 1838 eductus
629 1796 646 1836 a
669 1779 784 1856 primo
807 1783 931 1856 potest
949 1774 1115 1855 admitti]
1139 1776 1276 1837 Educatus

150 1892 182 1946 et
203 1886 234 1944 in
263 1886 395 1963 margine
424 1887 463 1944 al.
487 1886 615 1945 eductus
642 1883 736 1944 codex
759 1882 914 1944 caesenas.
952 1884 992 1944 ab
1019 1900 1083 1945 uno
1107 1901 1152 1962 m,
1175 1900 1196 1943 a
1215 1883 1276 1942 bino

149 1989 320 2072 Beroaldus,
343 1993 383 2052 ab
407 1995 493 2053 initio
517 1992 677 2071 iucundus,
705 2011 725 2053 a
752 1995 842 2052 trimo
866 1989 1001 2051 Ursinus.
1042 1989 1172 2050 undem
1192 1989 1277 2049 aetam

149 2098 351 2160 definitionem
375 2097 464 2159 habet
486 2098 645 2160 Columella
665 2097 702 2158 vl
721 2094 809 2177 37,9
832 2100 888 2159 sed
909 2101 939 2159 ei
959 2114 1021 2158 non
1044 2102 1167 2174 oportet
1186 2098 1279 2156 minori

148 2222 239 2280 quam
263 2208 352 2267 trimo
372 2205 518 2282 seminam
537 2209 664 2280 admitti,
688 2207 849 2285 geoponica
870 2201 933 2263 XVI
951 2199 1042 2284 21,8
1061 2193 1140 2264 ὄνοι
1159 2194 1197 2264 bb
1211 2191 1278 2279 nobs

150 2301 265 2391 ὀχείαν
297 2300 362 2372 ἀπὸ
395 2304 430 2390 γ’
455 2306 539 2372 ἑτῶν
572 2306 634 2384 ἕως
662 2311 677 2370 i
701 2302 858 2392 χρήσιμοι
886 2318 916 2369 et
947 2307 1087 2370 similiter
1120 2308 1279 2388 hippiatriu

17 2501 21 2509 ι
149 2436 177 2497 p.
196 2413 253 2499 56,
282 2417 403 2478 Ariston.
422 2416 491 2479 hist.
510 2417 626 2479 animal.
645 2416 668 2475 V
689 2414 744 2497 14,
763 2413 807 2479 53
837 2407 918 2490 ὄνος
945 2408 983 2477 bb
1009 2406 1280 2496 τριακοπάμηιος

149 2514 260 2603 ὀχεύει
282 2517 338 2584 nul
362 2514 525 2602 ὀχεύεται·
555 2516 597 2585 οὐ
619 2520 733 2604 μέντοι
757 2520 903 2603 γεννῶσι
928 2541 967 2603 γε
990 2512 1036 2597 ὥς
1062 2515 1118 2585 ἐπὶ
1145 2513 1182 2585 τὸ
1208 2513 1280 2583 noli

148 2620 220 2691 ἀλλ’
246 2618 267 2709 ἢ
290 2637 428 2709 τριετεῖς
450 2619 470 2710 ἢ
489 2638 626 2712 τριετεῖς
648 2624 703 2691 nal
722 2623 888 2710 ἑξάμηνοι.
926 2628 1005 2710 apud
1029 2628 1194 2691 Varronem
1215 2627 1280 2688 illem

149 2738 314 2814 scripturae
343 2737 445 2797 vitium
474 2738 531 2798 luit
564 2741 593 2797 in
627 2733 924 2816 archetyp0114,8
957 2743 993 2796 ut
1020 2738 1056 2796 id
1081 2744 1169 2798 recte
1187 2734 1281 2812 [acere

47 2861 50 2866 ’
144 2845 241 2919 possit
263 2844 467 2919 caprimum,
496 2842 574 2922 qnod
600 2843 731 2923 Scaliger
754 2844 900 2904 correxit:
927 2840 1003 2923 111,
1018 2839 1063 2905 13
1090 2860 1113 2904 a
1140 2844 1220 2905 binm
1239 2848 1282 2902 aul

146 2951 238 3009 trima
262 2947 400 3025 [ructum
425 2948 514 3033 [erre
542 2954 661 3030 incipit,
695 2947 790 3029 5,1t
820 2956 963 3011 castrare
989 2966 1051 3010 non
1079 2957 1200 3027 oportet
1224 2953 1284 3009 ante

146 3057 266 3138 bimum,
296 3053 324 3136 1,
343 3052 383 3118 13
402 3060 507 3118 melias
526 3065 596 3134 post
618 3061 748 3118 trimum.
786 3055 838 3117 sed
867 3063 1022 3135 praeterea
1047 3057 1199 3117 educatus
1220 3055 1283 3116 seri·

145 3162 277 3224 bendum
302 3180 367 3223 esse
388 3181 422 3223 ex
442 3165 479 3223 iis
499 3181 574 3243 quae
593 3163 777 3243 praecedunt
795 3166 928 3224 educant
950 3178 1019 3223 eum
1034 3164 1139 3239 paleis
1157 3163 1284 3242 cognosci

147 3280 272 3349 poterat.
310 3289 408 3350 neque
423 3273 556 3332 caueae
569 3270 605 3330 de
626 3269 730 3330 alendo
745 3268 837 3330 Varro
852 3269 934 3348 dinis,
952 3266 1005 3329 sed
1020 3265 1285 3344 consarcinati

144 3378 310 3438 educamus
333 3384 364 3435 et
388 3374 408 3436 6
432 3379 577 3451 educant,
608 3373 741 3458 119,12
765 3379 945 3456 educentur,
967 3377 1041 3436 item
1071 3373 1236 3437 Columella
1256 3371 1286 3432 11

146 3479 234 3561 31,8
258 3484 394 3557 quamvis
417 3491 554 3543 materno
583 3486 662 3543 laete
689 3487 728 3542 sit
756 3485 914 3550 elimatam.
959 3481 1100 3542 similiter
1123 3480 1236 3543 Colum.
1253 3478 1285 3540 111

147 3585 196 3667 10,
222 3584 262 3649 16
291 3586 328 3646 de
356 3587 477 3647 surculo
505 3591 572 3649 vitis
600 3588 791 3649 scribendum
820 3596 868 3648 est
893 3591 974 3648 uelut
999 3590 1125 3650 altricis
1152 3589 1288 3650 uberibus

144 3696 305 3767 educatus,
333 3692 385 3753 ubi
412 3697 540 3756 eductus
567 3706 612 3756 est
639 3694 793 3756 inlibris:
821 3694 934 3756 Colum.
954 3691 1103 3777 1v2'l,4
1133 3713 1194 3771 quo
1216 3710 1287 3756 eon·

143 3802 261 3860 molius
283 3803 417 3877 sinpulos
440 3805 578 3864 alumnos
600 3806 738 3864 elucent.

230 3902 1288 3986 3ssinsrsumadmissarium1mrmnaanissarsunmmnius

231 4012 281 4074 De
319 4017 434 4074 asinis
476 4033 578 4094 quem
615 4012 875 4094 amplissimum
912 4014 1291 4095 formosissimunque

142 4127 297 4198 possunt
326 4119 483 4198 eligunt]
517 4122 564 4183 De
590 4125 686 4184 αείιιὲε
713 4140 853 4197 quemque
878 4122 1101 4198 αιιιρὶιετίττιιιιτ
1130 4132 1163 4185 et
1186 4122 1292 4200 [mmo

142 4228 290 4284 sissimum
314 4242 400 4297 uitem
423 4227 538 4288 babere
558 4238 685 4304 possunt
707 4232 824 4304 eligunt
842 4225 1005 4308 iucundus,
1028 4230 1071 4288 tie
1089 4233 1193 4291 asinis
1208 4245 1293 4305 mrum

142 4331 355 4405 amplissimum
383 4340 412 4393 et
431 4332 680 4408 famosissimum
704 4339 821 4410 eliaam
843 4333 983 4408 Ursinus,
1013 4337 1055 4395 tle
1081 4340 1187 4399 asinis
1207 4353 1295 4415 amm

143 4438 357 4511 amplissimum
376 4436 687 4516 famosissimumque
704 4450 832 4518 possunt
855 4444 972 4516 abeunt
994 4439 1221 4507 Schneiderur
