2874 4994
314 112 446 168 annun
464 113 704 193 nvsrrcsravnr
722 113 790 168 nra.
809 114 848 168 111
868 112 953 169 a-3
1071 158 1074 163 ,
1144 102 1209 170 233

68 267 186 330 diuidi
219 276 375 347 possunt
397 269 432 328 in
455 269 567 347 prima
591 277 692 346 parte
716 276 755 329 ut
777 268 850 329 sint
878 286 966 348 quae
990 277 1085 329 terra
1111 268 1211 329 modo

63 377 138 438 sint
169 383 364 437 contentae
396 384 435 437 ut
466 385 550 437 sunt
581 393 740 454 panones
773 384 940 437 turtures
968 374 1067 436 turdi
1095 374 1210 436 altera

59 484 188 562 specie
216 491 301 544 sunt
329 500 417 561 quae
447 501 514 545 non
543 491 627 544 sunt
654 490 847 544 contentae
876 490 973 544 terra
1006 481 1138 559 solnm]
1173 484 1210 543 In

55 592 167 667 prim
187 598 280 666 parta
306 598 341 650 ut
367 597 439 650 sunt
465 607 545 665 quae
572 596 659 651 terra
686 592 774 651 modo
801 595 872 650 sunt
900 595 1061 651 contentae
1088 587 1210 666 Merula,

58 697 94 757 im
116 697 222 771 prima
241 702 334 771 parta
356 704 390 757 nt
412 699 480 772 sint,
504 715 584 772 puae
606 703 693 758 tarra
715 699 802 759 modo
823 704 894 759 sunt
911 703 1062 771 contenta,
1085 703 1120 757 ut
1137 702 1208 756 sunt

55 819 198 880 pavones
225 809 362 865 turtures
389 806 484 865 turdi.
525 807 625 865 altera
651 806 768 881 species
796 821 901 864 aarum
922 811 1006 878 sunt,
1038 821 1117 879 quaa
1149 819 1209 863 non

56 916 136 971 sunt
159 915 301 971 contenta
325 917 412 971 terra
430 915 525 971 solum
543 909 704 989 lucendus,
727 909 780 971 nbi
801 927 906 971 aarum
925 908 1074 971 Victorius
1092 908 1211 990 delevit,

58 1018 176 1078 aarum
201 1018 324 1091 simpuio
351 1024 382 1077 et
408 1015 515 1077 deinde
544 1021 645 1078 altera
667 1020 769 1094 specie
795 1019 857 1078 sint
888 1035 967 1093 puae
996 1036 1056 1078 non
1083 1016 1211 1077 Ursinus

58 1124 203 1185 coniecit.
238 1124 350 1184 darum
372 1141 477 1185 reram
498 1126 621 1199 sinpula
645 1124 761 1204 scripsi,
780 1125 858 1184 sicut
881 1141 971 1201 snpra
994 1124 1209 1202 scriptumest

57 1234 209 1291 scientem
232 1247 297 1290 essa
319 1237 437 1305 oportet
459 1248 567 1291 earum
589 1248 694 1293 reram
718 1238 749 1290 et
771 1239 873 1308 postea
898 1246 1128 1291 rerumrerum
1146 1232 1209 1289 cul·

63 1344 150 1398 turc.
188 1335 295 1397 deinde
314 1336 411 1398 addila
432 1341 463 1398 in
477 1338 697 1417 praepositione
716 1338 824 1416 scripsi
844 1339 876 1397 in
895 1339 995 1398 altera
1008 1339 1110 1414 specie
1127 1343 1210 1397 sunt:

60 1460 134 1504 nam
153 1443 184 1503 in
204 1449 315 1503 mutata
334 1451 486 1504 structura
512 1442 671 1504 verborum
690 1444 870 1522 praepositio
890 1443 987 1504 omitti
1007 1459 1065 1503 non
1084 1449 1210 1522 poterat,

60 1551 178 1612 aarum
201 1566 307 1610 rarum
328 1552 451 1625 sinpnla
472 1568 590 1626 panaro
617 1552 771 1611 minimum
799 1552 831 1610 in
859 1551 947 1610 dinus
973 1552 1089 1626 species
1117 1552 1214 1610 diuidi

56 1664 197 1735 possunt,
221 1659 251 1716 in
272 1659 375 1733 prima
394 1665 488 1733 parte
510 1666 544 1718 nt
565 1659 626 1718 sint
643 1675 723 1732 quae
746 1664 833 1717 terra
851 1659 939 1718 modo
959 1660 1020 1717 sint
1037 1663 1206 1737 contentae,

60 1771 98 1824 ut
120 1770 193 1824 sunt
211 1780 346 1840 paeones
369 1771 505 1826 turtures
529 1766 627 1824 turdi:
654 1768 685 1824 in
709 1767 809 1824 altera
831 1766 934 1840 specie
955 1770 1025 1823 sunt
1047 1781 1128 1839 puae
1150 1764 1209 1824 non

59 1876 136 1933 sunt
158 1877 319 1932 contentae
342 1876 429 1932 terra
451 1873 555 1930 solum.
592 1869 729 1930 similiter
748 1876 899 1930 structura
918 1865 1076 1928 verborum
1098 1876 1209 1929 maula

60 1985 111 2038 est
135 1978 167 2038 in
185 1974 232 2037 his
250 1994 326 2055 qrrae
346 1974 383 2037 de
402 1975 495 2037 altero
515 1994 624 2055 genere
644 1978 754 2055 scripta
774 1984 854 2056 saint,
872 1978 950 2036 duas
963 1975 1055 2035 habet
1073 1977 1211 2035 diuersos

60 2084 195 2159 species,
219 2100 311 2143 anam
335 2086 367 2144 in
390 2101 452 2158 qua
475 2089 520 2144 ast
542 2101 619 2161 aper
642 2101 759 2159 caprea
781 2085 879 2158 lepus,
905 2084 1005 2141 altera
1028 2083 1098 2143 item
1120 2089 1212 2142 extra

60 2191 166 2250 ailiam
189 2197 366 2265 quaesunt,
390 2189 418 2250 lt.
438 2207 463 2251 e.
483 2188 577 2250 altera
596 2191 712 2268 species
730 2190 801 2250 item
821 2205 924 2248 earum
942 2205 1044 2247 rerum
1063 2195 1118 2262 est,
1138 2206 1213 2268 quae

62 2304 151 2357 extra
174 2295 271 2357 villam
294 2305 374 2358 sunt.
412 2298 541 2359 alteram
564 2305 656 2358 extra
679 2299 779 2358 villam
803 2296 931 2356 coniecit
953 2293 1091 2355 Ursinus.

159 2403 286 2464 Cocleaa
310 2401 400 2463 editio
431 2404 571 2482 princeps
599 2420 614 2462 a
639 2400 782 2464 Politiano
810 2419 869 2463 non
898 2408 1032 2461 correcta
1061 2408 1091 2460 et
1118 2399 1213 2460 codex

62 2508 223 2591 Caesenas,
247 2511 391 2572 ciocicac
410 2507 609 2591 Florentinus,
633 2509 776 2571 cochleae
799 2507 853 2569 alia
878 2504 1054 2587 apographa,

156 2612 179 2676 4
210 2614 257 2676 lie
281 2614 337 2676 his
361 2633 423 2676 sex
446 2614 613 2695 partibus
637 2615 676 2676 ad
696 2617 765 2676 ista
786 2617 857 2676 tria
875 2631 1007 2694 genera
1028 2615 1213 2675 artificum

62 2721 223 2805 paranda
246 2741 405 2802 aucupes
430 2731 624 2783 necatores
647 2725 850 2801 piscatores
871 2730 907 2783 ut
929 2719 970 2781 ab
993 2722 1039 2781 iis
1066 2720 1213 2782 emenda

61 2848 161 2911 quae
190 2840 332 2891 tuorum
362 2848 550 2891 seruorum
579 2828 770 2908 diligentia
798 2829 935 2888 tuearis
962 2829 997 2886 in
1027 2828 1144 2897 latura
1173 2828 1213 2887 ad

61 2945 194 3017 partus
214 2944 248 2996 et
267 2943 348 2996 nata
369 2939 556 2997 nutricare
576 2935 785 3013 saginisque
808 2935 843 2994 in
864 2931 1049 2993 macellum
1069 2941 1108 2993 ut
1131 2952 1212 3013 per-

61 3041 187 3119 uiant]
227 3043 391 3104 Nutricari
421 3040 570 3103 Victorius
607 3059 644 3101 ex
681 3019 841 3118 archetypo
876 3037 1025 3100 adnotavit
1057 3040 1213 3103 manifesto

62 3167 184 3211 errore:
207 3167 275 3210 nam
299 3152 461 3210 nutricare
484 3146 648 3208 Politianus
671 3154 702 3208 et
725 3144 903 3225 apographa.
947 3146 987 3206 ai
1015 3148 1063 3206 iras
1086 3151 1214 3210 emenda

65 3289 105 3300 -
133 3259 296 3318 nutricare
317 3257 508 3331 rapinasque,
533 3257 564 3315 in
587 3256 746 3315 macellum
765 3260 798 3314 ut
812 3255 996 3330 perueniant
1014 3251 1134 3314 llerula.
1175 3257 1213 3316 rie

62 3366 113 3425 iras
134 3380 192 3423 sex
210 3363 356 3440 partibus
379 3364 483 3423 adduc
507 3364 566 3422 ista
589 3363 653 3421 tria
673 3377 792 3436 panera
820 3361 975 3433 artificum
1003 3363 1213 3437 comparanda

63 3487 202 3545 aucuper
223 3499 261 3509 —
283 3470 444 3528 nutricare
471 3470 692 3547 rapinamque,
724 3470 756 3527 in
783 3469 941 3527 macellum
968 3474 1003 3526 ut
1030 3471 1215 3544 peramriant

62 3574 229 3656 iucundus,
252 3573 304 3635 ubi
319 3575 467 3652 paranda
485 3573 635 3634 Victorius
653 3572 745 3653 dedit,
766 3571 880 3652 reliqua
899 3591 935 3632 cx
959 3571 1063 3633 Aldina
1083 3575 1213 3636 editione

63 3682 215 3762 repetivit.
261 3684 299 3743 da
321 3683 369 3742 lais
390 3698 447 3741 sex
465 3683 623 3758 partibus:
654 3682 797 3742 adhaec
824 3682 883 3740 ista
911 3682 974 3740 tria
994 3697 1113 3755 panaro
1137 3684 1212 3742 arti·

60 3794 159 3864 ficum
174 3791 330 3870 paranda,
353 3805 488 3865 aucupes
506 3794 665 3849 venatores
680 3790 860 3864 piscatores,
880 3793 935 3846 aut
952 3787 992 3847 alr
1010 3787 1057 3846 ias
1076 3789 1213 3862 emenda,

63 3915 147 3974 puae
165 3929 208 3939 —
227 3899 386 3957 nutricare
413 3897 595 3970 rapinasque
618 3893 762 3976 Scaliger,
791 3896 834 3955 ad
858 3896 916 3954 iras
938 3911 994 3956 sen
1018 3900 1126 3970 partas
1155 3877 1214 3956 ista

63 4006 130 4065 tria
147 4021 267 4078 panaro
285 4004 441 4076 artificum
459 4003 678 4079 comparanda,
702 4018 837 4078 aucupes
857 4008 1016 4062 venatores
1030 4003 1212 4078 piscatores,

65 4118 123 4172 aut
146 4110 186 4171 ai
210 4110 258 4170 dis
287 4111 447 4184 sumenda,
474 4126 553 4184 auae
576 4115 696 4169 tuorum
723 4124 882 4169 seruorum
909 4108 1068 4181 diligentia
1096 4111 1214 4171 tuearis

69 4220 103 4278 in
125 4216 234 4293 satura
258 4234 298 4277 ac
317 4221 413 4293 partu
437 4223 466 4276 et
487 4217 646 4276 nutricatu
662 4216 849 4294 rapinasque,
868 4216 900 4274 in
918 4215 1076 4273 macellum
1094 4221 1129 4274 ut
1142 4234 1214 4291 per·
