2874 4994
311 341 441 396 RERVM
464 342 704 398 avsulcsisvh
721 343 789 399 LIB.
809 345 821 398 Ι
841 342 971 400 44-45
1155 336 1217 402 105

55 495 119 580 16,
145 493 188 558 34
207 496 276 573 sevi
297 499 351 573 qui
372 500 557 579 eximuntur,
579 501 686 574 siquae
701 517 778 576 pers
796 502 874 560 nihil
892 502 982 561 lebet
999 533 1048 581 -‚
1059 504 1217 577 praesien·

51 617 149 676 ειη·
172 605 240 665 item
269 603 370 666 addito
397 604 629 667 demonstrativo
653 603 772 687 131,2
801 611 880 669 eules
908 610 961 682 qui
983 611 1152 681 trutissant,
1180 611 1219 669 de

53 719 92 778 iis·
139 715 194 786 qul
211 715 377 789 plurimum
400 717 500 774 uolent
520 717 651 790 primum
676 733 714 774 ue
737 717 902 776 seeundum
920 746 956 758 -
975 717 1156 790 relinquere.

168 817 264 890 Quod
280 822 551 899 praegnationis
571 820 662 881 idem
677 820 733 881 his
748 820 880 882 hahere
897 840 964 882 raon
980 820 1116 900 potest]
1133 823 1220 894 Quod

52 930 307 1010 praegnationis
326 930 405 989 diem
425 931 504 991 idem
523 931 568 990 bis
586 931 700 990 holme
723 948 782 990 non
798 937 896 1007 potest
913 928 1025 991 Merula
1044 936 1075 989 at
1097 937 1218 990 auctore

57 1034 244 1099 Pontedera
268 1053 295 1115 p.
317 1031 381 1097 160
405 1034 619 1115 Schneiderus'‚
647 1039 729 1111 quod
751 1039 982 1113 peraequationis
1005 1038 1083 1097 diem
1105 1038 1219 1097 habere

60 1159 143 1206 non
163 1149 259 1218 potest
285 1140 420 1203 Ursinus.
458 1161 533 1222 quiae
562 1141 603 1204 illi
627 1142 725 1204 verbis
749 1141 945 1223 Theophrasti
969 1143 1005 1203 de
1029 1161 1108 1204 cans.
1130 1141 1218 1223 plant.

62 1250 74 1311 l
97 1243 164 1326 14,
179 1247 206 1329 1,
229 1266 305 1328 quae
328 1247 420 1310 Varro
445 1251 600 1331 expressit,
623 1250 825 1311 commendari
849 1250 1018 1330 voluerunt,
1042 1243 1097 1311 διὰ
1119 1247 1218 1311 τοῦτο

68 1347 147 1438 γὰρ
167 1347 240 1418 οὐδ’
263 1349 324 1418 ἐάν
341 1376 392 1430 τις
414 1347 522 1438 ἀφέλῃ
545 1349 606 1419 τὸν
629 1349 759 1436 καρπὸν
777 1345 798 1436 ἢ
818 1347 937 1435 ἄνθος,
956 1348 1097 1418 δύναται
1117 1351 1219 1419 πάλιν

12 1468 14 1475 ’
74 1458 173 1539 ἔτερα
194 1460 320 1544 γεννᾶν
343 1456 399 1526 διὰ
423 1456 461 1525 τὸ
485 1455 529 1544 μὴ
553 1456 738 1544 λαμβάνειν
760 1453 820 1524 τὸν
842 1460 901 1543 τῆς
918 1455 1067 1543 κνήσεως
1084 1457 1218 1545 χρόνον.

79 1586 257 1651 quamquam
283 1569 368 1632 laeile
391 1579 513 1651 apparet
536 1579 650 1647 tempus
674 1574 906 1647 praegnationis
934 1569 1092 1631 dicendum
1120 1571 1221 1650 luisse,

84 1692 145 1735 non
168 1681 254 1740 diem.
296 1676 348 1738 sed
373 1676 563 1738 scribendum
591 1678 691 1755 potius
716 1680 962 1754 praeparationes.
1004 1695 1071 1737 nam
1099 1676 1220 1757 pluralis

84 1796 223 1846 numerus
245 1792 369 1865 propter
393 1783 564 1845 adverbium
583 1786 629 1844 bis
648 1785 763 1863 positus
783 1792 837 1845 est.
870 1786 1103 1861 praegnationis
1122 1792 1219 1845 antem

84 1895 247 1953 accusativo
261 1910 331 1952 oasu
347 1890 461 1953 dietum
477 1909 551 1971 esse,
566 1890 645 1970 quod
660 1890 812 1952 Gesnerus
832 1889 989 1969 adnotavit,
1009 1890 1091 1951 credi
1109 1893 1220 1971 nequit.

11 2070 13 2075 ¹
71 1975 77 1985 Ι
164 1997 279 2060 XLVI
318 1997 575 2077 Praeterquam
598 1997 679 2059 iaha
707 2016 745 2058 ea
770 2000 862 2058 enim
890 2000 1012 2058 serius
1035 1998 1220 2077 aliquanto

11 2124 13 2133 ·
73 2102 201 2168 Prodit
223 2124 328 2186 seges
351 2105 515 2166 ostendit
542 2107 627 2165 item
655 2104 789 2166 milium
818 2112 852 2165 et
880 2106 1008 2166 sesima
1038 2113 1073 2165 et
1100 2116 1220 2167 cetera

68 2201 250 2274 ⁸¹'militer
273 2215 399 2293 eequis
424 2213 499 2273 lere
522 2211 670 2289 diebus]
695 2214 801 2274 Serius
824 2215 980 2287 aliquanto
1000 2215 1105 2288 prodit
1126 2231 1221 2288 sepes.

63 2320 210 2380 ‘idendit
232 2323 311 2382 idem
329 2323 442 2382 nullium
461 2328 490 2382 et
507 2337 625 2381 sesamo
641 2319 800 2400 locandus,
815 2318 866 2380 uhi
884 2338 974 2394 quam
994 2337 1079 2394 seges
1099 2318 1219 2379 Schnei-

57 2412 172 2484 darus
198 2427 333 2487 coniecit.
370 2445 474 2487 rerum
501 2424 609 2486 vidisse
635 2434 714 2505 puto
745 2425 899 2508 Ursinum,
931 2427 982 2505 qui
1015 2424 1104 2487 verba
1135 2445 1221 2502 sepes·

54 2535 211 2594 ⁰stendit
229 2543 378 2613 tamquam
398 2532 525 2613 glossam
545 2552 579 2594 ex
597 2534 728 2613 margine
748 2532 857 2593 illatam
873 2532 988 2594 delevit.
1025 2551 1122 2612 neque
1137 2534 1220 2612 quid-

51 2645 171 2706 quam
201 2639 278 2721 quod
313 2639 371 2702 hue
403 2641 509 2701 referri
543 2642 637 2720 possit
667 2639 744 2720 apud
773 2638 1010 2720 Theophrastum
1038 2638 1107 2700 hist.
1131 2639 1221 2719 plant.

51 2731 114 2799 Vlll
170 2744 229 2827 hh
251 2749 411 2828 invenitur,
434 2740 612 2827 βλαστάνει
632 2739 670 2808 δὲ
692 2738 729 2808 τὸ
749 2738 810 2827 μὲν
828 2743 964 2829 θᾶττον,
983 2738 1020 2808 τὸ
1042 2739 1079 2807 dl
1098 2740 1221 2826 βραδύ-

49 2861 189 2932 τερον,
209 2849 264 2915 καὶ
288 2845 390 2934 κριθὴ
415 2846 476 2933 μὲν
499 2848 555 2915 καὶ
573 2845 679 2933 πυρὸς
702 2847 863 2934 ἑβδομαῖοι
887 2847 1042 2933 μάλιστα,
1070 2862 1225 2934 προτερεῖ

50 2940 83 3008 ‘ll
109 2943 157 3032 ἦ
186 2952 288 3043 κριθὴ
312 2958 449 3041 μᾶλλον,
467 2953 506 3021 τὰ
528 2953 558 3020 d’
582 2952 702 3041 ὄσπρια
716 2967 891 3038 τεταρταῖοι
910 2948 930 3039 ἢ
950 2968 1113 3041 πεμπταῖα
1132 2954 1219 3040 πλὴν

48 3047 229 3146 antigamo,
252 3059 380 3148 κύαμος
403 3059 440 3127 dl
462 3060 518 3128 καὶ
540 3064 609 3128 τῶν
628 3064 780 3128 standan
801 3065 871 3127 ἔνια
894 3065 1053 3128 πλείοσιν.
1087 3061 1222 3148 ἐνιαχοῦ

48 3150 120 3236 γὰρ
166 3169 223 3236 nat
253 3171 593 3254 πεντεκαιδεκαταῐος,
621 3164 675 3234 ὅτε
700 3166 736 3234 dl
763 3167 817 3234 καὶ
850 3170 1041 3245 elnonenses.
1079 3169 1222 3254 duumvi-

46 3274 201 3339 ⁶¹oetov
234 3272 299 3363 γὰρ
329 3279 428 3343 τοῦτο
461 3273 613 3355 πάντων,
645 3270 704 3341 ἐὰν
738 3272 774 3340 δὲ
807 3271 849 3359 δὴ
877 3273 932 3338 καὶ
960 3274 1142 3357 σπαρέντος
1170 3274 1223 3342 ἐπὶ

42 3365 177 3442 πλέον
196 3380 292 3467 ὕδωρ
307 3383 503 3467 ἐπιγένηται,
517 3381 572 3447 καὶ
585 3383 761 3459 παντελῶς.
784 3386 856 3446 haec
871 3388 949 3447 enim
962 3384 1053 3446 Varro
1069 3391 1224 3466 expressit.

158 3489 186 3554 2
218 3496 398 3557 Venenum
419 3497 511 3555 enirn
531 3494 647 3573 gelum
668 3493 855 3555 radicibus
874 3493 1021 3554 tenellis
1041 3493 1106 3555 suh
1126 3505 1222 3555 terra

34 3584 66 3634 ‘³‘
105 3604 250 3685 Supra
279 3603 436 3681 uirgulta
471 3621 512 3662 ne
541 3601 662 3662 eodem
696 3610 856 3680 tompore
891 3620 1003 3680 aeque
1033 3602 1222 3679 crescunt]

32 3679 251 3772 amicabus
275 3713 391 3771 tenellis
413 3713 573 3771 subterra
597 3719 627 3770 et
648 3728 743 3786 supra
769 3712 916 3784 uirgultis,
944 3729 1023 3784 quoe
1042 3729 1097 3794 uec
1121 3713 1224 3772 eodem

25 3792 212 3902 {empore
237 3835 334 3892 oeque
357 3825 499 3878 crescunt
517 3815 668 3877 locandus
692 3824 723 3877 et
741 3814 847 3876 deinde
872 3814 983 3895 reliqui
1003 3817 1141 3898 editores,
1164 3838 1223 3896 qno

25 3905 55 3948 ¹¹¹
94 3920 273 3986 errorem
297 3923 436 3985 inductus
460 3933 505 3984 est
523 3923 685 4002 Madvigius
709 3925 739 3983 in
759 3922 817 3982 Cio.
838 3922 874 3982 de
894 3923 941 3982 uo.
961 3941 1023 3983 exe.
1044 3923 1083 3983 lll
1102 3944 1129 4002 p.
1150 3922 1224 4005 821,

23 4013 126 4074 ΜΠ
166 4028 248 4094 haec
273 4033 313 4092 ita
337 4029 493 4091 scribenda
517 4033 676 4112 coniceret,
700 4047 844 4092 uenenum
859 4061 900 4072 —
916 4038 946 4089 et
962 4048 1058 4105 supra
1077 4033 1224 4106 uirgultis,

22 4121 96 4166 ΜΟ
145 4142 264 4202 eodem
287 4147 420 4215 tempere
447 4157 543 4213 oeque
571 4146 722 4198 creseunt.
759 4134 949 4196 scribendum
977 4137 1077 4215 potius
1105 4146 1169 4197 erat
1196 4147 1225 4199 et

25 4226 170 4332 ”Pru
198 4250 333 4320 otrqnun
357 4263 416 4306 νον
440 4247 542 4306 eodem
566 4253 698 4321 ternpore
721 4262 817 4318 neque
835 4253 986 4305 creseunt.
1024 4261 1091 4304 nam
1110 4263 1148 4305 ne
1169 4263 1224 4323 pro

35 4336 210 4418 ”mutiet
239 4355 395 4432 negatione
424 4371 440 4413 a
468 4351 599 4413 Varrone
628 4359 804 4431 usurpatum
832 4369 890 4411 non
922 4361 979 4432 est3
1012 4371 1068 4414 nee
1096 4350 1224 4413 Merulae

41 4445 252 4523 ‘iniectum
276 4463 430 4522 inventum
454 4468 527 4521 erat.
