2874 4994
319 338 367 393 DE
386 338 475 394 AGRI
494 338 666 394 GVLTVRA
684 339 825 394 LIBRVM
844 340 872 396 O.
895 337 935 397 10
1153 331 1195 396 33

141 494 299 556 Iniciam
320 499 464 572 poliutum
484 497 505 556 Ι
523 498 620 557 omnia
644 497 812 576 apographa
836 506 866 558 et
888 497 966 557 haud
989 497 1078 559 dubie
1097 498 1196 576 ipsum

49 601 259 682 archetypum.
295 610 395 663 notam
419 605 536 664 numeri
555 602 717 664 Poiiiianus
740 614 770 665 et
788 603 936 665 Victorius
959 607 1132 666 omiserunt.
1166 605 1197 663 in

51 713 118 790 ipso
133 709 297 789 archetypo
311 719 397 772 notae
411 728 613 794 numerorum,
632 730 705 791 quas
719 711 829 794 addidi,
847 714 973 772 omIsaac
988 721 1073 773 erant
1087 720 1198 791 postea,

52 820 257 879 matellionem
279 820 414 879 trititiam
438 836 501 897 sqq.

146 922 315 1003 Urpicem
338 922 351 983 1
374 931 496 1001 grates
519 928 760 1004 stergerarias
783 924 836 986 1111
859 929 998 1006 sirpcas
1022 936 1199 988 stercera-

54 1034 129 1093 rias
144 1030 199 1110 III]
221 1032 352 1108 Irpieem
372 1048 408 1091 cx
423 1029 558 1091 Beroaldi
577 1032 706 1093 editione
721 1032 930 1095 Schneiderus.
960 1033 1038 1095 idem
1052 1033 1200 1094 Meursius

55 1141 228 1201 coniecerat
246 1137 311 1199 ooli
326 1137 409 1200 Varr.
427 1139 464 1199 de
483 1137 553 1219 ling.
571 1138 621 1201 lat.
636 1139 658 1197 V
674 1138 747 1224 136,
765 1139 845 1203 Paul.
864 1159 927 1202 exc.
942 1140 1020 1202 Fest.
1039 1161 1066 1220 p.
1084 1137 1156 1221 105,
1172 1138 1201 1220 6,

56 1247 142 1308 Serv.
167 1249 198 1307 in
221 1245 306 1324 Verg.
330 1263 429 1326 georg.
453 1243 537 1308 195.
563 1279 601 1289 -
627 1252 834 1310 stercorarius
860 1249 928 1309 iude
955 1247 991 1309 ab
1014 1247 1117 1309 Aldina
1141 1248 1201 1308 edi·

60 1358 143 1416 done
167 1361 322 1432 receptum
346 1362 404 1414 cst:
429 1350 515 1435 11,4
537 1361 640 1415 crates
663 1359 869 1417 stercorarius
889 1356 949 1435 ΙΙΙ,
971 1359 1105 1433 sirpeam
1127 1364 1202 1417 ster·

55 1464 217 1523 corariam
239 1461 263 1520 Ι.
310 1459 412 1520 eadem
436 1459 634 1541 discrepantia
657 1464 757 1523 estin
781 1461 879 1540 1111,
903 1458 987 1543 50,1
1009 1470 1105 1540 prato
1127 1470 1203 1523 ster-

55 1575 175 1648 cerato,
196 1564 269 1647 161,
284 1563 304 1628 3
323 1570 454 1643 sabrate
473 1576 502 1629 et
519 1576 688 1631 stercerato
703 1578 734 1630 et
747 1567 843 1632 serito
859 1579 888 1631 et
900 1577 1079 1646 stercorato,
1100 1565 1203 1652 151,2

56 1694 128 1737 eam
160 1680 260 1737 iocum
286 1682 470 1750 stercorato,
503 1672 538 1756 8,
564 1673 580 1737 1
610 1680 641 1737 ia
668 1681 734 1739 loco
764 1681 918 1738 crassiore
945 1685 1000 1739 aut
1025 1685 1204 1749 stercorata,

59 1781 115 1844 36.
140 1779 193 1862 37,
216 1779 237 1844 2
260 1801 340 1858 quae
361 1790 492 1857 seaeteru
514 1790 691 1845 stercoreat.
734 1783 871 1846 similiter
895 1781 973 1867 146,
992 1781 1012 1845 2
1036 1792 1066 1845 et
1091 1781 1205 1868 149‚2

53 1893 193 1966 piaueri,
218 1885 326 1970 146,3
349 1897 380 1949 et
405 1885 512 1971 150,2
533 1894 665 1966 pr'paori.

151 1995 303 2058 Ferreas
318 1993 396 2074 vill]
414 1999 534 2058 Furcas
549 1996 673 2073 ferreas
691 2006 759 2060 octo
777 1998 937 2074 Iucundos,
957 1999 1035 2078 quod
1055 1999 1206 2060 Gesnarus

59 2112 90 2165 et
120 2094 322 2165 Schneiderus
354 2104 564 2184 probaverunt.
615 2101 756 2167 ‘Ferress
784 2104 861 2167 Vlil:
893 2105 925 2166 ln
958 2124 1047 2167 manu
1078 2109 1207 2188 scriptis,

63 2210 146 2291 quod
170 2219 234 2272 erat
258 2213 288 2272 in
312 2213 429 2273 excusis
452 2211 501 2273 hic
524 2211 637 2273 Furcas
660 2230 720 2273 non
743 2213 864 2293 iegitur,
887 2221 921 2274 ut
943 2213 1020 2292 apud
1045 2212 1206 2275 Varronem

61 2320 164 2399 edam,
183 2321 349 2398 quitatum
370 2319 449 2380 hunc
468 2319 567 2380 Iocum
584 2318 703 2381 Catonis
722 2321 837 2382 recitat.
873 2338 965 2400 quare
984 2321 1014 2381 id
1033 2315 1207 2382 delevimus'

61 2425 223 2488 Victorius.
269 2425 350 2487 Varr.
374 2446 397 2486 r.
423 2424 603 2508 r.122,3
630 2431 676 2489 sic
704 2431 742 2489 de
765 2427 965 2504 ferramentis
992 2446 1071 2504 qaae
1095 2432 1157 2490 siat
1179 2436 1208 2488 et

62 2552 127 2607 qaa
150 2551 224 2610 opas
246 2537 450 2607 multitudine,
473 2542 507 2594 ut
525 2534 651 2610 ferreas
673 2543 754 2617 acto,
776 2540 902 2598 sarcula
925 2538 1060 2612 totidem,
1084 2540 1208 2598 dimidio

63 2642 167 2700 minas
181 2643 279 2717 paics,
299 2643 367 2701 item
382 2644 454 2702 alia.
487 2640 597 2716 ferrea
615 2642 652 2702 de
668 2660 776 2722 genera
796 2642 923 2723 quodam
941 2652 1106 2705 castrorum
1125 2662 1208 2722 prac-

64 2756 148 2808 terea
172 2746 282 2808 dicitur
303 2745 388 2827 11,4
408 2746 532 2822 ferreas
551 2749 586 2808 X
601 2756 632 2809 ct
656 2745 762 2829 155‚1
789 2767 857 2811 cum
876 2749 992 2826 ferreis
1009 2755 1208 2826 saeculisque.

157 2853 281 2916 Falces
304 2855 471 2916 ienarIas.
508 2854 542 2916 N.
561 2848 614 2939 111]
633 2858 740 2918 Faiees
755 2856 916 2932 soeuarias
934 2865 997 2919 tres
1016 2858 1093 2919 adita
1112 2876 1208 2918 exenn-

64 2961 160 3040 piaria
182 2962 251 3022 inde
274 2980 290 3022 a
310 2963 444 3041 principe
464 2961 600 3024 editione.
644 2963 715 3043 quid
738 2961 796 3024 sibi
814 2963 885 3024 velit
903 2966 934 3024 Ν
949 2963 1056 3045 littera,
1080 2983 1154 3044 quae
1178 2967 1209 3024 in

64 3067 227 3149 archetypo
246 3069 311 3150 fuit,
330 3088 388 3131 non
408 3078 532 3131 constat.
565 3088 633 3131 nam
651 3069 731 3149 qnod
750 3072 781 3131 in
800 3070 901 3132 codice
916 3070 1047 3132 Medicas
1067 3090 1095 3132 m
1115 3074 1210 3151 scrip-

65 3185 131 3236 tum
151 3183 197 3236 est
217 3175 315 3252 falces
336 3175 477 3252 senarias
502 3178 584 3238 VIII
598 3180 788 3239 coniecturae
807 3177 921 3239 librarii
941 3178 1131 3240 tribuendum
1155 3189 1210 3241 est.

157 3280 179 3343 4
197 3282 430 3363 Lupinarium
445 3282 472 3362 l]
487 3285 622 3346 Iahram
641 3288 828 3364 lupinariam
842 3303 935 3347 unam
950 3295 1031 3347 recte
1045 3286 1210 3347 iucundus:

66 3407 137 3451 nam
159 3390 201 3450 ita
224 3390 368 3470 scriptum
392 3399 438 3452 est
462 3388 512 3473 11,
527 3388 556 3454 3.

159 3495 337 3577 Opercula
364 3496 472 3559 doiiis
495 3499 605 3559 seriis
628 3494 745 3580 priua]
770 3500 865 3559 Priua
884 3503 978 3576 plara
1001 3500 1079 3561 edita
1103 3500 1171 3561 inde
1195 3519 1210 3560 a

66 3605 205 3683 principe
229 3603 358 3665 aditione
381 3604 568 3684 exemplaria.
607 3609 710 3682 plura,
733 3606 811 3685 quod
836 3608 866 3666 in
890 3605 1043 3668 codicibus
1066 3608 1210 3685 scriptum

66 3729 128 3772 non
152 3719 212 3795 est,
236 3710 393 3773 delendum
417 3730 483 3772 esse
507 3721 663 3774 monuerat
685 3712 843 3775 Meursiua.

159 3813 180 3879 5
208 3817 326 3880 Telam
360 3818 509 3898 iogaiem
537 3818 563 3898 I]
597 3819 736 3896 Topalem
769 3839 847 3882 unus
879 3821 971 3883 codex
1004 3820 1154 3882 Mediceus
1182 3840 1211 3882 m

66 3924 172 4006 11111,
206 3929 333 4002 tapetem
365 3925 474 4006 reliqui
504 3944 621 4008 omnes,
653 3935 683 3987 et
714 3927 772 3988 hoc
799 3926 947 3989 Victorius
980 3935 1121 4009 testatur,
1154 3947 1213 3990 non

67 4037 199 4109 toaaiem
218 4028 334 4094 ‘Telam
356 4032 481 4119 ingaienr
505 4052 607 4097 sinam:
631 4033 679 4096 Sic
699 4037 729 4097 in
749 4038 865 4098 cunctis
883 4032 972 4096 nianu
992 4036 1121 4116 scriptis,
1145 4054 1213 4096 cum

68 4143 99 4202 in
119 4142 239 4202 excusis
253 4135 378 4201 Tcdam'
394 4158 458 4220 sqq.
485 4145 596 4203 taetam
610 4146 716 4217 repate
728 4161 822 4205 anam
836 4141 957 4224 Merula,
971 4145 1071 4204 tedam
1086 4146 1213 4218 ioqalem

68 4265 163 4309 auam
190 4245 349 4317 Iucundos.
403 4250 493 4309 telam
522 4253 650 4324 topaiera
678 4251 786 4329 scripsi
813 4257 843 4309 et
871 4246 922 4329 14,
945 4245 966 4310 2
995 4253 1069 4311 teias
1097 4254 1214 4326 tepolis.

70 4353 149 4435 quod
178 4354 205 4415 si
233 4371 336 4415 verum
365 4364 423 4436 est,
451 4355 593 4417 dicuntur
620 4355 695 4418 telae
721 4356 757 4416 ad
782 4365 864 4435 togas
888 4355 1030 4417 texendas
1053 4359 1214 4419 institutae.

70 4462 128 4525 teia
152 4461 256 4540 iogaiis
280 4461 352 4541 quid
370 4471 464 4544 esset,
487 4463 597 4525 frustra
616 4465 798 4543 interpretes
816 4462 963 4545 explicare
983 4464 1170 4526 studuerunt

127 4572 185 4614 (iss.
200 4583 231 4614 nn
245 4583 305 4613 sons
320 4582 388 4614 arar.
416 4574 448 4615 11.
989 4573 1006 4620 3
