2874 4994
145 311 189 375 64
490 319 680 375 ΟΟΜΜΕΝΤ.
699 320 741 376 IN
757 318 946 376 VARRONIS

146 481 329 552 pratorum
366 491 473 535 causa
504 473 637 536 babent
668 482 817 556 propter
848 470 1011 552 stercus]
1052 475 1166 536 Carent
1191 474 1247 536 editio

146 581 286 659 princeps
310 598 326 639 a
348 578 492 641 Politiano
516 599 575 641 non
599 591 736 642 correcta
760 589 791 642 et
813 581 907 642 codex
927 581 1085 663 Caesones,
1107 579 1158 641 scd
1173 598 1246 643 cura

147 685 261 766 reliqua
284 685 459 767 apographa.
497 691 528 748 ta
554 706 737 751 annumero
765 707 825 750 noa
855 691 943 751 modo
971 692 1026 765 qai
1047 694 1143 766 prata
1167 689 1247 750 bobert

145 798 180 853 at
197 796 300 870 potius
323 811 396 855 oues
418 811 509 870 qaam
531 813 601 856 sues
622 797 765 871 habeant,
788 803 906 871 eareat,
929 798 985 857 sed
1009 798 1102 857 etiam
1122 797 1175 871 aaa·
1190 803 1247 872 prati

146 917 207 960 non
230 901 351 981 babent,
370 904 443 976 qaia
465 919 526 962 aaa
548 905 644 963 satam
661 909 827 980 pratomm
850 920 947 964 caasa
965 903 1084 964 babere
1102 903 1247 982 debeata

76 1082 79 1087 Ι
146 1009 238 1068 etiam
248 1015 377 1084 propter
390 1015 509 1092 stercus
524 1005 684 1070 lcicundus.
720 1011 751 1070 in
770 1008 818 1070 bis
836 1027 956 1088 quoque
970 1007 1114 1088 Angelius
1127 1009 1158 1069 iu
1170 1005 1247 1068 lunbu

147 1113 276 1174 editione
300 1116 480 1195 scripturam
505 1115 657 1196 archetypi
681 1118 862 1177 restituerat
898 1117 929 1176 in
954 1113 1080 1176 Victorii
1107 1122 1199 1176 umen
1214 1113 1247 1175 edi

147 1223 243 1303 bone,
271 1239 359 1301 quam
387 1221 494 1282 deinde
523 1222 632 1302 reliqui
658 1230 885 1303 expresserunt,
912 1229 1033 1302 praeter
1056 1240 1150 1283 unum
1169 1239 1247 1283 maen

147 1347 203 1408 pro
226 1347 285 1408 quo
309 1336 423 1390 earaat
440 1328 530 1411 dedit,
554 1329 675 1390 Aldinae
698 1329 838 1391 editionis
860 1327 949 1390 lectio
972 1330 1101 1408 repetita
1120 1335 1174 1410 est,
1192 1329 1247 1389 uu

147 1435 267 1515 quidem
289 1438 355 1516 ipso
379 1436 503 1517 editore,
527 1437 606 1497 sicut
628 1442 752 1515 apparet
774 1453 811 1495 ex
834 1436 871 1495 iis
895 1435 1021 1514 quaein
1042 1431 1247 1515 explicabantur

146 1541 181 1602 ad
200 1542 280 1603 bunc
300 1541 398 1604 locum
417 1542 575 1624 adnotavit,
595 1561 671 1623 quae
690 1540 866 1621 adscribam,
885 1535 1069 1619 ‘Lectionem
1089 1558 1154 1601 eam
1169 1541 1246 1600 reboo

148 1666 235 1729 quam
263 1648 366 1710 lormis
393 1648 463 1710 olim
492 1652 522 1710 in
550 1648 605 1709 bac
632 1643 707 1710 urbe
732 1650 837 1709 excusi
869 1647 938 1708 libri
970 1647 1128 1709 babebant
1166 1645 1247 1708 cando

149 1759 227 1815 enim
251 1757 282 1817 in
306 1774 395 1817 manu
419 1757 539 1835 scriptis
562 1756 662 1816 iuveni
688 1763 718 1816 ct
741 1757 772 1815 in
795 1761 967 1833 pervetusto
996 1757 1028 1815 in
1055 1756 1174 1836 primis,
1197 1754 1247 1814 cuo

147 1865 272 1923 maxime
292 1865 497 1923 auctoritatem
517 1880 637 1942 sequor.
683 1880 738 1922 nec
757 1879 804 1922 me
824 1860 895 1923 latet
910 1859 1042 1922 Venetus
1061 1879 1186 1923 excusos
1201 1859 1247 1921 rell

145 1967 182 2028 ab
205 1967 261 2029 bac
284 1968 452 2030 dissentire.
488 1971 595 2048 opinor
618 1976 726 2050 autem,
750 1986 818 2029 crim
841 1967 925 2028 locus
947 1967 1096 2030 obscurus
1116 1970 1156 2029 sit
1176 1976 1203 2029 et
1221 1966 1247 2027 iu

147 2084 225 2136 tasse
249 2075 437 2156 decurtatus,
469 2075 596 2155 aliquem
631 2078 682 2155 qui
712 2077 863 2156 corrigere
890 2073 998 2156 voluit,
1029 2082 1065 2136 ut
1096 2075 1139 2137 illi
1171 2075 1247 2136 codic

145 2182 265 2264 babent,
290 2203 326 2244 cx
349 2185 469 2262 ingenio
497 2184 674 2243 restituisse.
720 2200 788 2243 cum
818 2181 907 2243 multa
932 2189 1032 2243 autem
1056 2181 1117 2243 illic
1140 2191 1171 2243 et
1191 2181 1246 2243 addi

147 2298 178 2350 ct
200 2291 354 2351 immutata
378 2293 446 2373 siut,
469 2299 529 2351 mm
550 2289 644 2351 libere
667 2291 738 2351 mibi
763 2309 780 2350 a
800 2292 907 2370 priscis
926 2291 1059 2369 vestigiis
1078 2289 1246 2352 discedendo

146 2415 205 2457 non
230 2394 355 2477 putasi’.
392 2400 422 2457 in
445 2415 554 2478 pecore
581 2396 717 2457 babendo
741 2415 800 2457 non
824 2396 911 2458 modo
940 2399 961 2459 ii
983 2400 1037 2477 qui
1059 2406 1148 2479 prata
1170 2397 1247 2461 babes

145 2503 197 2564 sed
226 2506 314 2565 etiam
342 2506 393 2584 qui
421 2523 480 2565 non
508 2503 605 2564 solum
631 2512 785 2583 pratorum
814 2522 915 2587 causa,
943 2504 994 2565 sed
1023 2513 1151 2585 propter
1172 2514 1247 2567 stem

145 2628 237 2689 pecus
260 2610 380 2690 babent,
404 2619 511 2672 curant
533 2619 567 2672 ut
589 2612 690 2690 potius
713 2629 782 2671 oves
807 2629 894 2691 quam
918 2629 987 2672 sues
1009 2611 1149 2675 habeant

233 2713 256 2776 4
290 2716 335 2777 lle
360 2717 510 2778 canibus
529 2736 616 2779 uero
636 2718 763 2797 utique
787 2717 879 2797 quod
899 2717 985 2779 uilla
1005 2719 1083 2780 sine
1102 2722 1149 2782 lis
1167 2738 1244 2801 paru

145 2822 239 2902 tuta]
268 2824 300 2884 ln
324 2825 479 2904 impressis
507 2824 727 2904 exemplaribus
755 2824 823 2885 inde
851 2843 868 2885 a
895 2827 1030 2905 principe
1059 2827 1188 2888 editione
1213 2826 1247 2886 bo

146 2932 255 2991 omissa
274 2939 368 2993 crant,
404 2933 434 2992 in
458 2948 546 2992 mauu
567 2933 687 3010 scriptis
707 2940 806 2992 autem
831 2929 915 2992 libris
937 2935 1043 3008 atique
1066 2935 1247 3015 scriptume

145 3056 204 3099 non
227 3041 310 3114 utile,
333 3038 412 3117 quod
436 3036 598 3099 Politianus
623 3039 751 3117 scripsit.
789 3056 880 3117 quare
904 3037 1027 3101 dubium
1052 3059 1112 3102 nou
1137 3049 1191 3124 cst,
1211 3058 1247 3120 qu

144 3147 230 3220 utile,
259 3144 338 3224 quod
367 3163 463 3224 nuper
491 3143 683 3205 Zablleldtius
711 3152 825 3223 quaest.
849 3147 915 3206 crit.
937 3148 969 3206 in
987 3144 1111 3209 Varron.
1136 3167 1194 3210 rer,
1210 3166 1247 3208 rm

147 3250 213 3313 libr.
227 3270 255 3331 p.
270 3250 313 3314 22
328 3252 469 3334 defendit,
483 3260 534 3313 aut
549 3254 644 3311 errori
664 3249 801 3312 Politiani
815 3260 866 3312 aut
885 3255 1074 3315 coniecturae
1095 3254 1246 3317 tribuendo

144 3360 190 3419 sit.
229 3359 362 3439 exempla
381 3357 543 3439 particulae
563 3362 668 3433 utique
680 3366 748 3438 post
762 3357 982 3421 Lachmannum
998 3359 1247 3443 relucescunt

144 3484 179 3526 ex
206 3465 255 3526 bis
283 3464 367 3526 libris
384 3467 562 3546 ,composuit
590 3463 728 3526 Reiterus
756 3475 869 3545 quaest
893 3466 1015 3529 Varron.
1039 3487 1070 3549 p.
1094 3466 1129 3551 l,
1159 3466 1236 3550 114,

144 3579 206 3632 tam
229 3575 334 3647 atique
355 3575 417 3632 sint
434 3574 604 3633 cerambus
623 3575 737 3654 amplas,
760 3570 792 3655 4,
806 3571 846 3634 21
867 3577 973 3650 utique
989 3593 1029 3636 ne
1046 3579 1179 3638 minores
1195 3593 1247 3652 aaa

143 3685 309 3759 semestres,
334 3675 444 3761 10,11
470 3681 575 3754 atique
596 3687 725 3754 uterque
747 3681 855 3741 borum
877 3687 912 3742 at
933 3698 1036 3743 secam
1058 3683 1173 3744 babeat
1193 3700 1247 3759 aaut

144 3786 272 3844 domitas
290 3787 436 3865 stapulas,
460 3784 500 3844 lll
520 3783 584 3866 l,6
609 3788 693 3862 ipsae
715 3789 794 3847 enim
813 3794 942 3864 propter
960 3791 1061 3866 pullos
1079 3808 1156 3866 qaas
1176 3791 1247 3851 liobe

142 3894 248 3967 atique
270 3895 408 3973 redeant,
431 3889 518 3972 9,15
542 3910 611 3954 cam
634 3900 750 3954 aestate
773 3898 835 3954 tam
857 3896 962 3969 atique
983 3913 1054 3957 cam
1071 3904 1247 3975 tempestast

142 4003 246 4076 mollis,
272 3998 356 4082 12,t
382 4003 443 4062 aaa
466 4003 586 4076 quidem
609 4003 715 4075 atique
737 4008 767 4062 te
793 4002 909 4062 babere
926 4009 1010 4079 pato.
1048 4004 1174 4065 eandem
1194 4011 1247 4084 part

142 4105 238 4167 culam
258 4109 376 4168 restitui
395 4104 421 4166 ll
439 4103 469 4189 4,
484 4104 527 4167 22
544 4125 604 4167 noa
624 4110 728 4182 otiante
746 4115 819 4183 quot
836 4126 941 4170 verres
958 4110 1086 4171 babeat:
1110 4107 1239 4192 atillo,

142 4215 261 4290 propria
290 4221 388 4273 autem
417 4212 578 4293 particulae
608 4215 665 4294 vis,
697 4222 730 4275 ut
757 4213 829 4275 illud
857 4214 937 4295 quod
965 4223 1083 4278 certum
1117 4225 1148 4280 et
1178 4224 1247 4279 natu

142 4335 243 4378 rerum
262 4320 469 4382 confirmatum
487 4319 534 4380 vel
548 4320 585 4380 ab
599 4320 736 4381 omnibus
751 4340 926 4383 concessum
946 4331 993 4385 est
1010 4325 1167 4408 significet,
1184 4326 1247 4404 sina

143 4422 198 4485 lari
221 4425 346 4504 quadam
370 4424 514 4489 brevitate
538 4427 656 4489 dicendi
678 4427 734 4489 boc
757 4428 822 4490 loco
848 4428 1007 4492 obscurata
1030 4441 1086 4494 est.
1126 4450 1190 4495 uam
1209 4448 1247 4512 pu
