2874 4994
224 111 268 175 34
565 120 756 175 GOMMENT.
774 121 816 176 IN
833 119 1021 176 VARRONIS

224 273 280 334 hoo
308 282 429 355 recepto
457 274 563 336 deinde
596 275 715 352 biferae
746 283 792 352 ut,
824 295 900 356 quae
931 295 967 337 ex
1000 271 1208 356 superioribus
1238 275 1357 354 repetita

224 391 318 463 erant,
340 381 444 443 delevi
1199 458 1205 466 ¹

314 486 332 550 7
366 488 649 551 llisoriminatim
673 498 711 552 ut
738 490 806 552 alia
829 493 865 552 in
892 489 1060 569 lacubus]
1090 490 1132 551 Et
1157 492 1223 551 alt'a
1245 485 1359 568 llorulr,

224 603 258 656 ut
275 599 339 656 alia
357 595 509 658 lucundus
528 600 707 659 restituerat
744 598 840 660 delevi
858 607 900 680 at,
918 597 998 678 quod
1016 593 1269 677 exsequentibus
1286 591 1360 654 addi·

224 709 287 763 tum
310 711 382 765 erat.

313 809 389 871 Alia
408 812 443 871 in
463 813 550 871 mari
568 819 607 873 ut
620 812 753 874 scribit
772 811 1031 892 theophrastus
1050 810 1184 892 palmas
1202 818 1239 870 et
1257 806 1364 888 squil-

225 915 310 995 lam]
335 918 467 993 Squillus
491 936 526 978 ex
546 921 678 998 principe
698 919 826 980 editione
845 928 999 999 receptum
1018 927 1073 1000 est,
1096 919 1191 979 etsie
1210 915 1364 996 scripsisse

226 1024 343 1085 videtur
367 1023 471 1106 Varro,
498 1027 550 1104 qui
573 1024 717 1106 pluralem
741 1045 899 1088 numerum
920 1029 1022 1106 posuit
1043 1043 1099 1106 pro
1122 1023 1283 1106 singulari,
1309 1040 1365 1103 qno

225 1129 448 1210 Theophrastus
476 1132 544 1194 hist.
563 1132 652 1213 plant.
672 1133 685 1193 l
702 1131 725 1195 4
743 1127 808 1217 (7),
831 1133 851 1197 3
882 1152 957 1196 usus
984 1142 1064 1215 erat,
1090 1125 1131 1195 τὰ
1160 1124 1201 1195 δὲ
1221 1125 1280 1194 sal
1301 1127 1367 1192 τῶν

225 1227 505 1319 ὁμολογουμένων
522 1239 686 1320 χερσαίων
700 1233 870 1322 πεφυκότα
884 1233 963 1303 ποτὲ
977 1235 1014 1303 ἐν
1027 1237 1067 1324 τῇ
1085 1235 1238 1322 θαλάττῃ
1256 1237 1368 1321 βιοῦν,

225 1343 362 1424 φοίνικα
386 1345 523 1408 σκίλλαν
546 1337 738 1427 ἀνθέρικον.

315 1451 334 1515 8
367 1453 406 1513 ln
428 1452 540 1514 Gallia
569 1454 810 1534 transalpina]
839 1454 904 1526 Quo
933 1463 1066 1534 tempore
1091 1452 1196 1515 Scrofa
1223 1455 1256 1515 iu
1279 1451 1384 1515 Gallia

226 1578 295 1621 curn
320 1562 444 1640 imperio
469 1561 567 1641 luerit,
598 1564 757 1623 memoriae
785 1562 934 1643 proditum
962 1579 1022 1622 uon
1051 1570 1106 1623 est
1141 1569 1211 1622 ante
1235 1559 1389 1623 maana

227 1666 412 1729 consulatum
436 1686 504 1729 eum
527 1686 581 1747 pro
606 1678 741 1748 praetore
770 1663 811 1751 (ll
828 1667 859 1750 4,
878 1663 915 1752 2)
940 1671 1120 1749 provinciam
1144 1666 1394 1732 Narbonensem

226 1773 450 1835 administrasse
473 1776 600 1836 coniecit
613 1773 759 1837 Ricardus
772 1774 972 1838 Reitzenstein
992 1775 1028 1837 de
1048 1777 1151 1855 script
1170 1776 1217 1836 rei
1240 1776 1396 1838 rusticae

227 1879 311 1942 libris
334 1880 497 1960 deperditis
520 1881 651 1943 Beroliui
674 1901 698 1944 a.
720 1880 806 1946 1884
827 1901 856 1962 p.
878 1882 928 1945 13.

316 1984 336 2049 9
370 1987 551 2049 Gradatim
579 2007 807 2070 praeponens
839 1989 945 2051 alium
973 1990 1043 2050 alio
1069 2006 1155 2069 agro
1183 1988 1394 2054 meliorem

228 2095 318 2156 dicit
341 2093 439 2180 esse]
461 2097 635 2173 Propoaeas
654 2096 780 2158 Ursinus
799 2093 998 2178 coll.118,4
1017 2099 1137 2158 modam
1156 2115 1256 2173 aeqae
1277 2113 1394 2158 auam

227 2221 325 2278 aeque
342 2205 492 2264 modicam
503 2208 670 2281 proposuit.
703 2206 792 2265 immo
805 2206 963 2281 qradatim
977 2221 1173 2281 praeponens
1191 2221 1253 2265 non
1272 2201 1391 2264 addito

227 2312 360 2388 nomine,
388 2311 466 2370 sicut
492 2311 585 2371 multa
613 2310 702 2372 verba
731 2310 821 2371 Varro
852 2313 1021 2392 usurpavit,
1049 2309 1248 2394 dictumest,
1275 2317 1309 2372 ut
1330 2312 1389 2372 sit

227 2411 353 2496 ‘gradus
370 2418 577 2499 praeponendi
601 2414 737 2480 laciens’.

319 2520 361 2584 10
393 2522 473 2585 Scio
497 2526 616 2604 iuquit
639 2523 802 2586 scribere
826 2523 942 2603 illum]
972 2526 1022 2587 lta
1047 2526 1189 2587 seribere
1211 2526 1296 2586 illam
1315 2519 1364 2583 Ur·

228 2632 320 2711 sinus,
344 2630 421 2709 quod
446 2630 581 2711 probavit
605 2631 814 2694 Schneiderus.

318 2734 361 2797 Ut
384 2755 447 2816 ego
477 2755 657 2817 equoque
681 2740 822 2817 antiqui
849 2747 951 2817 prata
977 2747 1102 2817 parata
1125 2729 1355 2817 appellarunt]

233 2845 270 2906 Ut
296 2863 352 2920 eqo
379 2847 501 2920 antiqui
526 2863 645 2921 qaoque
672 2845 764 2906 codex
793 2844 952 2926 Caesones,
977 2851 1013 2905 ut
1039 2860 1101 2920 eqo
1123 2862 1144 2905 a
1166 2862 1228 2921 qao
1254 2845 1356 2918 antiqtt'

227 2950 354 3032 llerula,
381 2952 460 3031 quod
489 2955 616 3014 restitui.
649 2960 684 3014 ut
706 2969 761 3028 eqo
784 2971 909 3029 qaoque,
934 2971 954 3013 a
977 2969 1036 3028 qao
1059 2954 1181 3026 antiqui
1208 2970 1244 3012 cx
1266 2949 1352 3011 Aldus

229 3059 358 3120 editione
387 3059 535 3139 vulgatum
559 3068 631 3120 erat
675 3057 755 3120 Varr.
778 3058 815 3119 de
838 3059 907 3138 ling.
926 3057 973 3119 lat
994 3057 1017 3116 V
1036 3055 1080 3119 40
1099 3065 1197 3135 prata
1225 3061 1306 3120 dieta
1324 3057 1352 3116 al

228 3183 272 3246 ee,
291 3169 374 3241 quoa
389 3170 455 3228 siae
473 3185 565 3244 opere
579 3173 704 3244 parata.
740 3165 852 3226 Colum.
866 3165 892 3225 ll
909 3162 992 3247 16,1
1013 3167 1209 3227 necessarias
1227 3169 1258 3227 ei
1272 3167 1353 3227 cadas

228 3279 275 3332 est
301 3276 392 3334 etiam
416 3277 517 3353 prati,
550 3277 603 3334 cai
631 3280 747 3335 ueteres
775 3273 908 3334 Romani
935 3276 1053 3349 primas
1085 3274 1117 3333 ia
1149 3273 1353 3347 aqrieolatt'oae

228 3380 412 3439 tribuerant.
448 3397 555 3455 rtomea
579 3397 697 3455 quoque
720 3382 898 3441 indiderant
916 3381 955 3441 alr
974 3398 1018 3462 eo,
1037 3381 1120 3456 qaod
1132 3382 1277 3457 pretim
1293 3380 1352 3439 esset

225 3493 372 3562 paratam
395 3504 451 3548 nee
474 3504 617 3562 maenum
640 3488 773 3548 laborem
796 3489 996 3548 desideraret.

319 3591 448 3653 Cacsar
471 3594 641 3673 uopiseus
665 3592 856 3655 aedilicius
880 3611 1021 3655 eausam
1040 3610 1118 3653 cum
1137 3600 1264 3673 ageret
1280 3585 1350 3671 apud

230 3698 422 3777 censores]
448 3699 478 3761 C.
492 3698 609 3760 “lulium
633 3699 787 3760 Caesarem
813 3699 998 3780 Strabonem,
1027 3702 1078 3779 qui
1102 3697 1251 3779 Vopiscus
1272 3693 1350 3779 appel·

230 3806 307 3867 latus
335 3814 394 3887 est,
422 3805 546 3867 aedilem
570 3805 705 3866 curulem
734 3807 825 3867 luisse
853 3825 877 3868 a.
902 3803 980 3886 664,
1010 3809 1144 3868 occisum
1172 3824 1239 3867 esse
1261 3823 1285 3868 a.
1301 3795 1350 3864 667

230 3915 353 3987 scimus,
382 3912 441 3972 Cic.
461 3912 544 3973 Brut
565 3908 619 3991 89,
638 3908 703 3972 305
727 3921 757 3972 et
780 3909 854 3974 307.
886 3931 962 3973 anno
988 3910 1053 3974 665
1081 3931 1223 3974 censores
1250 3912 1370 3973 tuerat-

229 4018 261 4080 P.
287 4017 418 4079 Licinius
447 4018 572 4080 Crassus
599 4028 629 4079 et
656 4019 687 4080 L.
711 4017 803 4079 lulius
827 4018 948 4102 Caesar,
975 4019 1049 4082 Plin.
1072 4019 1141 4080 Xlll
1159 4017 1213 4082 24.
1237 4006 1360 4079 xtvtt.

230 4124 287 4183 hoc
310 4141 387 4183 auno
411 4126 502 4203 igitur
526 4124 681 4186 Caesarem
704 4123 876 4206 Vopiscum,
899 4137 962 4188 tum
986 4145 1054 4188 cum
1078 4126 1228 4189 aedilitate
1251 4126 1359 4188 turea

231 4237 303 4309 erat,
327 4245 444 4290 causam
468 4230 546 4310 apud
571 4247 712 4291 censores
735 4233 831 4310 egisse
854 4229 946 4292 Varro
970 4231 1090 4295 indicat
