2874 4994
227 315 270 379 38
585 320 775 377 COMMENT.
794 322 834 376 IN
854 320 1011 376 CATONIS

231 478 418 540 Corcubulos
439 475 603 538 Politianus
626 485 656 538 et
678 476 859 558 apographa,
883 486 913 539 et
935 476 992 538 hoc
1015 475 1108 538 voluit
1130 475 1293 560 Victorius,
1318 478 1373 556 qui

227 585 299 646 haec
331 584 481 645 adnotavit
511 578 670 645 ‘Corbulas
702 586 860 647 amerinae:
892 585 925 647 ln
958 583 1109 646 veteribus
1136 583 1221 645 libris
1249 582 1373 645 Catonis

227 689 383 774 Corbulas,
410 693 441 751 ln
465 688 605 751 Varronis
632 698 745 772 autem,
773 693 824 770 qui
849 691 926 753 hanc
948 700 1064 771 partem
1087 692 1192 753 recitat
1215 686 1371 773 [1226]

227 797 421 859 Corbubulae.
467 807 623 877 peccatum
651 798 707 859 boc
731 798 822 859 luisse
846 797 960 860 librarii
983 799 1161 879 existimavi,
1188 805 1279 877 atque
1301 796 1372 859 ldeo

228 914 377 984 receptam
401 905 559 966 lectionem
582 906 706 967 retinui:
730 923 798 966 nam
821 925 836 967 a
861 905 957 968 Garbe
980 905 1138 967 Corbulam
1159 900 1373 988 ὑποκοριστι-

226 1019 292 1086 κῶς
324 1013 390 1073 fleri
422 1012 531 1073 indicio
565 1013 652 1072 etiam
685 1022 819 1075 veterum
849 1015 1109 1093 grammaticorum
1138 1030 1172 1074 ac
1199 1012 1373 1074 testimonio

227 1120 264 1180 M.
284 1118 424 1180 Varronis
447 1118 567 1200 planum
592 1127 650 1182 est:
673 1122 759 1180 cuius
779 1120 875 1182 locum
895 1140 911 1181 e
930 1123 1026 1199 primo
1045 1118 1122 1182 libro
1141 1119 1177 1182 de
1196 1119 1239 1181 lle
1258 1121 1374 1181 rustica

227 1227 392 1306 adducunt,
421 1227 472 1306 qui
499 1226 747 1306 quemadmodum
776 1227 818 1288 illi
845 1226 960 1308 legunt,
989 1229 1020 1288 in
1048 1228 1256 1307 antiquissimo
1281 1228 1373 1288 ctiam

228 1335 329 1396 codice
357 1335 488 1414 scriptus
515 1343 569 1395 est.
615 1333 687 1395 Cato
715 1336 799 1415 item,
827 1334 879 1395 ubi
907 1335 1000 1396 refert
1029 1353 1103 1414 quae
1131 1334 1165 1395 ad
1192 1333 1374 1395 vindemiam

228 1460 303 1522 opus
327 1449 397 1502 sunt
421 1438 486 1522 [23,
509 1440 548 1519 1],
573 1442 679 1522 inquit,
703 1440 847 1502 Corbulae
871 1444 1051 1503 sarciantur:
1075 1444 1125 1521 qui
1144 1441 1228 1503 locus
1246 1441 1278 1502 in
1297 1442 1373 1501 anti·

228 1551 304 1630 quis,
323 1558 356 1610 ut
376 1550 407 1609 in
427 1548 530 1609 lormis
545 1552 672 1632 excusis,
691 1550 822 1629 scriptus
837 1543 907 1611 est'.
940 1549 1048 1611 deinde
1062 1552 1155 1625 qualo
1168 1550 1290 1610 sutoria
1304 1548 1373 1628 VII,

228 1660 328 1718 alueos
351 1656 408 1716 XL
432 1673 468 1716 ex
490 1655 596 1717 Aldina
620 1656 749 1717 editione
773 1665 926 1738 receptum
951 1665 1028 1718 erat:
1054 1659 1172 1718 sutorio
1195 1672 1232 1716 ox
1256 1655 1374 1715 coniec-

229 1773 294 1824 tura
313 1763 441 1843 Popmae
460 1762 542 1823 dedit
561 1762 772 1824 Schneiderus.
805 1763 944 1825 corbulae
964 1773 994 1824 et
1008 1762 1094 1843 quala
1113 1764 1144 1823 in
1163 1763 1374 1823 instrumentis

231 1870 396 1931 vindemiae
421 1878 450 1930 et
473 1868 601 1931 oleitatis
624 1868 812 1950 appellantur
834 1889 859 1931 c.
879 1867 932 1933 68.

317 1978 376 2037 XII
404 1974 618 2038 Constibilis
646 1977 798 2057 ligneas]
827 1979 997 2052 Confibulos
1020 1981 1138 2054 liquem
1162 1977 1240 2039 edita
1263 1976 1375 2039 indea

228 2085 363 2164 principe
396 2083 527 2146 editione
560 2084 746 2165 exemplaria.
798 2083 875 2165 quod
906 2103 1000 2164 genus
1028 2086 1220 2146 instrumenti
1246 2084 1375 2166 dicatur,

229 2209 287 2251 ιιοιι
312 2198 435 2252 constat.

317 2301 391 2360 XIII
416 2297 433 2360 1
463 2298 571 2361 Molas
599 2298 756 2362 cribrum
780 2301 792 2361 l
821 2297 1085 2360 incernicnlum
1108 2298 1135 2376 l]
1162 2300 1262 2360 Molos
1286 2317 1375 2373 unm,

229 2410 366 2469 cribrum
390 2425 491 2483 aunum,
515 2411 736 2470 discerniculum
757 2426 850 2469 unum
869 2407 946 2467 edita
966 2405 1035 2466 inde
1054 2425 1070 2466 a
1089 2406 1223 2486 principe
1243 2406 1375 2468 editione

229 2513 416 2592 exemplaria.
445 2513 587 2595 lacunam,
607 2533 664 2593 qua
683 2523 752 2574 nota
771 2516 888 2574 numeri
907 2512 1025 2594 excidit,
1044 2521 1112 2592 post
1129 2517 1223 2575 molas
1235 2512 1376 2575 indicavi.

318 2618 459 2680 Clauem
493 2620 672 2681 torculari
702 2618 729 2699 l]
766 2622 883 2682 Clavem
920 2622 1088 2681 torculario
1127 2637 1219 2681 unam
1252 2618 1375 2699 Merula,

230 2733 343 2790 clivuem
365 2730 529 2788 torculariv'
546 2729 567 2787 I
582 2726 738 2789 Victorius.
757 2731 878 2788 clocam.
893 2744 995 2788 errore
1013 2746 1117 2789 eorum
1141 2728 1194 2807 qui
1212 2725 1375 2786 editionem

231 2834 351 2895 Victorii
375 2853 399 2895 a.
426 2831 510 2897 1543
535 2836 738 2913 repetiverunt
766 2834 878 2896 editum
906 2843 935 2895 et
963 2833 1069 2895 deinde
1097 2837 1128 2895 in
1155 2831 1286 2913 reliquas
1314 2832 1376 2895 edi·

231 2945 326 3003 tiones
349 2949 544 3022 propagatum
567 2950 638 3003 erat.
1171 3006 1175 3014 ,

319 3048 483 3109 Piscinas
515 3066 639 3129 nouas,
671 3057 817 3110 ueteres
849 3049 1070 3130 epidromum
1104 3046 1294 3128 puluinum
1322 3047 1377 3110 lu·

230 3174 356 3216 cernas
379 3156 516 3216 corium
537 3155 771 3217 Icraticulas
795 3156 894 3234 duas]
919 3159 1058 3218 dlscinus
1080 3174 1184 3238 novos,
1207 3163 1291 3217 uetus
1312 3159 1376 3234 epi·

231 3266 367 3324 :tremum
390 3261 517 3344 Merula,
544 3262 595 3323 ubi
619 3263 782 3324 Politianus
810 3272 924 3325 sretcres
947 3283 964 3324 e
988 3263 1090 3324 codice
1114 3262 1277 3324 adnotavit:
1304 3280 1376 3323 nam

230 3389 334 3451 parum
358 3378 495 3431 accurate
520 3369 670 3430 Gesnerus
693 3371 871 3449 scripturam
895 3368 1042 3429 indicavit.
1080 3369 1187 3430 deinde
1207 3372 1377 3447 puluinum,

230 3482 346 3540 corium
376 3496 481 3557 unum,
508 3481 665 3550 lucernas,
693 3481 861 3538 craticulas
890 3480 967 3538 duos
995 3475 1074 3536 edita
1102 3476 1170 3537 inde
1198 3495 1215 3537 a
1237 3479 1377 3561 principe

231 3586 360 3647 editione
391 3582 576 3662 exemplaria.
623 3587 765 3644 lucernas
788 3583 939 3644 Gesnerus
962 3586 992 3643 in
1016 3583 1159 3645 addendis
1182 3583 1377 3647 scribendum

232 3695 367 3753 coniecit.
404 3699 489 3750 notas
513 3708 704 3751 numerorum
728 3700 795 3770 post
818 3694 1005 3769 epidromum
1025 3700 1055 3752 et
1075 3695 1230 3768 puluinum
1248 3694 1379 3755 omissas

231 3799 343 3878 addid13
367 3804 435 3875 post
457 3800 600 3858 lucernas
623 3796 767 3879 lacunam,
791 3817 847 3877 qua
872 3806 942 3858 nola
960 3800 1078 3860 numeri
1096 3799 1214 3880 excidit,
1236 3799 1378 3862 indicavi.

205 3900 383 3985 ⁴praeterea
412 3905 500 3965 etiam
524 3906 642 3965 numeri
665 3905 835 3966 fiscinarum
859 3923 1001 3966 novarum
1025 3916 1055 3966 et
1079 3915 1212 3969 veterum
1235 3907 1380 3970 videntur

231 4014 333 4074 omissi
357 4031 431 4073 esse.

319 4117 339 4181 2
355 4119 483 4180 Claues
498 4138 575 4180 cum
590 4119 741 4180 clostris
755 4122 790 4179 in
805 4118 917 4180 cellas
931 4120 972 4197 ll]
988 4122 1091 4182 Claues
1106 4139 1174 4183 cum
1184 4124 1380 4199 clostrv'sIII,

232 4231 324 4288 cellas
357 4229 434 4286 duas
461 4225 612 4287 lucundus
642 4233 672 4286 et
700 4226 805 4287 deinde
834 4226 939 4306 reliqui
969 4228 1111 4310 editores,
1144 4226 1196 4288 ubl
1223 4228 1380 4292 Gesnerus

231 4338 320 4395 sellus
344 4336 421 4394 duos
445 4331 635 4395 scribendum
658 4335 793 4394 coniecit.

322 4439 642 4520 Centumpondium
658 4441 904 4503 incertumlet
918 4443 1074 4521 pondera
1090 4441 1223 4522 cetera]
1238 4445 1380 4508 Ceratum-
