2874 4994
347 113 479 172 RERVM
496 113 736 174 nvsutcasvu
755 115 822 172 LIB.
842 111 882 173 ΙΙΙ
903 116 921 173 7
1139 108 1205 175 -255

49 271 184 335 'uerbum
210 276 353 350 impetere
376 268 540 355 11116,8,
568 270 619 333 ubi
648 274 678 333 in
702 273 837 353 principe
862 272 992 334 editione
1019 272 1128 354 iegitur
1151 277 1204 334 irn-

51 387 193 459 petentes
207 382 246 441 ab
259 399 293 441 se
311 382 438 441 eiieinnt
452 378 557 455 fucos:
576 397 643 440 nam
663 382 850 457 inpactentes
869 377 979 441 liabent
994 398 1082 441 mann
1100 384 1205 461 scripti

56 484 142 568 libri,
175 490 358 549 insectantes
386 485 534 547 Victorius
566 488 705 548 restituit
750 489 851 566 itaque
884 485 982 548 deleto
1015 491 1096 568 item,
1125 489 1202 567 quod

57 593 264 674 neglegentiae
288 592 402 655 librarii
425 592 543 654 videtur
561 591 752 654 tribuendum
772 611 849 676 esse,
868 594 975 674 scripsi
998 596 1082 669 qnod
1098 603 1206 671 petere

54 703 183 762 soleant.

147 804 251 866 Multi
282 807 318 867 iu
351 806 494 868 theatro
528 824 544 868 e
576 808 658 867 sinu
692 808 818 868 missas
851 808 990 868 iaciunt
1022 816 1129 888 atque
1163 809 1202 869 ad

55 911 177 974 iocum
201 911 368 990 redeunt]
398 915 497 990 Atque
519 915 563 974 ad
584 917 681 974 locam
705 915 848 995 redeant,
872 931 947 993 quae
971 912 1120 976 abundare
1146 918 1206 976 visa

56 1028 130 1082 sunt
148 1018 266 1102 Ursino,
285 1018 473 1082 incluserunt
492 1019 643 1081 Gesnerus
666 1027 696 1081 et
715 1017 917 1084 Schneidorns
941 1021 1055 1100 oiiensi,
1074 1030 1109 1082 nt
1127 1021 1205 1083 ride·

55 1133 118 1208 tar,
143 1135 252 1188 mutua
276 1125 434 1188 verborum
459 1135 619 1206 structura,
643 1128 728 1187 ouius
752 1125 885 1205 exempla
909 1126 977 1187 dedi
999 1125 1027 1187 ΙΙ
1047 1124 1075 1210 l,
1094 1125 1125 1190 4.

149 1229 169 1295 8
202 1232 288 1295 Item
313 1234 390 1294 sere
413 1232 500 1295 haee
523 1235 558 1294 ln
583 1231 748 1294 turribus
778 1251 817 1294 ao
846 1235 993 1294 summis
1021 1234 1122 1296 uillis
1145 1240 1205 1316 qui

54 1337 192 1400 nabent
214 1349 380 1418 agrestes
403 1339 588 1401 columbas
612 1339 723 1420 quaad
755 1347 908 1419 possunt
931 1341 1146 1403 imitandum
1170 1346 1204 1405 in

52 1448 308 1526 peristeronas
331 1455 450 1508 aetate
474 1446 564 1507 bona
588 1446 783 1528 parandum
808 1465 924 1527 neque
947 1446 1066 1528 pullos
1090 1468 1205 1530 neque

56 1551 202 1614 notulas
234 1553 384 1615 totidem
417 1571 533 1615 mares
561 1554 653 1633 quod
683 1552 848 1632 seminas]
873 1556 949 1617 Item
974 1554 1062 1631 feras
1089 1559 1146 1617 itas
1174 1561 1205 1618 in

59 1661 201 1722 turribus
224 1659 263 1721 ac
285 1664 408 1721 summis
431 1663 509 1722 viliis
532 1663 587 1736 qni
611 1663 723 1723 habent
751 1668 888 1738 aprestes
915 1664 1081 1738 columbas,
1104 1666 1208 1740 quood

51 1775 193 1845 poserem,
217 1770 378 1828 immittant
401 1771 432 1829 in
459 1771 704 1849 περιστερῶνας
728 1776 835 1831 aetate
863 1772 954 1846 bona,
974 1776 1151 1847 parantpae
1173 1777 1207 1831 at

55 1891 114 1935 nee
129 1877 229 1950 pullos
247 1891 344 1949 neque
363 1878 477 1936 vetulas
496 1877 677 1950 totidemque
695 1894 796 1937 mares
814 1884 886 1952 quot
902 1875 1053 1951 foeminas
1071 1878 1206 1938 habeant

55 1978 230 2061 Iucundns,
260 1984 330 2041 item
363 1980 452 2057 seras
487 1983 544 2042 itas
575 2014 613 2024 —
645 1985 861 2044 immittendam
898 1987 928 2045 in
962 1979 1206 2064 περιστερῶνας

56 2095 160 2149 aetate
191 2089 279 2149 bono.
322 2091 499 2165 parandam
532 2107 630 2164 nepae
662 2093 761 2166 pallos
792 2108 889 2166 nepae
921 2095 1048 2166 vetulas,
1082 2092 1204 2152 totidem

56 2213 160 2256 mares
191 2200 264 2270 quot
292 2193 444 2270 foeminas
472 2193 628 2256 Victorius.
675 2195 827 2276 archetypi
855 2196 981 2258 lectione
1009 2199 1145 2258 restituta
1174 2206 1205 2257 et

55 2320 146 2382 prava
177 2300 335 2362 verborum
363 2302 567 2383 distinctione,
595 2320 671 2381 quae
704 2304 735 2362 in
767 2303 854 2364 editis
887 2302 1106 2383 exempiaribus
1138 2304 1204 2385 fuit,

55 2417 206 2483 correcta,
229 2411 299 2471 item
323 2441 364 2451 —
389 2411 576 2471 imitandam.
623 2411 654 2469 in
674 2412 885 2485 peristeronas
913 2418 1014 2472 aetate
1041 2412 1120 2472 bona
1145 2430 1201 2488 pa-

54 2518 190 2578 randam
209 2532 282 2596 sqq,
305 2532 374 2575 vera
398 2518 545 2600 sententia
569 2514 653 2577 iacile
678 2525 808 2596 apparet.
846 2535 914 2578 cum
934 2516 993 2578 duo
1012 2519 1072 2578 sint
1095 2536 1204 2598 genera

56 2621 273 2705 columbarum,
292 2621 418 2684 alterum
442 2624 612 2703 agrestium,
631 2641 706 2703 quae
725 2625 756 2684 in
776 2622 911 2685 turribus
931 2643 964 2686 ac
984 2626 1109 2686 summis
1129 2622 1205 2686 villis

53 2729 363 2812 habentur,aiteru1n
388 2748 489 2790 earum
514 2749 589 2808 quae
617 2733 804 2810 peristerone
832 2731 1040 2812 includuntur,
1065 2751 1098 2792 ea
1128 2750 1203 2810 quiae

56 2839 95 2900 de
121 2836 188 2898 cibo
211 2839 240 2897 in
264 2838 450 2916 peristerone
481 2835 650 2916 praebendo
674 2845 829 2915 peraccepta
855 2846 925 2897 snut
948 2840 985 2897 iis
1010 2856 1128 2917 quoque
1153 2841 1203 2915 qni

55 2944 183 3006 alterum
207 2962 301 3024 genus
325 2941 442 3024 habent,
467 2951 611 3022 quantum
636 2940 755 3020 quidem
780 2943 877 3002 iacere
901 2952 1036 3023 possunt,
1060 2942 1201 3003 imitanda

54 3058 138 3112 sunt.
180 3050 287 3111 deinde
311 3048 389 3129 qnod
414 3065 509 3128 genus
532 3046 737 3109 columbarum
760 3048 790 3107 in
814 3049 1016 3126 peristeronas
1038 3046 1203 3127 parandum

56 3160 106 3240 sit,
130 3159 320 3238 praecipitur.

150 3261 192 3326 10
229 3265 267 3326 Ut
288 3265 355 3325 aiio
378 3265 425 3324 ati
443 3265 560 3339 possint
578 3280 607 3322 m
627 3270 657 3323 et
675 3262 766 3323 editio
785 3263 960 3342 princepsa
980 3261 1124 3323 Politiano
1144 3280 1203 3323 non

56 3382 202 3434 correcta.
243 3376 383 3452 possunt,
412 3369 491 3449 quod
519 3367 629 3431 hahent
656 3369 835 3452 apographa,
864 3370 895 3431 in
923 3369 1083 3451 archetypo
1111 3370 1203 3431 inisse

58 3479 185 3541 videtur.

147 3584 213 3657 Qui
241 3587 289 3647 ita
317 3584 517 3646 educantur
540 3583 700 3645 celerius
724 3585 941 3664 pinguiores
973 3583 1068 3646 finnt
1101 3603 1203 3663 quam

55 3693 120 3755 alii
153 3700 188 3753 et
219 3690 389 3753 candidae
423 3693 518 3753 iinnt
549 3700 725 3771 parentes
757 3707 878 3753 eorum
906 3688 1033 3750 Romae
1063 3692 1093 3750 si
1122 3698 1204 3750 snut

56 3801 208 3862 iormosi
232 3799 322 3859 bono
346 3797 469 3859 colore
498 3800 633 3878 integri
657 3798 741 3859 boni
765 3798 918 3858 seminis
941 3798 1039 3876 paria
1063 3794 1203 3874 singula

57 3905 165 3985 uolgo
189 3914 348 3968 treneunt
370 3905 521 3966 ducenis
544 3903 711 3982 nummis]
735 3905 795 3977 Qui
812 3907 856 3964 ita
874 3905 1055 3984 edoceantur,
1074 3905 1205 3964 retains

53 4015 238 4093 pinguiores
256 4030 347 4088 qnam
365 4015 422 4074 aiii
435 4015 524 4092 finnt,
539 4019 568 4073 et
586 4013 783 4072 candidiores
797 4016 944 4087 parentes
957 4027 1069 4072 ewam.
1088 4010 1204 4071 Rornae

56 4124 88 4184 si
108 4127 180 4183 sunt
197 4138 261 4200 sqq.
285 4118 397 4181 Merula
420 4127 450 4181 et
476 4126 588 4180 munta
613 4118 822 4178 coniunctione
846 4114 1005 4177 vernorum
1025 4119 1204 4192 pinguiores

57 4246 150 4308 patant
170 4229 226 4288 aiii
238 4230 319 4301 finnt
337 4233 366 4290 et
384 4228 588 4290 condidiores.
623 4231 768 4303 parentes
786 4240 891 4287 eoram
911 4223 1027 4285 Romae
1044 4221 1204 4285 lucendus.
