2874 4994
234 340 277 403 24
576 349 767 403 COMMENT.
787 349 826 402 IN
844 346 1033 403 VARRONIS

238 504 387 563 sermonis
416 501 561 563 tributum
591 513 655 563 erat
682 521 771 580 snpra
796 500 825 581 2,
840 499 873 581 3,
902 500 939 561 ab
966 500 1071 561 eodem
1099 500 1221 561 alteram
1246 500 1344 579 cupra

236 611 327 669 tionis
345 619 460 689 partem
480 612 576 688 repeti
595 628 648 688 par
667 617 739 669 erat.
773 608 880 669 deinde
899 607 1035 668 ordinem
1055 606 1217 669 uerborum
1232 608 1259 667 in
1272 606 1345 667 arche

237 725 307 795 typo
331 714 538 794 perturbatum
566 715 718 776 Iucundos
747 718 777 775 in
805 714 908 774 Aldina
936 714 1080 795 editione,
1107 715 1197 774 cuins
1224 713 1348 775 lectionem

236 840 252 880 a
276 821 399 900 reliquis
423 821 588 882 editoribus
617 821 768 902 probatam
797 823 827 881 in
856 821 1045 881 adnotatione
1073 820 1217 902 indicari,
1242 823 1349 882 correxit

236 926 307 987 illud
337 946 455 1007 qnoque
485 928 570 1008 vidit,
603 933 634 989 in
663 930 912 1007 praepositionem
942 937 1010 989 ante
1037 930 1169 989 retemta
1196 926 1291 989 locum
1312 946 1350 989 nor

236 1033 355 1115 haltere,
379 1034 430 1094 ubi
453 1039 582 1111 quaein
606 1039 735 1096 scientia
757 1039 818 1095 siut
842 1036 1004 1114 scripserat
1022 1032 1143 1096 Merula.
1186 1033 1239 1095 sed
1260 1035 1289 1095 in
1308 1033 1353 1095 rai

238 1144 304 1221 quis
328 1141 528 1223 corrigendis,
556 1153 590 1202 ut
613 1143 701 1222 solet,
728 1145 816 1202 nimia
841 1141 958 1202 licentia
986 1160 1060 1203 usus
1083 1150 1138 1204 est.
1186 1140 1271 1221 plura
1290 1143 1353 1201 etiae

237 1258 358 1310 anctore
382 1249 548 1310 Pontedera
572 1268 599 1328 p.
619 1248 660 1311 51
687 1251 804 1310 novarit
828 1249 1044 1331 Schneiderns,
1071 1253 1170 1328 ἐρίων
1187 1282 1225 1291 -
1241 1252 1355 1325 quanin

239 1359 413 1433 discretum,
437 1360 475 1417 de
499 1360 536 1416 iis
559 1358 650 1417 rebus
674 1359 844 1430 dicendum,
868 1375 948 1431 quoe
971 1360 1156 1418 inscientia
1179 1359 1249 1417 siut.
1278 1360 1355 1431 ecqui

238 1467 267 1523 in
288 1467 413 1524 colendo
433 1482 486 1524 nos
506 1466 593 1524 docet
607 1482 660 1523 ars
674 1466 720 1535 sit,
736 1482 777 1523 ort
791 1466 867 1538 qnid
880 1466 986 1544 uliud,
995 1470 1025 1523 et
1037 1482 1058 1525 o
1071 1465 1185 1539 pacilus
1203 1464 1355 1525 carceriltr

237 1573 386 1631 decurrat
415 1572 459 1630 od
484 1578 586 1631 suetus.
633 1572 731 1648 itaque
761 1569 858 1629 verbis
887 1571 1075 1649 transpositis
1105 1579 1136 1632 et
1163 1572 1353 1651 praepositione

238 1681 268 1737 tn
301 1675 396 1736 deleta
426 1678 531 1736 docete
553 1693 607 1754 pro
636 1678 724 1736 docet
751 1677 866 1756 scripsi,
896 1679 1039 1751 qnoniam
1066 1680 1249 1752 discretum,
1279 1681 1354 1739 detis

238 1785 329 1843 rebus
339 1779 558 1856 praescientia
573 1786 613 1841 sit
627 1785 793 1842 incolendo
808 1801 861 1843 nos
881 1786 987 1844 docete
999 1815 1035 1826 -
1051 1785 1204 1845 decurrat
1221 1787 1264 1845 od
1278 1792 1354 1845 metor.

239 1890 322 1949 Stolo
347 1905 416 1949 cnm
435 1892 602 1963 aspexisset
616 1922 660 1929 —
676 1890 731 1949 Ille
749 1907 808 1949 non
826 1898 976 1964 pronatus
990 1893 1126 1966 primum
1140 1894 1248 1966 inquit.
1278 1890 1355 1951 eodan

238 1995 326 2056 modo
351 2013 440 2073 snpra
465 1990 552 2072 212
576 1998 721 2074 scriptum
745 2005 809 2056 erat
832 1999 937 2057 docete
959 2015 1028 2077 nos,
1056 2001 1130 2073 apri
1150 2002 1355 2073 culturaque

237 2120 384 2163 summam
407 2103 527 2162 habeat.
564 2103 594 2161 iu
620 2100 743 2179 reliquis
763 2105 941 2181 scripturam
960 2079 1112 2183 archetypi
1136 2105 1278 2183 expressi.
1309 2120 1355 2164 nan

240 2208 397 2269 disiunctis
421 2206 457 2267 ab
481 2210 545 2286 agri
565 2207 680 2268 cultura
700 2210 735 2268 iis
755 2226 829 2287 quae
849 2209 884 2269 ad
904 2227 969 2269 eam
989 2228 1048 2270 non
1071 2213 1226 2289 pertinent
1243 2211 1355 2287 Amasin

239 2316 274 2375 alr
303 2317 340 2376 iis
368 2318 418 2394 qui
447 2313 544 2375 adhuc
572 2315 609 2375 de
639 2315 693 2375 lrac
720 2326 803 2394 parte
832 2316 1054 2395 disputaverant
1082 2319 1159 2396 petit
1187 2328 1220 2379 ut
1251 2317 1356 2393 donant
1411 2362 1431 2379 .

240 2442 315 2502 quae
339 2425 461 2482 scientia
487 2423 523 2483 de
547 2425 584 2483 iis
609 2421 698 2483 rebus
721 2424 752 2482 in
776 2423 899 2483 colendo
924 2425 975 2503 sit,
1003 2423 1060 2484 hoc
1089 2434 1136 2485 est
1163 2423 1201 2486 de
1229 2427 1265 2486 iis
1291 2423 1355 2485 relus
1399 2456 1431 2471 -

240 2548 314 2609 quae
343 2529 378 2588 ad
407 2529 554 2590 culturam
582 2532 742 2608 pertinent.
783 2529 818 2589 ad
852 2548 927 2608 quae
957 2529 1039 2591 Stolo
1071 2533 1113 2591 ita
1146 2532 1312 2612 respondet,
1335 2538 1431 2590 uta·

241 2636 362 2696 Scrofae
391 2638 501 2713 primas
525 2646 625 2715 partes
653 2636 805 2697 concedat.
847 2640 1048 2712 diitcnamdo,
1084 2657 1143 2699 nou
1173 2640 1431 2714 diffundendo,-

239 2743 387 2802 constanti
412 2743 442 2801 in
466 2742 522 2802 lroc
547 2741 636 2802 verbo
661 2761 727 2822 usu,
750 2742 763 2802 1
782 2740 834 2825 23,
847 2741 877 2804 4.
902 2741 1044 2824 111‚20.
1067 2741 1172 2824 9,12,
1200 2748 1326 2807 deinum
1340 2741 1358 2803 ll
1373 2732 1431 2797 J

240 2847 269 2929 7,
286 2847 339 2927 123
362 2850 433 2907 item
457 2852 626 2924 deiunpnut
645 2849 669 2908 ll
690 2846 756 2928 qt
779 2850 815 2908 de
839 2852 981 2911 iumentis
1003 2853 1073 2929 ingo
1098 2851 1214 2913 solutis.

327 2953 447 3032 anue
476 2962 531 3015 est
560 2957 716 3016 scientia
752 2974 839 3034 quae
868 2958 941 3016 sint
969 2959 1004 3017 in
1038 2975 1182 3036 quoque
1215 2977 1296 3038 agro
1321 2975 1431 3017 so*

240 3061 348 3122 reuda
376 3079 414 3121 ae
444 3061 605 3121 iacienda
638 3080 704 3141 que
734 3071 829 3122 terra
858 3065 1025 3122 maximos
1058 3063 1431 3143 perpetuaretur,

240 3167 399 3245 lructus]
438 3170 523 3241 (lutee
546 3178 633 3229 terro
657 3168 679 3227 d
699 3188 742 3246 m,
767 3172 849 3243 quod
875 3178 961 3230 terro
986 3188 1063 3231 corr.
1092 3189 1151 3245 que
1178 3180 1267 3233 terro
1291 3169 1431 3231 coderz

242 3274 445 3354 Florentiuus,
473 3294 612 3350 potaeque
639 3285 726 3335 terro
750 3277 916 3335 recentiora
944 3276 1112 3355 apographa
1138 3286 1170 3339 et
1193 3278 1283 3339 editio
1303 3278 1412 3357 prin‘

241 3400 320 3460 ceps.
366 3400 446 3456 quoe
470 3400 551 3455 aqna
575 3389 662 3441 terro
692 3399 769 3440 unus
793 3380 956 3442 Politianus
980 3381 1143 3464 adnotavit,
1172 3403 1278 3464 parum
1298 3400 1431 3444 actu-‘-

242 3497 304 3547 rate
329 3486 405 3546 lraud
435 3485 534 3546 dubie.
571 3504 638 3545 nam
668 3489 697 3546 in
727 3487 886 3566 archetypo
914 3508 972 3564 que
995 3498 1081 3551 terro
1110 3491 1244 3568 primum
1271 3490 1431 3552 videtqu-

242 3595 387 3670 scriptnur
408 3593 509 3672 luisse,
533 3600 634 3670 postea
658 3604 827 3653 correctum
851 3613 990 3669 quaeque
1009 3605 1105 3671 terro,
1129 3597 1212 3675 qnod
1230 3600 1262 3659 iu
1284 3612 1380 3657 reren-
1402 3604 1431 3647 Ι

243 3700 335 3758 tiores
359 3697 451 3757 libros
475 3708 627 3776 receptum
652 3710 706 3759 est.
744 3719 840 3774 eaque
863 3710 908 3762 est
929 3706 1068 3777 scironia,
1092 3722 1175 3778 qnae
1193 3708 1290 3783 docet,
1304 3710 1431 3795 qtae-³

243 3807 303 3862 sint
327 3808 357 3862 iu
382 3822 499 3878 potoque
522 3824 599 3879 apro
622 3810 758 3866 serundo
782 3817 811 3866 et
830 3806 992 3881 faciundo,
1017 3828 1157 3884 quaeque
1180 3820 1268 3873 terro
1290 3807 1431 3870 romb

243 3927 306 3970 mos
319 3920 469 3986 perpetuo
487 3915 599 3972 reddat
614 3912 738 3987 [ructus
753 3912 873 3992 Merula,
892 3913 944 3974 ubi
963 3918 994 3975 in
1008 3933 1128 3990 quoquo
1143 3935 1224 3993 apro
1238 3914 1353 3978 lucundu
1364 3922 1431 3969 Δ

243 4016 323 4075 dedit
347 4026 377 4076 ct
400 4017 507 4077 deirnle
533 4017 637 4095 reliqui
659 4019 797 4078 editores.
836 4019 993 4080 lectionem
1013 4021 1167 4102 archetypi
1187 4024 1308 4102 restitui
1323 4038 1431 4081 ser*

243 4140 300 4195 quo
325 4134 410 4181 terra
430 4128 576 4184 rrurximos
596 4133 744 4200 perpetuo
768 4129 879 4186 reddat
895 4126 1019 4200 fructus
1037 4129 1155 4207 scripsi.
1193 4148 1260 4191 aaut
1279 4127 1348 4189 hori
1378 4133 1431 4177 Α

245 4228 281 4283 iis
305 4238 380 4301 quae
404 4226 510 4286 deiude
530 4230 718 4308 disputantur
742 4234 934 4311 praecipitur,
953 4233 1024 4311 quid
1044 4236 1074 4293 iu
1094 4254 1157 4296 nuo
1177 4254 1291 4317 quoque
1308 4250 1374 4311 ag?
1388 4242 1422 4281 ⁴³

244 4330 459 4390 instituendum
485 4336 532 4413 sit,
557 4343 589 4393 ut
614 4345 690 4394 terra
716 4337 868 4397 lructnosa
892 4339 954 4412 liat,
979 4357 1037 4399 non
1067 4341 1147 4417 quod
1172 4360 1266 4421 genus
1286 4348 1407 4401 tenne

247 4435 388 4493 nraxtmos
412 4436 528 4497 tructus
553 4441 634 4500 ierat.
673 4461 731 4518 quo
755 4445 818 4502 sine
838 4448 1036 4524 comparativo
1060 4465 1116 4525 pro
1135 4456 1172 4509 nt
1193 4450 1310 4529 positum
1323 4445 1390 4505 es!
