<?xml version="1.0" encoding="UTF-8"?>
<!DOCTYPE html PUBLIC "-//W3C//DTD XHTML 1.0 Transitional//EN"
    "http://www.w3.org/TR/xhtml1/DTD/xhtml1-transitional.dtd">
<html xmlns="http://www.w3.org/1999/xhtml" xml:lang="en" lang="en">
 <head>
  <title>
</title>
<meta http-equiv="Content-Type" content="text/html;charset=utf-8" />
  <meta name='ocr-system' content='tesseract 3.04.00' />
  <meta name='ocr-capabilities' content='ocr_page ocr_carea ocr_par ocr_line ocrx_word'/>
</head>
<body>
  <div class='ocr_page' id='page_1' title='image "./mporcicatonisde00keilgoog_0395.png"; bbox 0 0 2874 4994; ppageno 0'>
   <div class='ocr_carea' id='block_1_1' title="bbox 148 334 944 399">
    <p class='ocr_par' dir='ltr' id='par_1_1' title="bbox 148 334 944 399">
     <span class='ocr_line' id='line_1_1' title="bbox 148 334 944 399; baseline -0.004 -1"><span class='ocrx_word' id='word_1_1' title='bbox 148 334 210 399; x_wconf 78' lang='grc'>172</span> <span class='ocrx_word' id='word_1_2' title='bbox 487 340 678 397; x_wconf 65' lang='lat' dir='ltr'>comitutu.</span> <span class='ocrx_word' id='word_1_3' title='bbox 696 341 737 396; x_wconf 85' lang='lat' dir='ltr'>IN</span> <span class='ocrx_word' id='word_1_4' title='bbox 754 338 944 396; x_wconf 79' lang='lat' dir='ltr'>VARRONIS</span> 
     </span>
    </p>
   </div>
   <div class='ocr_carea' id='block_1_2' title="bbox 145 493 1263 905">
    <p class='ocr_par' dir='ltr' id='par_1_2' title="bbox 145 493 1263 905">
     <span class='ocr_line' id='line_1_2' title="bbox 145 493 1263 579; baseline 0 -20"><span class='ocrx_word' id='word_1_5' title='bbox 145 501 299 576; x_wconf 82' lang='lat' dir='ltr'>uppelluut</span> <span class='ocrx_word' id='word_1_6' title='bbox 321 496 486 579; x_wconf 85' lang='lat' dir='ltr'>ineundus,</span> <span class='ocrx_word' id='word_1_7' title='bbox 513 495 593 576; x_wconf 91' lang='lat' dir='ltr'>quod</span> <span class='ocrx_word' id='word_1_8' title='bbox 622 505 734 558; x_wconf 90' lang='lat' dir='ltr'>temere</span> <span class='ocrx_word' id='word_1_9' title='bbox 762 494 967 576; x_wconf 80' lang='lat' dir='ltr'>probaverunt</span> <span class='ocrx_word' id='word_1_10' title='bbox 995 493 1141 577; x_wconf 78' lang='lat' dir='ltr'>editor-ea,</span> <span class='ocrx_word' id='word_1_11' title='bbox 1161 497 1263 576; x_wconf 73' lang='lat' dir='ltr'>quida</span> 
     </span>
     <span class='ocr_line' id='line_1_3' title="bbox 147 595 1262 685; baseline -0.001 -19"><span class='ocrx_word' id='word_1_12' title='bbox 147 607 325 667; x_wconf 84' lang='lat' dir='ltr'>nominativo</span> <span class='ocrx_word' id='word_1_13' title='bbox 357 595 506 685; x_wconf 78' lang='grc' dir='ltr'><strong><em>βοογόνη</em></strong></span> <span class='ocrx_word' id='word_1_14' title='bbox 539 603 652 665; x_wconf 92' lang='lat' dir='ltr'>dictum</span> <span class='ocrx_word' id='word_1_15' title='bbox 685 611 772 664; x_wconf 87' lang='lat' dir='ltr'>esset</span> <span class='ocrx_word' id='word_1_16' title='bbox 818 600 992 683; x_wconf 76' lang='grc' dir='ltr'><strong><em>βουγενετς</em></strong></span> <span class='ocrx_word' id='word_1_17' title='bbox 1024 599 1166 682; x_wconf 74' lang='lat' dir='ltr'>Scaliger.</span> <span class='ocrx_word' id='word_1_18' title='bbox 1203 599 1262 665; x_wconf 79' lang='lat' dir='ltr'>idtu</span> 
     </span>
     <span class='ocr_line' id='line_1_4' title="bbox 145 706 1262 793; baseline -0.001 -21"><span class='ocrx_word' id='word_1_19' title='bbox 145 712 249 773; x_wconf 85' lang='lat' dir='ltr'>vitium</span> <span class='ocrx_word' id='word_1_20' title='bbox 273 720 442 775; x_wconf 90' lang='lat' dir='ltr'>correctum</span> <span class='ocrx_word' id='word_1_21' title='bbox 466 720 512 774; x_wconf 90' lang='lat' dir='ltr'>est</span> <span class='ocrx_word' id='word_1_22' title='bbox 534 714 565 772; x_wconf 92' lang='lat' dir='ltr'>in</span> <span class='ocrx_word' id='word_1_23' title='bbox 594 713 765 792; x_wconf 80' lang='lat' dir='ltr'>geoponicis</span> <span class='ocrx_word' id='word_1_24' title='bbox 788 707 952 793; x_wconf 81' lang='lat' dir='ltr'><strong>xv2,14</strong></span> <span class='ocrx_word' id='word_1_25' title='bbox 973 706 1013 772; x_wconf 81' lang='lat' dir='ltr'>ul</span> <span class='ocrx_word' id='word_1_26' title='bbox 1030 708 1202 790; x_wconf 75' lang='grc' dir='ltr'><strong><em>βουγονεῐς</em></strong></span> <span class='ocrx_word' id='word_1_27' title='bbox 1218 713 1262 792; x_wconf 69' lang='grc' dir='ltr'>μᾷ</span> 
     </span>
     <span class='ocr_line' id='line_1_5' title="bbox 145 809 1263 905; baseline -0.001 -25"><span class='ocrx_word' id='word_1_28' title='bbox 145 811 200 880; x_wconf 80' lang='grc' dir='ltr'>καὶ</span> <span class='ocrx_word' id='word_1_29' title='bbox 223 815 354 902; x_wconf 80' lang='grc' dir='ltr'><strong><em>εἰκοστῇ</em></strong></span> <span class='ocrx_word' id='word_1_30' title='bbox 377 809 484 903; x_wconf 79' lang='grc' dir='ltr'><strong><em>ἡμέρᾳ</em></strong></span> <span class='ocrx_word' id='word_1_31' title='bbox 508 816 764 905; x_wconf 76' lang='grc' dir='ltr'><strong><em>ζῳογονοῦνται,</em></strong></span> <span class='ocrx_word' id='word_1_32' title='bbox 788 816 839 880; x_wconf 91' lang='lat' dir='ltr'>ubi</span> <span class='ocrx_word' id='word_1_33' title='bbox 862 816 1039 898; x_wconf 77' lang='grc' dir='ltr'><strong><em>βοογονεῑς</em></strong></span> <span class='ocrx_word' id='word_1_34' title='bbox 1062 824 1128 879; x_wconf 76' lang='lat' dir='ltr'>erat</span> <span class='ocrx_word' id='word_1_35' title='bbox 1148 818 1179 878; x_wconf 84' lang='lat' dir='ltr'>iu</span> <span class='ocrx_word' id='word_1_36' title='bbox 1193 814 1263 879; x_wconf 77' lang='lat' dir='ltr'>libuit</span> 
     </span>
    </p>
   </div>
   <div class='ocr_carea' id='block_1_3' title="bbox 141 921 1307 4537">
    <p class='ocr_par' dir='ltr' id='par_1_3' title="bbox 143 921 1264 1973">
     <span class='ocr_line' id='line_1_6' title="bbox 233 921 1264 1006; baseline -0.002 -19"><span class='ocrx_word' id='word_1_37' title='bbox 233 925 276 987; x_wconf 85' lang='lat' dir='ltr'>Et</span> <span class='ocrx_word' id='word_1_38' title='bbox 297 925 391 988; x_wconf 92' lang='lat' dir='ltr'>bunc</span> <span class='ocrx_word' id='word_1_39' title='bbox 409 926 587 1006; x_wconf 89' lang='lat' dir='ltr'>plautium</span> <span class='ocrx_word' id='word_1_40' title='bbox 606 925 765 988; x_wconf 89' lang='lat' dir='ltr'>locutnm</span> <span class='ocrx_word' id='word_1_41' title='bbox 784 943 863 987; x_wconf 90' lang='lat' dir='ltr'>esse</span> <span class='ocrx_word' id='word_1_42' title='bbox 882 923 998 986; x_wconf 88' lang='lat' dir='ltr'>latine</span> <span class='ocrx_word' id='word_1_43' title='bbox 1015 940 1119 1004; x_wconf 85' lang='lat' dir='ltr'>quam</span> <span class='ocrx_word' id='word_1_44' title='bbox 1136 921 1264 985; x_wconf 77' lang='lat' dir='ltr'>ttrrtcn</span> 
     </span>
     <span class='ocr_line' id='line_1_7' title="bbox 144 1032 1264 1114; baseline 0 -21"><span class='ocrx_word' id='word_1_45' title='bbox 144 1041 349 1114; x_wconf 82' lang='lat' dir='ltr'><strong>praetorem</strong></span> <span class='ocrx_word' id='word_1_46' title='bbox 386 1035 632 1096; x_wconf 87' lang='lat' dir='ltr'>renuntiatum</span> <span class='ocrx_word' id='word_1_47' title='bbox 669 1051 800 1095; x_wconf 91' lang='lat' dir='ltr'>romam</span> <span class='ocrx_word' id='word_1_48' title='bbox 835 1035 871 1094; x_wconf 91' lang='lat' dir='ltr'>in</span> <span class='ocrx_word' id='word_1_49' title='bbox 907 1039 1076 1094; x_wconf 90' lang='lat' dir='ltr'>senatum</span> <span class='ocrx_word' id='word_1_50' title='bbox 1115 1032 1264 1112; x_wconf 84' lang='lat' dir='ltr'>scriptun</span> 
     </span>
     <span class='ocr_line' id='line_1_8' title="bbox 144 1136 1263 1221; baseline 0 -20"><span class='ocrx_word' id='word_1_51' title='bbox 144 1139 329 1218; x_wconf 90' lang='lat' dir='ltr'>babemus]</span> <span class='ocrx_word' id='word_1_52' title='bbox 349 1142 489 1202; x_wconf 76' lang='lat' dir='ltr'>llirrutut</span> <span class='ocrx_word' id='word_1_53' title='bbox 511 1140 639 1221; x_wconf 90' lang='lat' dir='ltr'>plurima</span> <span class='ocrx_word' id='word_1_54' title='bbox 662 1139 830 1221; x_wconf 79' lang='lat' dir='ltr'>apographa</span> <span class='ocrx_word' id='word_1_55' title='bbox 853 1148 943 1201; x_wconf 83' lang='lat' dir='ltr'>etex</span> <span class='ocrx_word' id='word_1_56' title='bbox 966 1137 1137 1220; x_wconf 73' lang='lat' dir='ltr'>archetypo,</span> <span class='ocrx_word' id='word_1_57' title='bbox 1153 1146 1188 1200; x_wconf 88' lang='lat' dir='ltr'>ut</span> <span class='ocrx_word' id='word_1_58' title='bbox 1204 1136 1263 1201; x_wconf 76' lang='lat' dir='ltr'>vite</span> 
     </span>
     <span class='ocr_line' id='line_1_9' title="bbox 145 1244 1263 1330; baseline -0.001 -21"><span class='ocrx_word' id='word_1_59' title='bbox 145 1255 203 1329; x_wconf 88' lang='lat' dir='ltr'>tur,</span> <span class='ocrx_word' id='word_1_60' title='bbox 226 1247 389 1330; x_wconf 88' lang='lat' dir='ltr'>Victorins;</span> <span class='ocrx_word' id='word_1_61' title='bbox 412 1250 547 1310; x_wconf 78' lang='lat' dir='ltr'><strong><em>Hirtium</em></strong></span> <span class='ocrx_word' id='word_1_62' title='bbox 574 1250 605 1309; x_wconf 95' lang='lat' dir='ltr'>in</span> <span class='ocrx_word' id='word_1_63' title='bbox 633 1251 768 1330; x_wconf 82' lang='lat' dir='ltr'>principe</span> <span class='ocrx_word' id='word_1_64' title='bbox 797 1247 928 1309; x_wconf 76' lang='lat' dir='ltr'><strong>editione</strong></span> <span class='ocrx_word' id='word_1_65' title='bbox 951 1244 1118 1307; x_wconf 79' lang='lat' dir='ltr'>Politianua</span> <span class='ocrx_word' id='word_1_66' title='bbox 1143 1263 1200 1307; x_wconf 83' lang='lat' dir='ltr'>non</span> <span class='ocrx_word' id='word_1_67' title='bbox 1217 1263 1263 1308; x_wconf 82' lang='lat' dir='ltr'>tar·</span> 
     </span>
     <span class='ocr_line' id='line_1_10' title="bbox 145 1351 1262 1438; baseline 0 -23"><span class='ocrx_word' id='word_1_68' title='bbox 145 1357 237 1436; x_wconf 84' lang='lat' dir='ltr'>rexit,</span> <span class='ocrx_word' id='word_1_69' title='bbox 268 1357 403 1434; x_wconf 67' lang='lat' dir='ltr'>bertium</span> <span class='ocrx_word' id='word_1_70' title='bbox 435 1356 528 1417; x_wconf 82' lang='lat' dir='ltr'>codex</span> <span class='ocrx_word' id='word_1_71' title='bbox 562 1355 766 1438; x_wconf 85' lang='lat' dir='ltr'>Florentinus‚</span> <span class='ocrx_word' id='word_1_72' title='bbox 798 1357 931 1417; x_wconf 83' lang='lat' dir='ltr'>bircium</span> <span class='ocrx_word' id='word_1_73' title='bbox 959 1351 1115 1415; x_wconf 74' lang='lat' dir='ltr'>caesenas.</span> <span class='ocrx_word' id='word_1_74' title='bbox 1159 1359 1189 1415; x_wconf 86' lang='lat' dir='ltr'>et</span> <span class='ocrx_word' id='word_1_75' title='bbox 1210 1354 1262 1415; x_wconf 80' lang='lat' dir='ltr'>litt</span> 
     </span>
     <span class='ocr_line' id='line_1_11' title="bbox 146 1463 1261 1538; baseline 0.001 -17"><span class='ocrx_word' id='word_1_76' title='bbox 146 1463 300 1524; x_wconf 80' lang='lat' dir='ltr'>Plautium</span> <span class='ocrx_word' id='word_1_77' title='bbox 322 1467 455 1525; x_wconf 88' lang='lat' dir='ltr'>locutum</span> <span class='ocrx_word' id='word_1_78' title='bbox 483 1482 548 1526; x_wconf 83' lang='lat' dir='ltr'>esse</span> <span class='ocrx_word' id='word_1_79' title='bbox 576 1466 678 1525; x_wconf 87' lang='lat' dir='ltr'>lutiue.</span> <span class='ocrx_word' id='word_1_80' title='bbox 724 1480 793 1525; x_wconf 81' lang='lat' dir='ltr'>curu</span> <span class='ocrx_word' id='word_1_81' title='bbox 816 1463 951 1525; x_wconf 77' lang='lat' dir='ltr'><em>Hirtium</em></span> <span class='ocrx_word' id='word_1_82' title='bbox 974 1466 1153 1538; x_wconf 80' lang='lat' dir='ltr'><em>praetorem</em></span> <span class='ocrx_word' id='word_1_83' title='bbox 1177 1478 1261 1522; x_wconf 78' lang='lat' dir='ltr'>renua-</span> 
     </span>
     <span class='ocr_line' id='line_1_12' title="bbox 144 1565 1260 1649; baseline -0.003 -19"><span class='ocrx_word' id='word_1_84' title='bbox 144 1572 251 1631; x_wconf 84' lang='lat' dir='ltr'>tr&#39;otum</span> <span class='ocrx_word' id='word_1_85' title='bbox 270 1571 398 1632; x_wconf 85' lang='lat' dir='ltr'><em>Romam</em></span> <span class='ocrx_word' id='word_1_86' title='bbox 422 1575 453 1633; x_wconf 81' lang='lat' dir='ltr'>in</span> <span class='ocrx_word' id='word_1_87' title='bbox 476 1578 615 1633; x_wconf 83' lang='lat' dir='ltr'>senatum</span> <span class='ocrx_word' id='word_1_88' title='bbox 632 1574 780 1649; x_wconf 80' lang='lat' dir='ltr'>scriptum</span> <span class='ocrx_word' id='word_1_89' title='bbox 802 1571 917 1631; x_wconf 81' lang='lat' dir='ltr'>bebere</span> <span class='ocrx_word' id='word_1_90' title='bbox 934 1566 1057 1649; x_wconf 83' lang='lat' dir='ltr'>Merula,</span> <span class='ocrx_word' id='word_1_91' title='bbox 1077 1583 1166 1647; x_wconf 85' lang='lat' dir='ltr'>quem</span> <span class='ocrx_word' id='word_1_92' title='bbox 1181 1565 1260 1628; x_wconf 86' lang='lat' dir='ltr'>deinde</span> 
     </span>
     <span class='ocr_line' id='line_1_13' title="bbox 144 1672 1260 1757; baseline -0.001 -21"><span class='ocrx_word' id='word_1_93' title='bbox 144 1674 252 1756; x_wconf 78' lang='lat' dir='ltr'>reliqui</span> <span class='ocrx_word' id='word_1_94' title='bbox 275 1677 405 1739; x_wconf 83' lang='lat' dir='ltr'>editores</span> <span class='ocrx_word' id='word_1_95' title='bbox 429 1680 525 1740; x_wconf 90' lang='lat' dir='ltr'>secuti</span> <span class='ocrx_word' id='word_1_96' title='bbox 548 1687 626 1740; x_wconf 82' lang='lat' dir='ltr'>sunt</span> <span class='ocrx_word' id='word_1_97' title='bbox 663 1676 700 1739; x_wconf 91' lang='lat' dir='ltr'>de</span> <span class='ocrx_word' id='word_1_98' title='bbox 722 1676 838 1740; x_wconf 88' lang='lat' dir='ltr'>Plautio</span> <span class='ocrx_word' id='word_1_99' title='bbox 863 1683 894 1738; x_wconf 91' lang='lat' dir='ltr'>et</span> <span class='ocrx_word' id='word_1_100' title='bbox 911 1674 1012 1737; x_wconf 86' lang='lat' dir='ltr'>Hirrio</span> <span class='ocrx_word' id='word_1_101' title='bbox 1031 1673 1115 1757; x_wconf 82' lang='lat' dir='ltr'>nibil,</span> <span class='ocrx_word' id='word_1_102' title='bbox 1133 1673 1204 1754; x_wconf 90' lang='lat' dir='ltr'>quod</span> <span class='ocrx_word' id='word_1_103' title='bbox 1218 1672 1260 1735; x_wconf 86' lang='lat' dir='ltr'>buc</span> 
     </span>
     <span class='ocr_line' id='line_1_14' title="bbox 143 1782 1260 1867; baseline -0.001 -24"><span class='ocrx_word' id='word_1_104' title='bbox 143 1782 278 1846; x_wconf 85' lang='lat' dir='ltr'>videatur</span> <span class='ocrx_word' id='word_1_105' title='bbox 301 1785 410 1847; x_wconf 81' lang='lat' dir='ltr'>referri</span> <span class='ocrx_word' id='word_1_106' title='bbox 433 1803 530 1867; x_wconf 85' lang='lat' dir='ltr'>posse,</span> <span class='ocrx_word' id='word_1_107' title='bbox 554 1786 712 1846; x_wconf 91' lang='lat' dir='ltr'>memoriae</span> <span class='ocrx_word' id='word_1_108' title='bbox 731 1782 883 1866; x_wconf 91' lang='lat' dir='ltr'>proditum</span> <span class='ocrx_word' id='word_1_109' title='bbox 907 1791 961 1844; x_wconf 90' lang='lat' dir='ltr'>est.</span> <span class='ocrx_word' id='word_1_110' title='bbox 999 1785 1101 1862; x_wconf 83' lang='lat' dir='ltr'>itaque</span> <span class='ocrx_word' id='word_1_111' title='bbox 1118 1789 1260 1862; x_wconf 84' lang='lat' dir='ltr'>corruptam</span> 
     </span>
     <span class='ocr_line' id='line_1_15' title="bbox 144 1889 753 1973; baseline 0.003 -23"><span class='ocrx_word' id='word_1_112' title='bbox 144 1889 297 1972; x_wconf 76' lang='lat' dir='ltr'>archetypi</span> <span class='ocrx_word' id='word_1_113' title='bbox 320 1895 500 1973; x_wconf 81' lang='lat' dir='ltr'>scripturam</span> <span class='ocrx_word' id='word_1_114' title='bbox 524 1893 753 1973; x_wconf 85' lang='lat' dir='ltr'>repraesentavi.</span> 
     </span>
    </p>

    <p class='ocr_par' dir='ltr' id='par_1_4' title="bbox 143 1995 1307 3361">
     <span class='ocr_line' id='line_1_16' title="bbox 232 1995 1262 2080; baseline -0.002 -21"><span class='ocrx_word' id='word_1_115' title='bbox 232 1995 339 2068; x_wconf 83' lang='lat' dir='ltr'>Quam</span> <span class='ocrx_word' id='word_1_116' title='bbox 364 2001 423 2079; x_wconf 91' lang='lat' dir='ltr'>qui</span> <span class='ocrx_word' id='word_1_117' title='bbox 447 1998 639 2079; x_wconf 83' lang='lat' dir='ltr'>hugoniam</span> <span class='ocrx_word' id='word_1_118' title='bbox 662 1997 828 2080; x_wconf 85' lang='lat' dir='ltr'>scripsit]</span> <span class='ocrx_word' id='word_1_119' title='bbox 847 1998 1009 2079; x_wconf 77' lang='lat' dir='ltr'>Bugoniam</span> <span class='ocrx_word' id='word_1_120' title='bbox 1028 1995 1146 2058; x_wconf 88' lang='lat' dir='ltr'>Eumeli</span> <span class='ocrx_word' id='word_1_121' title='bbox 1167 2012 1262 2058; x_wconf 85' lang='lat' dir='ltr'>carnea</span> 
     </span>
     <span class='ocr_line' id='line_1_17' title="bbox 144 2099 1263 2186; baseline 0 -22"><span class='ocrx_word' id='word_1_122' title='bbox 144 2120 210 2165; x_wconf 86' lang='lat' dir='ltr'>esse</span> <span class='ocrx_word' id='word_1_123' title='bbox 230 2104 321 2166; x_wconf 85' lang='lat' dir='ltr'>tradit</span> <span class='ocrx_word' id='word_1_124' title='bbox 335 2105 534 2186; x_wconf 82' lang='lat' dir='ltr'>Hieronymus</span> <span class='ocrx_word' id='word_1_125' title='bbox 552 2108 583 2166; x_wconf 93' lang='lat' dir='ltr'>in</span> <span class='ocrx_word' id='word_1_126' title='bbox 598 2104 707 2168; x_wconf 85' lang='lat' dir='ltr'>Euseb.</span> <span class='ocrx_word' id='word_1_127' title='bbox 722 2104 826 2167; x_wconf 90' lang='lat' dir='ltr'>chron.</span> <span class='ocrx_word' id='word_1_128' title='bbox 841 2122 866 2165; x_wconf 88' lang='lat' dir='ltr'>a.</span> <span class='ocrx_word' id='word_1_129' title='bbox 883 2099 970 2167; x_wconf 81' lang='lat'>1250</span> <span class='ocrx_word' id='word_1_130' title='bbox 988 2122 1017 2184; x_wconf 74' lang='lat' dir='ltr'>p·</span> <span class='ocrx_word' id='word_1_131' title='bbox 1031 2099 1073 2166; x_wconf 87' lang='lat'>81</span> <span class='ocrx_word' id='word_1_132' title='bbox 1093 2103 1139 2165; x_wconf 91' lang='lat' dir='ltr'>ed.</span> <span class='ocrx_word' id='word_1_133' title='bbox 1154 2102 1263 2184; x_wconf 65' lang='lat' dir='ltr'>Scbmn,</span> 
     </span>
     <span class='ocr_line' id='line_1_18' title="bbox 144 2210 1307 2291; baseline 0.003 -21"><span class='ocrx_word' id='word_1_134' title='bbox 144 2211 297 2287; x_wconf 81' lang='lat' dir='ltr'>Eumelus,</span> <span class='ocrx_word' id='word_1_135' title='bbox 320 2217 374 2288; x_wconf 82' lang='lat' dir='ltr'>qui</span> <span class='ocrx_word' id='word_1_136' title='bbox 395 2215 559 2290; x_wconf 64' lang='lat' dir='ltr'>buconiam</span> <span class='ocrx_word' id='word_1_137' title='bbox 582 2220 611 2274; x_wconf 88' lang='lat' dir='ltr'>et</span> <span class='ocrx_word' id='word_1_138' title='bbox 628 2214 806 2291; x_wconf 84' lang='lat' dir='ltr'>Europiom,</span> <span class='ocrx_word' id='word_1_139' title='bbox 830 2219 860 2273; x_wconf 90' lang='lat' dir='ltr'>et</span> <span class='ocrx_word' id='word_1_140' title='bbox 881 2213 1043 2290; x_wconf 68' lang='lat' dir='ltr'>Arctatus,</span> <span class='ocrx_word' id='word_1_141' title='bbox 1066 2214 1121 2286; x_wconf 80' lang='lat' dir='ltr'>qui</span> <span class='ocrx_word' id='word_1_142' title='bbox 1136 2212 1264 2288; x_wconf 49' lang='lat' dir='ltr'>»tulupa</span> <span class='ocrx_word' id='word_1_143' title='bbox 1305 2210 1307 2235; x_wconf 92' lang='lat'>&#39;</span> 
     </span>
     <span class='ocr_line' id='line_1_19' title="bbox 144 2317 1266 2401; baseline -0.001 -23"><span class='ocrx_word' id='word_1_144' title='bbox 144 2321 214 2379; x_wconf 87' lang='lat' dir='ltr'>dom</span> <span class='ocrx_word' id='word_1_145' title='bbox 237 2322 405 2397; x_wconf 83' lang='lat' dir='ltr'>composuit</span> <span class='ocrx_word' id='word_1_146' title='bbox 431 2325 460 2380; x_wconf 90' lang='lat' dir='ltr'>et</span> <span class='ocrx_word' id='word_1_147' title='bbox 483 2320 661 2401; x_wconf 84' lang='lat' dir='ltr'>Iliupersin,</span> <span class='ocrx_word' id='word_1_148' title='bbox 684 2321 871 2395; x_wconf 71' lang='lat' dir='ltr'>uuuoseitur.</span> <span class='ocrx_word' id='word_1_149' title='bbox 917 2317 991 2379; x_wconf 91' lang='lat' dir='ltr'>nihil</span> <span class='ocrx_word' id='word_1_150' title='bbox 1014 2325 1198 2399; x_wconf 89' lang='lat' dir='ltr'>compertum</span> <span class='ocrx_word' id='word_1_151' title='bbox 1215 2334 1266 2377; x_wconf 76' lang='lat' dir='ltr'>asse</span> 
     </span>
     <span class='ocr_line' id='line_1_20' title="bbox 144 2424 1268 2507; baseline -0.001 -23"><span class='ocrx_word' id='word_1_152' title='bbox 144 2424 182 2484; x_wconf 90' lang='lat' dir='ltr'>de</span> <span class='ocrx_word' id='word_1_153' title='bbox 205 2426 351 2506; x_wconf 88' lang='lat' dir='ltr'>scriptore</span> <span class='ocrx_word' id='word_1_154' title='bbox 370 2427 511 2488; x_wconf 88' lang='lat' dir='ltr'>carminis</span> <span class='ocrx_word' id='word_1_155' title='bbox 530 2425 623 2487; x_wconf 89' lang='lat' dir='ltr'>Varro</span> <span class='ocrx_word' id='word_1_156' title='bbox 645 2425 765 2487; x_wconf 86' lang='lat' dir='ltr'>indicat</span> <span class='ocrx_word' id='word_1_157' title='bbox 803 2424 840 2486; x_wconf 87' lang='lat' dir='ltr'>de</span> <span class='ocrx_word' id='word_1_158' title='bbox 863 2426 1056 2507; x_wconf 82' lang='lat' dir='ltr'>generatione</span> <span class='ocrx_word' id='word_1_159' title='bbox 1079 2432 1178 2485; x_wconf 89' lang='lat' dir='ltr'>autem</span> <span class='ocrx_word' id='word_1_160' title='bbox 1198 2440 1268 2503; x_wconf 86' lang='lat' dir='ltr'>apum</span> 
     </span>
     <span class='ocr_line' id='line_1_21' title="bbox 143 2528 1269 2614; baseline 0.001 -22"><span class='ocrx_word' id='word_1_161' title='bbox 143 2550 179 2592; x_wconf 83' lang='lat' dir='ltr'>ex</span> <span class='ocrx_word' id='word_1_162' title='bbox 198 2530 297 2593; x_wconf 88' lang='lat' dir='ltr'>bubus</span> <span class='ocrx_word' id='word_1_163' title='bbox 315 2535 460 2614; x_wconf 90' lang='lat' dir='ltr'>scriptum</span> <span class='ocrx_word' id='word_1_164' title='bbox 479 2534 571 2596; x_wconf 81' lang='lat' dir='ltr'>luisse</span> <span class='ocrx_word' id='word_1_165' title='bbox 590 2550 710 2595; x_wconf 91' lang='lat' dir='ltr'>carmen</span> <span class='ocrx_word' id='word_1_166' title='bbox 728 2530 923 2612; x_wconf 87' lang='lat' dir='ltr'>probabiliter</span> <span class='ocrx_word' id='word_1_167' title='bbox 945 2534 1141 2594; x_wconf 86' lang='lat' dir='ltr'>coniecerunt</span> <span class='ocrx_word' id='word_1_168' title='bbox 1158 2528 1269 2610; x_wconf 71' lang='lat' dir='ltr'>selige</span> 
     </span>
     <span class='ocr_line' id='line_1_22' title="bbox 143 2618 1271 2719; baseline 0.002 -22"><span class='ocrx_word' id='word_1_169' title='bbox 143 2638 175 2698; x_wconf 92' lang='lat' dir='ltr'>in</span> <span class='ocrx_word' id='word_1_170' title='bbox 203 2637 311 2700; x_wconf 88' lang='lat' dir='ltr'>Euseb.</span> <span class='ocrx_word' id='word_1_171' title='bbox 339 2639 441 2701; x_wconf 91' lang='lat' dir='ltr'>chron.</span> <span class='ocrx_word' id='word_1_172' title='bbox 465 2639 483 2702; x_wconf 88' lang='lat' dir='ltr'>l.</span> <span class='ocrx_word' id='word_1_173' title='bbox 507 2659 533 2702; x_wconf 90' lang='lat' dir='ltr'>c.</span> <span class='ocrx_word' id='word_1_174' title='bbox 561 2649 590 2702; x_wconf 91' lang='lat' dir='ltr'>et</span> <span class='ocrx_word' id='word_1_175' title='bbox 614 2638 776 2701; x_wconf 87' lang='lat' dir='ltr'>Salmasius</span> <span class='ocrx_word' id='word_1_176' title='bbox 804 2641 835 2699; x_wconf 94' lang='lat' dir='ltr'>in</span> <span class='ocrx_word' id='word_1_177' title='bbox 859 2638 951 2700; x_wconf 84' lang='lat' dir='ltr'>Solia.</span> <span class='ocrx_word' id='word_1_178' title='bbox 973 2658 1003 2719; x_wconf 91' lang='lat' dir='ltr'>p.</span> <span class='ocrx_word' id='word_1_179' title='bbox 1022 2634 1098 2701; x_wconf 82' lang='lat'><strong>859.</strong></span> <span class='ocrx_word' id='word_1_180' title='bbox 1144 2655 1208 2699; x_wconf 86' lang='lat' dir='ltr'>nam</span> <span class='ocrx_word' id='word_1_181' title='bbox 1225 2618 1271 2716; x_wconf 80' lang='lat' dir='ltr'>¹qui</span> 
     </span>
     <span class='ocr_line' id='line_1_23' title="bbox 144 2743 1272 2827; baseline 0.001 -24"><span class='ocrx_word' id='word_1_182' title='bbox 144 2743 181 2803; x_wconf 91' lang='lat' dir='ltr'>ad</span> <span class='ocrx_word' id='word_1_183' title='bbox 204 2745 338 2823; x_wconf 87' lang='lat' dir='ltr'>ipsorum</span> <span class='ocrx_word' id='word_1_184' title='bbox 361 2745 451 2808; x_wconf 91' lang='lat' dir='ltr'>boum</span> <span class='ocrx_word' id='word_1_185' title='bbox 474 2749 695 2827; x_wconf 81' lang='lat' dir='ltr'>generationem</span> <span class='ocrx_word' id='word_1_186' title='bbox 719 2746 900 2808; x_wconf 90' lang='lat' dir='ltr'>rettulerunt</span> <span class='ocrx_word' id='word_1_187' title='bbox 921 2745 1013 2825; x_wconf 89' lang='lat' dir='ltr'>idque</span> <span class='ocrx_word' id='word_1_188' title='bbox 1031 2743 1173 2807; x_wconf 83' lang='lat' dir='ltr'>Varronis</span> <span class='ocrx_word' id='word_1_189' title='bbox 1190 2743 1272 2806; x_wconf 84' lang='lat' dir='ltr'>verbis</span> 
     </span>
     <span class='ocr_line' id='line_1_24' title="bbox 144 2834 1272 2934; baseline 0.004 -25"><span class='ocrx_word' id='word_1_190' title='bbox 144 2848 221 2909; x_wconf 87' lang='lat' dir='ltr'>effici</span> <span class='ocrx_word' id='word_1_191' title='bbox 241 2848 407 2934; x_wconf 83' lang='lat' dir='ltr'>voluerunt,</span> <span class='ocrx_word' id='word_1_192' title='bbox 421 2834 692 2915; x_wconf 85' lang='lat' dir='ltr'>Marckscbetielius</span> <span class='ocrx_word' id='word_1_193' title='bbox 706 2851 825 2916; x_wconf 86' lang='lat' dir='ltr'>Hesiod.</span> <span class='ocrx_word' id='word_1_194' title='bbox 844 2854 947 2933; x_wconf 78' lang='lat' dir='ltr'>fragm.</span> <span class='ocrx_word' id='word_1_195' title='bbox 966 2872 994 2934; x_wconf 86' lang='lat' dir='ltr'>p.</span> <span class='ocrx_word' id='word_1_196' title='bbox 1008 2848 1075 2915; x_wconf 79' lang='lat'>239</span> <span class='ocrx_word' id='word_1_197' title='bbox 1094 2862 1126 2914; x_wconf 88' lang='lat' dir='ltr'>et</span> <span class='ocrx_word' id='word_1_198' title='bbox 1144 2851 1272 2932; x_wconf 73' lang='lat' dir='ltr'>tergun</span> 
     </span>
     <span class='ocr_line' id='line_1_25' title="bbox 145 2954 1273 3042; baseline 0.006 -27"><span class='ocrx_word' id='word_1_199' title='bbox 145 2973 219 3016; x_wconf 90' lang='lat' dir='ltr'>mus.</span> <span class='ocrx_word' id='word_1_200' title='bbox 238 2954 370 3019; x_wconf 88' lang='lat' dir='ltr'>Rhenan.</span> <span class='ocrx_word' id='word_1_201' title='bbox 390 2976 415 3019; x_wconf 92' lang='lat' dir='ltr'>a.</span> <span class='ocrx_word' id='word_1_202' title='bbox 437 2957 522 3022; x_wconf 82' lang='lat'>1842</span> <span class='ocrx_word' id='word_1_203' title='bbox 546 2980 574 3041; x_wconf 93' lang='lat' dir='ltr'>p.</span> <span class='ocrx_word' id='word_1_204' title='bbox 593 2957 668 3042; x_wconf 83' lang='lat'><strong>365,</strong></span> <span class='ocrx_word' id='word_1_205' title='bbox 686 2961 807 3022; x_wconf 81' lang='lat' dir='ltr'>facetias</span> <span class='ocrx_word' id='word_1_206' title='bbox 826 2961 973 3022; x_wconf 87' lang='lat' dir='ltr'>sermonis</span> <span class='ocrx_word' id='word_1_207' title='bbox 992 2957 1168 3021; x_wconf 80' lang='lat' dir='ltr'>varroniani</span> <span class='ocrx_word' id='word_1_208' title='bbox 1183 2975 1273 3039; x_wconf 80' lang='lat' dir='ltr'>parum</span> 
     </span>
     <span class='ocr_line' id='line_1_26' title="bbox 143 3061 1273 3149; baseline -0.001 -25"><span class='ocrx_word' id='word_1_209' title='bbox 143 3073 371 3143; x_wconf 85' lang='lat' dir='ltr'>perspexerunt.</span> <span class='ocrx_word' id='word_1_210' title='bbox 417 3065 474 3128; x_wconf 90' lang='lat' dir='ltr'>hoc</span> <span class='ocrx_word' id='word_1_211' title='bbox 505 3070 584 3129; x_wconf 91' lang='lat' dir='ltr'>enim</span> <span class='ocrx_word' id='word_1_212' title='bbox 616 3068 689 3129; x_wconf 91' lang='lat' dir='ltr'>dicit</span> <span class='ocrx_word' id='word_1_213' title='bbox 712 3066 850 3149; x_wconf 89' lang='lat' dir='ltr'>Vaccius,</span> <span class='ocrx_word' id='word_1_214' title='bbox 878 3085 910 3127; x_wconf 93' lang='lat' dir='ltr'>se</span> <span class='ocrx_word' id='word_1_215' title='bbox 940 3084 994 3127; x_wconf 91' lang='lat' dir='ltr'>sua</span> <span class='ocrx_word' id='word_1_216' title='bbox 1023 3061 1273 3145; x_wconf 88' lang='lat' dir='ltr'>disputationede</span> 
     </span>
     <span class='ocr_line' id='line_1_27' title="bbox 143 3170 1274 3252; baseline 0.004 -21"><span class='ocrx_word' id='word_1_217' title='bbox 143 3170 284 3252; x_wconf 79' lang='lat' dir='ltr'>dignitate</span> <span class='ocrx_word' id='word_1_218' title='bbox 313 3177 344 3231; x_wconf 91' lang='lat' dir='ltr'>et</span> <span class='ocrx_word' id='word_1_219' title='bbox 370 3175 550 3252; x_wconf 87' lang='lat' dir='ltr'>praestantia</span> <span class='ocrx_word' id='word_1_220' title='bbox 582 3173 671 3236; x_wconf 91' lang='lat' dir='ltr'>boum</span> <span class='ocrx_word' id='word_1_221' title='bbox 700 3171 826 3234; x_wconf 89' lang='lat' dir='ltr'>Varroni</span> <span class='ocrx_word' id='word_1_222' title='bbox 852 3190 913 3234; x_wconf 91' lang='lat' dir='ltr'>non</span> <span class='ocrx_word' id='word_1_223' title='bbox 941 3174 1040 3234; x_wconf 92' lang='lat' dir='ltr'>minus</span> <span class='ocrx_word' id='word_1_224' title='bbox 1067 3172 1274 3235; x_wconf 83' lang='lat' dir='ltr'>satistauurun</span> 
     </span>
     <span class='ocr_line' id='line_1_28' title="bbox 144 3280 862 3361; baseline 0.004 -23"><span class='ocrx_word' id='word_1_225' title='bbox 144 3296 219 3359; x_wconf 88' lang='lat' dir='ltr'>esse,</span> <span class='ocrx_word' id='word_1_226' title='bbox 239 3295 327 3358; x_wconf 90' lang='lat' dir='ltr'>quam</span> <span class='ocrx_word' id='word_1_227' title='bbox 351 3297 420 3340; x_wconf 90' lang='lat' dir='ltr'>eum</span> <span class='ocrx_word' id='word_1_228' title='bbox 443 3282 495 3360; x_wconf 91' lang='lat' dir='ltr'>qui</span> <span class='ocrx_word' id='word_1_229' title='bbox 518 3280 675 3361; x_wconf 83' lang='lat' dir='ltr'>hugoniam</span> <span class='ocrx_word' id='word_1_230' title='bbox 699 3282 862 3361; x_wconf 89' lang='lat' dir='ltr'>scripserit.</span> 
     </span>
    </p>

    <p class='ocr_par' dir='ltr' id='par_1_5' title="bbox 141 3382 1273 4000">
     <span class='ocr_line' id='line_1_29' title="bbox 232 3382 1273 3469; baseline 0.003 -22"><span class='ocrx_word' id='word_1_231' title='bbox 232 3382 252 3447; x_wconf 87' lang='grc'><strong>6</strong></span> <span class='ocrx_word' id='word_1_232' title='bbox 282 3384 416 3447; x_wconf 86' lang='lat' dir='ltr'>Bonum</span> <span class='ocrx_word' id='word_1_233' title='bbox 439 3387 597 3467; x_wconf 90' lang='lat' dir='ltr'>nouello]</span> <span class='ocrx_word' id='word_1_234' title='bbox 618 3390 741 3450; x_wconf 89' lang='lat' dir='ltr'>Nouello</span> <span class='ocrx_word' id='word_1_235' title='bbox 759 3387 887 3468; x_wconf 89' lang='lat' dir='ltr'>plurima</span> <span class='ocrx_word' id='word_1_236' title='bbox 904 3386 1082 3469; x_wconf 80' lang='lat' dir='ltr'>apographa,</span> <span class='ocrx_word' id='word_1_237' title='bbox 1101 3389 1273 3450; x_wconf 81' lang='lat' dir='ltr'>nouellorutt</span> 
     </span>
     <span class='ocr_line' id='line_1_30' title="bbox 142 3492 1272 3574; baseline 0.004 -22"><span class='ocrx_word' id='word_1_238' title='bbox 142 3494 172 3553; x_wconf 89' lang='lat' dir='ltr'>in</span> <span class='ocrx_word' id='word_1_239' title='bbox 196 3493 332 3571; x_wconf 89' lang='lat' dir='ltr'>principe</span> <span class='ocrx_word' id='word_1_240' title='bbox 356 3492 484 3555; x_wconf 87' lang='lat' dir='ltr'>editione</span> <span class='ocrx_word' id='word_1_241' title='bbox 503 3494 665 3557; x_wconf 89' lang='lat' dir='ltr'>Politianus</span> <span class='ocrx_word' id='word_1_242' title='bbox 686 3513 744 3556; x_wconf 94' lang='lat' dir='ltr'>non</span> <span class='ocrx_word' id='word_1_243' title='bbox 763 3495 902 3556; x_wconf 84' lang='lat' dir='ltr'>correxit.</span> <span class='ocrx_word' id='word_1_244' title='bbox 939 3497 1059 3556; x_wconf 82' lang='lat' dir='ltr'>nouello</span> <span class='ocrx_word' id='word_1_245' title='bbox 1077 3496 1111 3555; x_wconf 90' lang='lat' dir='ltr'>in</span> <span class='ocrx_word' id='word_1_246' title='bbox 1128 3494 1272 3574; x_wconf 69' lang='lat' dir='ltr'>archetypa</span> 
     </span>
     <span class='ocr_line' id='line_1_31' title="bbox 142 3598 1270 3685; baseline 0.005 -28"><span class='ocrx_word' id='word_1_247' title='bbox 142 3598 259 3659; x_wconf 88' lang='lat' dir='ltr'>videtur</span> <span class='ocrx_word' id='word_1_248' title='bbox 289 3600 433 3679; x_wconf 93' lang='lat' dir='ltr'>scriptum</span> <span class='ocrx_word' id='word_1_249' title='bbox 463 3600 568 3685; x_wconf 84' lang='lat' dir='ltr'>tuisse,</span> <span class='ocrx_word' id='word_1_250' title='bbox 595 3601 702 3663; x_wconf 92' lang='lat' dir='ltr'>deinde</span> <span class='ocrx_word' id='word_1_251' title='bbox 735 3609 902 3663; x_wconf 90' lang='lat' dir='ltr'>correctum</span> <span class='ocrx_word' id='word_1_252' title='bbox 934 3605 1134 3664; x_wconf 82' lang='lat' dir='ltr'>uouelloruut.</span> <span class='ocrx_word' id='word_1_253' title='bbox 1177 3602 1270 3663; x_wconf 77' lang='lat' dir='ltr'>tusa</span> 
     </span>
     <span class='ocr_line' id='line_1_32' title="bbox 142 3704 1268 3789; baseline 0.004 -25"><span class='ocrx_word' id='word_1_254' title='bbox 142 3705 198 3765; x_wconf 89' lang='lat' dir='ltr'>boc</span> <span class='ocrx_word' id='word_1_255' title='bbox 223 3723 283 3765; x_wconf 90' lang='lat' dir='ltr'>uno</span> <span class='ocrx_word' id='word_1_256' title='bbox 307 3704 371 3767; x_wconf 93' lang='lat' dir='ltr'>loco</span> <span class='ocrx_word' id='word_1_257' title='bbox 394 3710 425 3768; x_wconf 92' lang='lat' dir='ltr'>in</span> <span class='ocrx_word' id='word_1_258' title='bbox 449 3708 609 3789; x_wconf 82' lang='lat' dir='ltr'>archetypo</span> <span class='ocrx_word' id='word_1_259' title='bbox 633 3710 778 3788; x_wconf 87' lang='lat' dir='ltr'>scriptum</span> <span class='ocrx_word' id='word_1_260' title='bbox 802 3708 875 3787; x_wconf 81' lang='lat' dir='ltr'>luit,</span> <span class='ocrx_word' id='word_1_261' title='bbox 898 3716 1054 3788; x_wconf 88' lang='lat' dir='ltr'>praeterea</span> <span class='ocrx_word' id='word_1_262' title='bbox 1080 3709 1169 3770; x_wconf 81' lang='lat' dir='ltr'>boum</span> <span class='ocrx_word' id='word_1_263' title='bbox 1195 3722 1268 3786; x_wconf 81' lang='lat' dir='ltr'>snpra</span> 
     </span>
     <span class='ocr_line' id='line_1_33' title="bbox 142 3808 1266 3898; baseline -0.002 -24"><span class='ocrx_word' id='word_1_264' title='bbox 142 3809 212 3874; x_wconf 81' lang='lat' dir='ltr'>4et</span> <span class='ocrx_word' id='word_1_265' title='bbox 231 3808 252 3874; x_wconf 83' lang='lat'>5</span> <span class='ocrx_word' id='word_1_266' title='bbox 276 3821 306 3874; x_wconf 88' lang='lat' dir='ltr'>et</span> <span class='ocrx_word' id='word_1_267' title='bbox 328 3813 434 3876; x_wconf 91' lang='lat' dir='ltr'>deinde</span> <span class='ocrx_word' id='word_1_268' title='bbox 460 3813 488 3891; x_wconf 81' lang='lat'>7,</span> <span class='ocrx_word' id='word_1_269' title='bbox 507 3812 541 3898; x_wconf 79' lang='lat'>63</span> <span class='ocrx_word' id='word_1_270' title='bbox 570 3818 673 3878; x_wconf 82' lang='lat' dir='ltr'>bouem</span> <span class='ocrx_word' id='word_1_271' title='bbox 696 3818 727 3876; x_wconf 87' lang='lat' dir='ltr'>in</span> <span class='ocrx_word' id='word_1_272' title='bbox 750 3814 852 3876; x_wconf 87' lang='lat' dir='ltr'>codice</span> <span class='ocrx_word' id='word_1_273' title='bbox 881 3813 1055 3877; x_wconf 85' lang='lat' dir='ltr'>Florentino</span> <span class='ocrx_word' id='word_1_274' title='bbox 1082 3814 1217 3877; x_wconf 87' lang='lat' dir='ltr'>Varronis</span> <span class='ocrx_word' id='word_1_275' title='bbox 1238 3810 1266 3872; x_wconf 84' lang='lat' dir='ltr'>dt</span> 
     </span>
     <span class='ocr_line' id='line_1_34' title="bbox 141 3917 413 4000; baseline 0.018 -21"><span class='ocrx_word' id='word_1_276' title='bbox 141 3918 211 4000; x_wconf 82' lang='lat' dir='ltr'>ling.</span> <span class='ocrx_word' id='word_1_277' title='bbox 230 3917 278 3981; x_wconf 91' lang='lat' dir='ltr'>lat.</span> <span class='ocrx_word' id='word_1_278' title='bbox 302 3919 342 3980; x_wconf 82' lang='lat' dir='ltr'>IX</span> <span class='ocrx_word' id='word_1_279' title='bbox 361 3918 413 3984; x_wconf 85' lang='lat'>33.</span> 
     </span>
    </p>

    <p class='ocr_par' dir='ltr' id='par_1_6' title="bbox 142 4027 1262 4537">
     <span class='ocr_line' id='line_1_35' title="bbox 232 4027 1262 4110; baseline -0.002 -23"><span class='ocrx_word' id='word_1_280' title='bbox 232 4027 325 4098; x_wconf 83' lang='lat' dir='ltr'>Quae</span> <span class='ocrx_word' id='word_1_281' title='bbox 351 4028 492 4090; x_wconf 90' lang='lat' dir='ltr'>sterilis</span> <span class='ocrx_word' id='word_1_282' title='bbox 515 4038 569 4092; x_wconf 89' lang='lat' dir='ltr'>est</span> <span class='ocrx_word' id='word_1_283' title='bbox 597 4048 704 4092; x_wconf 89' lang='lat' dir='ltr'>uacca</span> <span class='ocrx_word' id='word_1_284' title='bbox 732 4039 834 4091; x_wconf 88' lang='lat' dir='ltr'>taura</span> <span class='ocrx_word' id='word_1_285' title='bbox 861 4028 1041 4110; x_wconf 89' lang='lat' dir='ltr'>appellata</span> <span class='ocrx_word' id='word_1_286' title='bbox 1068 4047 1160 4110; x_wconf 86' lang='lat' dir='ltr'>quae</span> <span class='ocrx_word' id='word_1_287' title='bbox 1181 4042 1262 4110; x_wconf 85' lang='lat' dir='ltr'>prae·</span> 
     </span>
     <span class='ocr_line' id='line_1_36' title="bbox 142 4132 1261 4212; baseline -0.003 -19"><span class='ocrx_word' id='word_1_288' title='bbox 142 4151 227 4212; x_wconf 82' lang='lat' dir='ltr'>gnas</span> <span class='ocrx_word' id='word_1_289' title='bbox 264 4132 375 4193; x_wconf 88' lang='lat' dir='ltr'>horda</span> <span class='ocrx_word' id='word_1_290' title='bbox 408 4135 448 4195; x_wconf 92' lang='lat' dir='ltr'>ab</span> <span class='ocrx_word' id='word_1_291' title='bbox 481 4155 521 4197; x_wconf 94' lang='lat' dir='ltr'>eo</span> <span class='ocrx_word' id='word_1_292' title='bbox 553 4139 589 4197; x_wconf 87' lang='lat' dir='ltr'>in</span> <span class='ocrx_word' id='word_1_293' title='bbox 622 4136 789 4198; x_wconf 77' lang='lat' dir='ltr'>fastidies</span> <span class='ocrx_word' id='word_1_294' title='bbox 821 4135 1023 4198; x_wconf 90' lang='lat' dir='ltr'>hordicalia</span> <span class='ocrx_word' id='word_1_295' title='bbox 1056 4138 1261 4199; x_wconf 85' lang='lat' dir='ltr'>nominantur</span> 
     </span>
     <span class='ocr_line' id='line_1_37' title="bbox 143 4236 1258 4322; baseline 0.009 -26"><span class='ocrx_word' id='word_1_296' title='bbox 143 4236 236 4317; x_wconf 91' lang='lat' dir='ltr'>quod</span> <span class='ocrx_word' id='word_1_297' title='bbox 265 4245 337 4298; x_wconf 91' lang='lat' dir='ltr'>tum</span> <span class='ocrx_word' id='word_1_298' title='bbox 365 4239 497 4302; x_wconf 87' lang='lat' dir='ltr'>bordae</span> <span class='ocrx_word' id='word_1_299' title='bbox 525 4241 636 4304; x_wconf 91' lang='lat' dir='ltr'>boues</span> <span class='ocrx_word' id='word_1_300' title='bbox 663 4242 905 4322; x_wconf 88' lang='lat' dir='ltr'>immolantur]</span> <span class='ocrx_word' id='word_1_301' title='bbox 934 4244 1115 4322; x_wconf 72' lang='lat' dir='ltr'>Appellasur</span> <span class='ocrx_word' id='word_1_302' title='bbox 1141 4241 1258 4305; x_wconf 63' lang='lat' dir='ltr'>editiones</span> 
     </span>
     <span class='ocr_line' id='line_1_38' title="bbox 142 4341 1253 4431; baseline 0.01 -29"><span class='ocrx_word' id='word_1_303' title='bbox 142 4351 210 4403; x_wconf 84' lang='lat' dir='ltr'>ante</span> <span class='ocrx_word' id='word_1_304' title='bbox 234 4341 404 4427; x_wconf 78' lang='lat' dir='ltr'>victorium,</span> <span class='ocrx_word' id='word_1_305' title='bbox 427 4350 479 4427; x_wconf 91' lang='lat' dir='ltr'>qui</span> <span class='ocrx_word' id='word_1_306' title='bbox 502 4354 654 4426; x_wconf 84' lang='lat' dir='ltr'>appellato</span> <span class='ocrx_word' id='word_1_307' title='bbox 677 4369 713 4411; x_wconf 84' lang='lat' dir='ltr'>ex</span> <span class='ocrx_word' id='word_1_308' title='bbox 736 4350 837 4412; x_wconf 89' lang='lat' dir='ltr'>codice</span> <span class='ocrx_word' id='word_1_309' title='bbox 861 4353 984 4431; x_wconf 85' lang='lat' dir='ltr'>recepit</span> <span class='ocrx_word' id='word_1_310' title='bbox 1022 4350 1186 4427; x_wconf 71' lang='lat' dir='ltr'>lufmlldiea</span> <span class='ocrx_word' id='word_1_311' title='bbox 1200 4361 1253 4424; x_wconf 67' lang='lat' dir='ltr'>tut</span> 
     </span>
     <span class='ocr_line' id='line_1_39' title="bbox 142 4448 1253 4537; baseline 0.011 -29"><span class='ocrx_word' id='word_1_312' title='bbox 142 4448 265 4531; x_wconf 81' lang='lat' dir='ltr'>grapho,</span> <span class='ocrx_word' id='word_1_313' title='bbox 293 4454 324 4511; x_wconf 83' lang='lat' dir='ltr'>iu</span> <span class='ocrx_word' id='word_1_314' title='bbox 348 4451 440 4528; x_wconf 80' lang='lat' dir='ltr'>suetis</span> <span class='ocrx_word' id='word_1_315' title='bbox 467 4456 531 4516; x_wconf 82' lang='lat' dir='ltr'>dies</span> <span class='ocrx_word' id='word_1_316' title='bbox 559 4457 589 4516; x_wconf 94' lang='lat' dir='ltr'>in</span> <span class='ocrx_word' id='word_1_317' title='bbox 616 4459 752 4537; x_wconf 91' lang='lat' dir='ltr'>principe</span> <span class='ocrx_word' id='word_1_318' title='bbox 780 4455 910 4520; x_wconf 88' lang='lat' dir='ltr'>editione</span> <span class='ocrx_word' id='word_1_319' title='bbox 939 4456 1105 4519; x_wconf 83' lang='lat' dir='ltr'>Politianus</span> <span class='ocrx_word' id='word_1_320' title='bbox 1130 4471 1183 4518; x_wconf 82' lang='lat' dir='ltr'>nou</span> <span class='ocrx_word' id='word_1_321' title='bbox 1204 4465 1253 4512; x_wconf 55' lang='grc' dir='ltr'>σοῦ</span> 
     </span>
    </p>
   </div>
   <div class='ocr_carea' id='block_1_4' title="bbox 0 0 1442 4994">
    <p class='ocr_par' dir='ltr' id='par_1_7' title="bbox 0 0 1442 4994">
     <span class='ocr_line' id='line_1_40' title="bbox 0 0 1442 4994; baseline 0 0"><span class='ocrx_word' id='word_1_322' title='bbox 0 0 1442 4994; x_wconf 95' lang='lat' dir='ltr'> </span> 
     </span>
    </p>
   </div>
  </div>
 </body>
</html>
