2874 4994
235 311 279 376 42
595 317 785 375 COMMENT.
803 317 844 375 IN
863 316 1020 373 CATONIS

319 473 340 537 4
373 473 463 536 Villa
486 474 604 555 lapide
628 473 724 536 calce
748 473 977 536 fundamenta
1001 492 1109 554 supra
1132 483 1265 537 terram
1289 474 1378 556 pede

235 593 376 645 ceteros
408 585 567 663 parietes
598 602 637 644 ex
665 583 778 644 latere
806 585 1015 662 iugumenta
1042 592 1077 644 et
1103 590 1378 662 antepagmenta

235 709 322 771 quae
355 709 442 771 opus
475 702 581 752 erunt
613 690 750 752 indicto
783 698 903 751 cetera
931 688 987 750 lex
1015 691 1068 750 uti
1095 689 1181 750 uilla
1209 707 1250 750 er
1278 689 1378 751 calce

234 800 431 860 caementis
454 800 609 878 pretium
633 800 667 859 in
692 798 831 877 tegulas
855 797 1016 877 singulas
1036 814 1063 857 n.
1082 814 1106 857 s.
1125 794 1203 858 loco
1221 795 1378 877 salubri]
1402 872 1407 883 ,

241 906 316 968 Villo
336 909 437 984 lapide
449 906 651 982 fundamenta
671 909 757 967 calce
769 923 865 982 snpra
880 913 995 967 terram
1005 907 1093 986 pede,
1112 912 1228 967 ceteros
1239 907 1377 983 parietes

231 1033 272 1076 ex
294 1019 403 1088 lutere,
432 1017 607 1088 incramenta
634 1022 664 1075 et
687 1020 920 1090 antepapmenta
949 1029 1028 1087 quae
1055 1030 1130 1090 opus
1153 1019 1245 1074 nunt
1271 1015 1377 1075 ndito

233 1128 337 1182 cetera
364 1125 415 1183 lex
442 1124 488 1182 ati
513 1124 584 1182 villo
612 1138 652 1182 cx
679 1123 764 1181 ealce
791 1126 822 1180 et
846 1126 994 1180 cemento:
1018 1121 1294 1196 pronominantur
1316 1123 1378 1181 sia·

230 1231 321 1304 palos
348 1231 407 1290 duo
436 1232 470 1290 id
496 1238 539 1291 est
567 1232 597 1288 in
621 1232 687 1289 loco
709 1228 829 1288 salubri
850 1224 975 1304 Merula,
1001 1229 1091 1287 villae
1109 1224 1315 1302 fundamenta
1338 1246 1379 1291 ex

232 1340 375 1397 cementis
397 1345 426 1397 et
449 1339 535 1398 colec
556 1353 652 1413 snpra
676 1342 790 1396 terram
810 1336 897 1411 pede,
920 1341 1037 1395 ceteros
1056 1335 1193 1410 parietes
1210 1352 1251 1395 ea:
1269 1337 1377 1410 lutere,

232 1447 407 1519 iupamento
431 1451 461 1505 et
483 1450 729 1521 ontepupmenta,
757 1460 836 1517 qnae
859 1459 933 1517 opas
956 1447 1058 1515 erunt,
1083 1458 1123 1501 ca
1145 1442 1248 1518 lupide
1271 1444 1378 1504 indito.

233 1560 337 1613 cetero
365 1555 416 1612 len
439 1554 486 1612 uti
507 1554 580 1612 stilla
603 1568 643 1611 ex
666 1553 751 1611 calce
774 1556 803 1610 et
826 1551 969 1610 cementis
991 1550 1020 1608 εἰ
1038 1551 1095 1621 fiet
1119 1551 1150 1608 ia
1172 1550 1293 1625 tepulae
1314 1552 1379 1611 sin·

230 1663 319 1736 pulos
347 1660 382 1718 Ν.
411 1659 449 1718 ΙΙ
469 1659 499 1717 S.
528 1660 559 1718 in
591 1659 657 1717 loco
684 1658 803 1717 salubri
829 1653 988 1716 lucundus.
1038 1654 1194 1717 lectionem
1222 1654 1380 1736 archetypi

232 1784 299 1827 cum
323 1764 527 1825 emendatione
551 1762 680 1823 Merulae
705 1766 799 1825 indito
823 1761 971 1824 Victorius
996 1764 1140 1844 restituit,
1167 1761 1218 1823 ubi
1241 1766 1316 1826 oilla
1339 1782 1380 1826 es

232 1875 333 1950 lapide
356 1876 442 1933 ealce
465 1868 629 1931 Pontedera
653 1888 680 1948 p.
699 1867 757 1952 40,
785 1878 889 1932 cetero
912 1875 962 1933 lex
984 1874 1032 1931 uti
1053 1874 1143 1932 rottae
1166 1868 1393 1953 Schneiderus,

233 1984 264 2040 in
288 1983 405 2055 tepulae
427 1981 564 2054 stapulas
584 1979 621 2037 ΙΙ
632 1979 658 2038 S
673 1977 823 2038 Gesnerus
847 1985 1050 2039 correxerunt.
1095 1984 1164 2058 post
1187 1996 1219 2038 ea
1244 1996 1323 2058 quae
1343 1978 1380 2041 de

234 2085 300 2147 villa
324 2105 358 2147 ex
383 2085 462 2146 calce
486 2093 517 2145 et
539 2086 700 2145 caementis
724 2084 855 2145 iacienda
879 2091 963 2145 antea
983 2093 1139 2163 praecepta
1159 2091 1243 2146 erant
1267 2085 1380 2147 descri-

232 2192 345 2255 buntur
364 2211 398 2254 ea
417 2210 492 2272 quae
511 2191 626 2253 invilla
646 2211 681 2252 ex
700 2190 796 2272 lapide
817 2200 847 2253 et
865 2190 945 2253 calce
965 2191 1000 2252 ad
1021 2191 1113 2272 legem
1129 2193 1378 2273 suprascriptam

133 2288 138 2304 ’
234 2300 388 2362 accedunt.

325 2404 345 2469 5
373 2406 421 2468 Ex
449 2409 550 2486 signo
578 2409 831 2485 manipretium
859 2408 930 2467 erit
957 2406 1033 2467 loco
1061 2405 1265 2485 pestilenti]
1294 2408 1378 2470 Loco

233 2519 386 2593 pestilenti
402 2512 472 2574 lihri
490 2533 578 2574 manu
598 2515 702 2593 scripti
722 2521 752 2573 et
771 2512 914 2574 editiones
934 2515 1164 2592 antiquissimae.
1195 2516 1261 2575 loco
1275 2516 1379 2576 omisit

237 2622 386 2682 Victorius
409 2630 440 2680 et
462 2620 569 2680 deinde
592 2619 702 2699 reliqui
724 2618 862 2679 editores.
900 2639 939 2680 etc
962 2623 1048 2695 siano
1071 2622 1284 2697 manipretium
1303 2621 1377 2701 quid

236 2731 283 2809 sit,
307 2747 366 2788 non
390 2735 514 2787 constat
552 2744 618 2786 nam
642 2729 740 2806 inepte
760 2725 869 2807 Popma
893 2728 1010 2805 signum
1029 2728 1242 2809 interpretatus
1261 2735 1308 2788 est
1327 2726 1377 2789 de·

235 2837 427 2915 scriptionem
459 2834 558 2913 operis
590 2833 636 2893 vel
669 2833 791 2895 lormam
819 2836 963 2913 signatam
989 2842 1078 2914 atque
1106 2852 1286 2913 expressam.
1338 2852 1378 2897 ea

234 2948 316 3020 liqna
340 2942 490 3002 Gesnerus
513 2942 640 3001 coniecit
663 2940 718 3001 hac
742 2939 839 3001 addita
863 2942 1115 3021 interpretatione,
1139 2936 1191 3001 ‘de
1215 2940 1287 3021 ligni
1310 2960 1377 3003 cae·

234 3049 324 3111 dendi
347 3048 484 3110 mercede
507 3045 696 3126 peculiariter
719 3047 942 3128 transigendum
966 3066 1063 3127 neque
1086 3055 1289 3127 computatum
1309 3068 1379 3112 esse

235 3160 265 3218 in
289 3158 386 3236 pretio
409 3174 463 3235 per
486 3156 599 3236 tegulas
623 3149 802 3217 aestimato'.

324 3265 379 3323 XV
396 3261 412 3325 1
437 3266 575 3325 Columcn
591 3283 622 3341 p.
638 3264 658 3323 Ι
672 3262 840 3343 apographa
859 3274 888 3324 et
907 3282 942 3324 ex
962 3265 1026 3342 ipso
1045 3262 1205 3344 archetypo
1219 3262 1380 3327 Victorius.

234 3373 331 3432 errori
358 3370 495 3432 Politiani
523 3369 713 3432 tribuendum
743 3379 800 3450 est,
832 3369 910 3449 qnod
938 3375 1072 3431 columen
1098 3391 1128 3447 p.
1160 3372 1185 3428 1⁷
1209 3390 1244 3432 ex
1273 3372 1379 3434 codice

233 3478 389 3540 adnotavit.

320 3584 340 3646 2
369 3583 664 3664 Sesquipedalem
690 3587 863 3664 parietem
887 3584 1051 3646 dominus
1075 3584 1303 3647 fundamenta
1328 3587 1379 3648 la·

232 3694 303 3752 ciat
331 3698 365 3751 et
391 3690 430 3751 ad
462 3709 549 3770 opus
578 3691 749 3769 praebeat
777 3691 887 3753 calcis
915 3694 948 3753 in
977 3711 1004 3771 p.
1029 3692 1191 3771 singulos
1219 3691 1380 3772 longitu-

232 3797 349 3858 dinem
377 3816 466 3877 opus
495 3807 549 3859 est
577 3817 682 3860 unum
705 3798 858 3860 harenae
882 3799 1018 3860 modios
1041 3799 1143 3878 duos]
1167 3801 1203 3861 Si
1223 3804 1378 3879 respuite-

232 3907 330 3966 dalem
350 3909 499 3983 parietem
523 3908 660 3968 dominns
679 3907 879 3983 fundamento
899 3906 1001 3982 saciat
1019 3915 1048 3968 et
1066 3910 1110 3968 od
1127 3926 1201 3985 opus
1215 3910 1380 3985 praebeat,

231 4019 293 4075 tres
321 4016 415 4090 pedes
447 4016 630 4089 lonpitndini
660 4032 735 4091 optes
767 4021 810 4074 est
840 4017 935 4075 calcis
963 4017 1093 4075 medinm
1120 4032 1225 4088 unam,
1258 4034 1380 4079 arenae

231 4123 344 4181 modios
367 4124 442 4180 dnos
460 4117 581 4199 Merula,
604 4123 632 4180 si
653 4123 889 4197 sesquipcdctlem
910 4125 1059 4197 parietem
1081 4124 1218 4182 dominus
1237 4126 1378 4200 voluerit,

227 4226 429 4302 fundamento
449 4227 550 4303 saciet
573 4230 668 4288 etad
689 4246 763 4304 apres
783 4230 941 4305 praebent,
965 4232 995 4289 ei
1017 4232 1201 4303 lonpitudint'
1222 4237 1251 4290 et
1272 4233 1376 4292 latitu-

232 4335 299 4393 dini
320 4335 350 4392 in
371 4335 464 4409 pedes
487 4338 621 4409 sinprdos
645 4338 814 4396 altitudinis
837 4353 912 4411 opas
934 4344 978 4396 est
1001 4338 1095 4395 calcis
1118 4338 1249 4396 modium
1272 4355 1377 4411 unum,

229 4458 347 4507 arenae
379 4442 493 4501 modios
525 4444 600 4503 drtos
628 4441 787 4503 lucundus.
838 4440 990 4522 archetypi
1019 4445 1198 4521 scripturam
1226 4441 1378 4506 Victorius
