2874 4994
249 333 311 396 146
608 338 800 394 COMMEXT.
819 338 859 391 IX
877 336 1035 393 CATONIS

244 498 393 570 prondiri
418 493 510 554 scribi
538 493 631 552 rnlnit
655 493 807 553 Zanderus
831 491 849 551 Ι.
872 511 898 551 c.
925 493 1023 570 potuit
1047 500 1145 551 tamen
1168 490 1248 551 idem
1273 490 1391 553 rerbun

245 603 432 662 intransitive
465 600 537 679 dici,
570 600 650 679 qnod
682 582 731 659 arb
760 601 971 674 prondescere
1002 597 1157 677 dixerunt,
1189 600 1272 658 sicut
1300 602 1393 660 lenire

246 708 360 769 dictum
389 718 436 768 est
463 708 540 788 apud
565 707 702 768 Plautum
732 707 791 766 mil.
817 707 890 785 glor.
914 703 981 768 583
1008 709 1079 767 dum
1107 709 1167 767 boe
1193 710 1394 768 consilescunt

248 818 359 876 turbae
381 825 473 891 atque
496 819 564 876 irae
587 819 704 876 leniunt
726 826 756 874 et
776 814 878 873 eadem
898 814 1113 893 significatione
1132 832 1251 889 erupere
1269 814 1393 893 saepius.

334 920 355 983 3
379 920 546 982 Eiusdem
566 924 619 981 rei
637 940 722 1000 ergo
743 932 855 981 macte
875 921 975 981 bisce
994 919 1309 981 suouitaurilibus
1326 919 1393 981 lec·

247 1028 409 1089 tentibus
440 1039 518 1089 esto
552 1031 636 1088 item
669 1037 748 1088 esto
778 1030 862 1087 item
894 1027 1014 1088 cultro
1047 1029 1158 1089 tacito
1191 1035 1332 1088 struem
1362 1022 1407 1088 et'

246 1136 377 1196 fertum
392 1138 445 1195 uti
459 1135 577 1195 adsiet
590 1135 671 1195 inde
686 1132 1393 1212 obmoueto]Solitnurilibuslaetentibusesto.

246 1247 315 1304 item
348 1246 447 1303 cultro
477 1241 576 1318 facito
603 1261 667 1321 sqq.
697 1241 857 1302 iucundus.
908 1241 1064 1302 formulam
1096 1243 1279 1321 precationis
1309 1242 1393 1303 llors

240 1359 335 1427 poter
363 1352 497 1410 eiusdem
525 1353 574 1410 ret
599 1368 674 1424 erpo
702 1358 801 1410 morte
827 1351 912 1410 bisce
933 1352 1190 1410 suovetaurilibus
1211 1350 1392 1410 lactentibus

247 1459 435 1517 immolandis
462 1465 525 1517 esto
552 1474 569 1515 a
593 1455 703 1515 Catone
732 1465 778 1516 ter
806 1459 931 1535 positam
960 1456 1066 1535 luisse,
1094 1458 1183 1516 tertio
1210 1455 1278 1517 loco
1304 1474 1390 1517 unum

247 1562 370 1623 verbum
393 1573 456 1624 esto
479 1565 509 1623 in
534 1562 618 1623 libris
638 1562 775 1623 relictum
794 1581 861 1623 esse
880 1561 1032 1622 Zanderus
1051 1581 1079 1641 p.
1095 1560 1137 1623 38
1157 1565 1296 1623 coniecit.
1334 1572 1391 1625 esto

247 1672 325 1750 item,
349 1688 424 1748 quae
448 1672 478 1729 in
502 1669 663 1749 archetypo
687 1669 732 1729 bis
752 1673 863 1748 scripta
882 1680 975 1749 erant,
999 1669 1115 1729 inclusi.
1152 1669 1261 1730 deinde
1280 1669 1389 1750 reliqua

247 1776 288 1835 ita
311 1776 511 1836 continuanda
535 1784 615 1856 sunt,
639 1780 708 1837 item
727 1781 827 1837 cultro
845 1775 943 1852 sorite
961 1784 1074 1837 strnem
1094 1784 1124 1836 et
1138 1775 1257 1851 sertum
1274 1780 1324 1837 ntt'
1340 1779 1388 1837 od·
1416 1822 1423 1837 .

245 1886 310 1957 siet,
334 1885 406 1944 inde
428 1885 588 1959 obmoveto,
612 1883 641 1945 b.
655 1903 681 1944 e.
705 1885 793 1944 tacito
816 1892 850 1944 ut
873 1892 973 1943 strues
991 1892 1022 1942 et
1041 1883 1150 1943 [ertum
1170 1883 1270 1944 adsint
1288 1883 1389 1964 cultro,

246 2008 305 2067 quo
329 1989 443 2050 hostiae
468 2001 641 2071 mactantur,
665 1999 696 2050 et
718 1991 787 2051 inde
810 2009 844 2051 ea
866 1990 1029 2050 obmoveto.
1068 2009 1136 2050 nam
1154 1999 1238 2051 extra
1257 1991 1387 2052 ordinem

246 2097 342 2175 posito
361 2097 458 2158 dativo
477 2116 548 2158 casu
567 2103 667 2159 cultro
687 2098 795 2158 iactum
816 2107 862 2157 est
881 2106 915 2157 ut
933 2099 1093 2158 accusativi
1106 2106 1222 2158 struem
1236 2106 1267 2158 et
1276 2097 1386 2174 [ertum

246 2212 314 2281 post
336 2203 460 2264 verbum
480 2204 579 2281 scotto
599 2192 790 2284 ponerentur,
814 2223 991 2284 quamquam
1010 2206 1041 2264 in
1060 2204 1115 2264 bac
1134 2204 1296 2266 verborum
1315 2224 1387 2267 conr·

245 2313 401 2390 positione,
421 2331 489 2372 cum
508 2314 694 2372 accusativus
713 2314 842 2372 nominis
861 2331 929 2372 cum
948 2314 1089 2392 primario
1108 2311 1199 2371 rerbo
1214 2314 1388 2373 coniunctus

245 2417 378 2478 subiecta
398 2421 601 2480 enuntiatione
621 2422 789 2481 accuratius
807 2420 957 2500 delinitur,
976 2420 1006 2480 id
1025 2438 1133 2480 nomen
1148 2420 1280 2498 primum
1295 2419 1389 2480 locum

246 2524 380 2585 obtinere
396 2526 484 2586 solet:
504 2524 533 2606 8,
548 2524 569 2586 2
586 2545 679 2587 nuces
693 2530 805 2600 colcos,
825 2529 991 2601 abellanas,
1006 2529 1233 2602 praenestinos,
1248 2544 1388 2602 praeces,

244 2633 323 2692 boec
338 2630 436 2706 socito
455 2636 502 2692 nti
517 2642 672 2712 seruntur,
690 2631 775 2712 31,1
798 2642 895 2695 nectes
910 2637 1044 2708 dioneos,
1063 2632 1241 2709 oorusolios,
1259 2638 1389 2707 loureos,

245 2742 358 2799 ulmeos
386 2737 485 2814 soeito
513 2743 560 2799 nti
584 2743 664 2800 sient
686 2745 806 2818 parati,
839 2739 936 2820 322
965 2743 1093 2802 arbores
1117 2740 1217 2816 facito
1244 2745 1293 2801 nti
1318 2744 1391 2803 dene

245 2849 377 2906 moritne
403 2849 476 2919 sint,
509 2843 562 2926 33,
588 2843 604 2906 1
634 2851 752 2908 vitream
780 2851 825 2907 sic
849 2847 947 2923 socito
975 2851 1022 2908 nti
1048 2858 1184 2923 curetur,
1215 2846 1271 2930 41,
1294 2846 1317 2909 4
1343 2866 1392 2909 eos

244 2955 384 3012 surculos
404 2950 502 3027 socito
524 2956 585 3012 sint
607 2958 692 3029 lonqt'
710 2957 805 3031 pedes
828 2958 922 3028 binos,
949 2953 1055 3034 133,3
1078 2958 1182 3016 eodem
1203 2958 1293 3016 modo
1311 2957 1391 3031 quod

245 3062 289 3118 ois
310 3043 409 3133 ocnns
431 3061 576 3119 orborum
596 3059 706 3135 faeere
724 3065 840 3138 poteris
859 3065 906 3121 ntr'
923 3063 1046 3122 radices
1065 3064 1141 3122 bene
1159 3063 1304 3135 babeant,
1327 3058 1391 3141 2,5

245 3183 325 3241 quoe
343 3169 462 3241 reliquo
481 3184 576 3243 opero
594 3170 655 3228 sint
673 3187 789 3229 curare
807 3172 854 3228 nti
863 3172 1078 3245 perficiantur,
1097 3164 1159 3246 5‚5
1173 3171 1276 3228 nullom
1290 3170 1392 3228 vident

245 3276 353 3333 clauso
380 3277 427 3334 nti
451 3277 520 3348 siet,
552 3271 662 3354 108,1
692 3280 793 3336 vinnm
820 3279 849 3335 si
875 3279 954 3336 noles
974 3278 1121 3352 experiri
1145 3278 1333 3336 duraturum
1355 3278 1394 3336 stt

244 3398 347 3441 necne.

332 3485 354 3547 4
391 3486 457 3547 Ubi
493 3505 639 3565 porcum
676 3488 877 3549 immolabis
914 3508 1040 3569 agnum
1078 3488 1308 3569 uitulumque
1341 3493 1391 3551 sic

244 3603 389 3674 oportet
420 3596 572 3672 eiusque
599 3596 652 3654 rei
681 3613 764 3674 ergo
794 3604 905 3656 macte
934 3595 1243 3657 suouitaurilibus
1272 3600 1392 3658 immo·

244 3701 361 3761 landis
389 3709 465 3760 esto
495 3702 678 3762 nominare
707 3710 806 3762 uetat
834 3712 980 3763 martem
1005 3721 1120 3781 neque
1143 3720 1272 3781 agnum
1297 3707 1390 3765 uitu-

244 3806 400 3886 lumque]
426 3809 579 3883 lloinsque
597 3828 633 3869 re
652 3828 735 3891 erqo,
759 3808 786 3869 b.
806 3828 831 3870 e.
851 3810 975 3870 lntiusce
995 3813 1038 3870 rei
1057 3829 1137 3890 ergo,
1161 3810 1316 3871 Zanderus
1334 3811 1352 3873 1.
1366 3829 1402 3872 c·

244 3915 334 3974 immo
366 3924 417 3975 aut
444 3919 577 3977 eiusdem
605 3921 653 3977 ret
679 3936 753 3991 erqo
781 3916 972 3978 scribendum
1001 3927 1059 3998 cst,
1092 3927 1126 3978 ut
1153 3920 1300 3996 scriptum
1328 3925 1390 3979 erat

244 4040 332 4100 supra
353 4030 383 4082 et
399 4020 471 4103 134,
482 4020 511 4104 3,
530 4033 581 4083 aut
600 4023 696 4084 deleta
715 4042 774 4098 qne
793 4024 935 4102 particula
951 4027 1017 4084 eins
1031 4027 1080 4084 rei
1092 4043 1175 4106 erpo,
1195 4034 1229 4085 ut
1242 4044 1269 4087 c.
1287 4024 1384 4106 132‚1

243 4138 273 4189 ct
300 4126 370 4189 139.
416 4129 523 4189 deinde
554 4129 642 4190 verba
671 4138 812 4208 corrupta
839 4134 997 4191 nominare
1024 4138 1106 4191 vetat
1133 4131 1267 4192 Mortem
1294 4150 1388 4208 neone

243 4252 355 4310 npnttm
380 4238 563 4312 vitulumque
586 4245 734 4316 tamquam
759 4236 795 4296 ab
819 4239 1030 4315 interpolatore
1055 4239 1151 4299 addita
1176 4237 1301 4299 delenda
1323 4256 1384 4298 esse

243 4341 387 4401 londanus
414 4341 529 4420 ephem.
558 4342 680 4404 litterar.
709 4343 844 4404 German.
873 4363 897 4404 a.
923 4342 1009 4406 1882
1037 4364 1064 4425 p.
1090 4341 1176 4406 1529
1204 4345 1382 4423 significarit

243 4451 273 4509 in
297 4450 542 4527 interpretatione
566 4450 611 4510 vel
635 4452 840 4512 emendatione
864 4452 1021 4512 verborum
1047 4453 1157 4514 trustra
1181 4451 1380 4513 laboraverunt
