2874 4994
142 311 208 378 242
484 320 674 378 ΟΟΜΜΕΝΤ.
693 320 734 376 IN
753 319 941 378 VARRONIS

232 475 561 556 Ornitbotropbion
580 477 617 539 Μ.
637 477 711 537 leni
730 473 933 555 strabonis]
952 475 1027 538 Plio.
1042 473 1068 536 X
1084 471 1142 538 141
1159 479 1249 538 maia

141 586 260 660 prinas
288 586 420 645 institnit
453 587 577 646 inclusis
610 587 740 646 omnium
768 601 918 660 generunt
950 584 1060 645 avions
1084 580 1128 643 ll.
1150 582 1252 644 laniat

143 690 255 751 Strabo
278 690 428 752 Brundisi
450 694 597 767 equestris
620 694 746 752 ordinis.

233 795 300 857 Sed
325 799 430 858 etiam
454 800 489 858 In
514 796 706 859 tusculano
724 814 848 877 magno
867 796 1040 859 aedilicio
1059 793 1198 875 luculli]
1213 798 1255 858 Sed

143 905 234 963 etiam
266 902 489 966 stuscnlnnnm
517 922 661 980 mannam
690 907 864 978 aedificium
887 904 1013 966 luendi
1031 901 1185 965 lucendus.
1216 902 1256 964 loe

146 1010 255 1070 tionem
281 1009 433 1090 archetypi
457 1008 606 1071 Victorius
629 1013 770 1092 restituti,
793 1029 882 1091 quiem
904 1010 1013 1072 deinde
1032 1007 1140 1090 reliqui
1157 1009 1258 1072 eriora

144 1118 240 1176 secuti
264 1126 343 1177 sunt.
380 1119 487 1197 scripsi
510 1121 541 1178 in
568 1117 738 1179 Inscnlano
761 1135 875 1194 manno
897 1120 1053 1192 aedificio.
1096 1133 1161 1178 nam
1178 1133 1259 1196 magor

142 1221 276 1283 aedilicia
299 1222 425 1303 Luculli,
449 1242 525 1304 quae
549 1234 619 1284 sunt
642 1225 674 1284 in
697 1241 768 1303 agro
787 1222 967 1304 Tusculano,
990 1221 1134 1285 Varronis
1149 1221 1261 1284 ornitben

143 1330 249 1390 vieIsse
273 1327 390 1390 dicitnr.
557 1317 559 1322 ⁵

232 1433 253 1497 9
282 1435 474 1497 bereetum
499 1436 539 1497 ab
563 1435 685 1498 insula
708 1436 749 1498 ad
766 1455 953 1498 wmusaeum
978 1454 1069 1517 quae
1098 1444 1153 1498 est
1172 1437 1263 1498 anino
1311 1456 1313 1459 ·

141 1541 262 1603 lluuio
286 1543 347 1604 ubi
371 1543 536 1604 confluet
558 1542 672 1605 altera
693 1547 805 1604 amnis
825 1543 864 1605 ad
884 1562 1058 1605 summum
1078 1542 1207 1605 Ilumen
1222 1541 1264 1604 nbi

143 1659 200 1712 eat
219 1667 399 1712 musaeum
420 1653 555 1711 circum
574 1650 684 1712 buius
703 1653 801 1730 ripas
820 1650 1017 1712 ambulatio
1031 1649 1264 1730 subdiopedes

142 1754 214 1818 lata
238 1756 349 1817 denos
373 1754 413 1817 ab
436 1757 501 1817 hae
524 1755 722 1818 ambulatio
747 1758 860 1818 estin
889 1775 1011 1836 agrum
1039 1775 1170 1820 uersus
1191 1759 1265 1818 orni·

143 1863 266 1924 tbonis
286 1861 401 1940 locus]
425 1866 512 1925 Alter
531 1867 628 1926 omnis
647 1882 684 1925 m.
721 1882 742 1924 a
763 1863 848 1925 Vinio
859 1867 963 1940 slacio,
986 1865 1042 1925 ubi
1063 1868 1189 1941 confluit
1207 1868 1266 1926 ato

143 1973 242 2031 anonis
270 1969 429 2031 Iucundos.
467 1973 505 2032 ab
537 1973 598 2032 boc
625 1973 832 2032 ambulatione
858 1974 891 2032 in
918 1989 1031 2046 aaran
1063 1970 1143 2032 edita
1174 1971 1266 2032 indes

142 2077 278 2157 principe
298 2076 427 2137 editione
448 2076 634 2157 exemplaria.
671 2079 711 2137 ab
730 2079 788 2138 imo
803 2080 898 2152 fluvio
917 2075 1079 2138 Turnebus
1100 2086 1132 2138 et
1150 2077 1268 2157 Scaliger.

143 2185 342 2245 admoneam
368 2182 477 2244 delevit
499 2182 634 2276 llrsinus.
676 2186 707 2244 in
736 2187 794 2245 imo
813 2186 908 2258 flavio
937 2184 1061 2265 scripsi,
1089 2187 1134 2246 od
1157 2201 1269 2247 mutarn

142 2299 173 2352 et
196 2290 302 2351 delnde
326 2292 492 2370 posteriore
515 2290 581 2351 loeo
600 2291 774 2365 ambulatio,
798 2308 873 2370 quac
892 2289 963 2351 olim
982 2291 1014 2351 in
1038 2293 1173 2370 margine
1191 2290 1270 2352 riden-

140 2407 192 2458 tur
216 2396 364 2475 adscript'a
389 2397 490 2480 luisse,
513 2395 617 2477 delevi,
641 2399 797 2459 derectum
816 2398 855 2458 ab
880 2400 991 2472 insula,
1014 2415 1096 2473 quac
1115 2404 1162 2459 est
1182 2401 1211 2459 in
1227 2401 1272 2459 ino

138 2507 245 2579 flavio,
273 2505 328 2564 nbi
354 2505 480 2577 conlinit
502 2507 602 2564 altera
625 2506 732 2585 omnic,
752 2535 793 2546 —-
813 2505 852 2564 ab
880 2505 941 2564 lac
969 2511 1014 2564 est
1037 2507 1070 2564 in
1096 2522 1207 2580 aarum
1222 2521 1272 2582 sqq.

143 2628 198 2689 par
221 2609 318 2670 villam
341 2609 408 2670 fluit
431 2609 555 2690 ssttrnen,
581 2610 621 2670 ita
646 2616 681 2669 ut
702 2627 738 2670 ex
763 2607 854 2670 altera
883 2617 968 2687 parte
996 2609 1082 2671 villae
1111 2613 1144 2672 in
1171 2610 1274 2673 alteram

142 2715 286 2796 pontibus
310 2724 487 2777 transeatur.
533 2718 563 2776 in
586 2715 675 2777 burins
694 2718 751 2776 ima
771 2725 854 2796 parte
878 2723 924 2777 est
947 2715 1054 2798 insula,
1082 2716 1119 2777 ad
1144 2733 1276 2779 summum

142 2822 253 2884 ilumen
278 2817 437 2904 museum,
451 2821 604 2901 longitudo
628 2822 758 2884 fluminis
783 2822 818 2884 ab
842 2821 939 2884 insula
962 2841 1062 2903 usque
1085 2824 1123 2885 ad
1144 2837 1276 2886 summu·

143 2929 263 3010 flumen,
287 2929 338 2990 ubi
361 2936 408 2990 est
432 2947 576 3011 museum,
604 2929 712 3009 pedum
741 2939 960 3009 nongentorum
988 2932 1209 3012 quinquaginta
1234 2939 1278 2992 est

144 3034 185 3096 ibi
208 3038 323 3097 circum
347 3038 427 3116 ripas
450 3035 582 3097 ssuumnis
606 3035 765 3098 ambulatio
789 3046 848 3119 est3
871 3035 907 3097 ab
930 3036 987 3099 bac
1009 3038 1042 3098 in
1062 3055 1172 3117 agrum
1189 3055 1280 3100 rerem

139 3141 225 3204 ¹loeus
249 3141 417 3203 ornithonis
440 3145 515 3203 situs
535 3151 588 3204 est.

234 3247 276 3311 10
308 3249 407 3310 Inter
440 3268 531 3328 quos
565 3249 668 3312 locus
701 3252 762 3329 qui
794 3260 851 3313 est
883 3250 1092 3312 ornithonis
1127 3260 1227 3331 patet
1253 3253 1281 3311 in

143 3355 373 3417 latitudinem
398 3355 508 3433 pedes
530 3354 646 3416 XLVIII
669 3357 891 3419 deformatus
914 3357 956 3419 ad
979 3356 1130 3420 tabulae
1154 3359 1282 3422 littera·

143 3465 216 3523 rIae
237 3465 393 3541 speciem
412 3480 489 3522 eum
505 3462 664 3541 capitulo
679 3464 791 3525 forma
811 3483 901 3545 quae
920 3471 976 3526 est
995 3465 1177 3544 quadrata
1195 3472 1283 3547 patet

142 3571 176 3628 in
200 3567 429 3629 latitudinem
449 3567 559 3647 pedes
577 3568 693 3628 XLVIII
712 3572 747 3630 in
766 3568 1033 3650 longitudinem
1054 3573 1171 3651 pedes
1189 3568 1283 3633 LXXII

142 3692 209 3753 qua
234 3673 272 3733 ad
297 3675 494 3754 capitulum
519 3677 713 3737 rutundum
737 3686 791 3739 est
814 3676 924 3758 pedes
947 3676 1073 3755 XXVII]
1104 3680 1196 3742 Inter
1217 3695 1284 3755 quos

143 3778 262 3840 Merula.
300 3783 380 3843 inter
398 3801 475 3858 qnos
496 3815 533 3825 -
552 3782 665 3859 forma,
683 3803 763 3860 quaa
781 3792 826 3846 est
843 3788 1010 3861 quadrata.
1045 3793 1138 3863 patet
1152 3791 1184 3848 in
1197 3788 1284 3862 longi·

142 3886 275 3950 tannen
303 3892 397 3965 pedes
429 3890 569 3969 LXXII,
598 3909 659 3965 qao
692 3894 735 3952 ad
765 3895 932 3969 capitulam
959 3895 1115 3955 rotundas
1151 3902 1196 3957 est
1220 3893 1284 3970 ped

141 3993 274 4055 XXVII
298 3995 463 4076 Iuetmdus,
495 3995 546 4057 ubi
575 3996 678 4072 sorno
710 4017 771 4073 quo
804 3999 851 4059 est
877 3997 1032 4061 Gesnerus
1060 3999 1169 4064 edidit.
1212 4003 1284 4061 irater

142 4117 218 4174 qnae
241 4104 334 4173 locas,
358 4106 412 4175 qni
434 4110 478 4164 est
499 4106 679 4178 ornithonis,
703 4104 891 4180 deformatas
915 4108 959 4167 ad
975 4107 1105 4170 taimen
1119 4108 1284 4170 litterariae

140 4208 271 4280 speciem
294 4222 363 4265 carn
386 4212 527 4285 capitulo,
550 4228 612 4285 aaa
635 4217 680 4274 est
702 4213 883 4286 quadratus,
903 4219 990 4290 potet
1015 4216 1050 4274 in
1070 4215 1283 4290 lonoitndinen

139 4327 170 4384 p.
186 4309 247 4368 LX
246 4310 279 4368 X
278 4311 338 4384 III,
358 4316 388 4373 in
403 4318 593 4378 latitudinem
608 4338 639 4395 p.
654 4319 712 4379 XL
720 4320 787 4394 VII,
800 4336 863 4394 aaa
877 4322 1030 4382 rotundus
1044 4328 1091 4382 ost
1102 4340 1137 4400 p.
1146 4319 1286 4384 XXVIII

142 4411 285 4499 Ursinus,
318 4420 397 4480 inter
428 4439 505 4496 quas
534 4427 631 4499 locus,
663 4429 718 4501 ani
748 4432 794 4489 est
819 4429 999 4507 ornithonis,
1029 4426 1222 4505 deformem
1245 4427 1285 4489 ad
