2874 4994
289 323 338 379 DI}
357 323 447 379 AGRI
466 323 638 380 GVLTVRA
657 324 797 383 LIBRVM
817 325 846 380 C.
867 323 997 380 21-23
1171 317 1215 380 49

66 481 252 560 scriptorum
275 481 408 559 exempla
432 488 500 560 post
519 481 683 541 Gesnerum
707 483 736 541 in
756 500 781 542 c.
800 477 888 562 28,2
907 480 1053 542 dederunt
1072 481 1216 541 lordanus

66 588 179 649 vindic.
198 590 344 649 sermonis
368 588 451 649 latini
474 572 873 668 antiquissimi'llegimontii
897 607 921 649 a.
947 586 1031 651 1882
1055 598 1084 649 et
1098 588 1216 648 Woelll·

66 692 150 755 lIuns
172 694 282 756 archiv.
300 694 385 755 lexic.
405 694 452 755 lat.
472 713 497 754 r.
516 693 530 755 l
548 714 576 774 p.
595 692 670 756 424.
707 704 839 756 ceterum
864 695 934 774 qnid
959 695 995 755 dc
1015 714 1090 775 cupa
1111 696 1217 756 ferreis

21 850 24 857 ,
67 800 256 878 imbricibus,
279 810 313 862 ut
337 800 462 882 videtur,
486 801 601 879 lugenda
624 803 833 882 praecipiatur,
858 820 916 862 non
935 801 1037 882 liquet.
1075 804 1216 882 appositis

68 916 170 969 autem
190 907 288 968 verbis
311 926 373 983 aaa
388 911 447 981 fiai
467 911 498 967 im
517 909 661 970 modiolos
679 912 740 969 err't
761 909 945 987 significatur
968 927 1002 969 ea
1025 928 1094 988 pars
1115 927 1218 989 cupae,

69 1033 147 1094 quae
170 1034 267 1095 nsque
292 1014 327 1076 ad
351 1013 510 1094 modiolos,
533 1015 640 1093 quiin
664 1032 698 1074 ea
722 1024 804 1097 sunt,
827 1018 966 1103 pertinet,

160 1120 290 1202 Cupam
314 1119 540 1203 pertundito]
561 1123 741 1183 Pertuadito
765 1122 855 1184 editio
878 1125 1018 1203 princeps
1038 1141 1054 1182 a
1073 1122 1217 1183 Politiano

69 1246 130 1288 non
154 1236 266 1288 mumta
290 1237 320 1289 et
343 1227 411 1289 libri
434 1230 657 1311 manuscripti,
680 1247 739 1289 non
756 1233 944 1307 pratanella,
969 1231 1047 1309 quod
1067 1229 1218 1291 Gesnerus

69 1335 230 1396 adnotavit.

159 1439 181 1502 4
209 1440 256 1502 Ne
284 1460 372 1521 cupa
403 1450 438 1502 et
461 1441 585 1504 clauus
614 1451 852 1504 conterantur
881 1451 1065 1504 utrisecus
1094 1462 1217 1523 cupam

70 1550 219 1609 materia
253 1548 366 1609 ulmea
395 1558 455 1610 aut
482 1550 623 1629 faginea
651 1549 774 1627 lecito]
805 1552 996 1612 Iatrimsecus
1023 1570 1059 1611 ex
1086 1551 1218 1612 llediceo

68 1656 175 1717 codice
194 1653 357 1716 Politianus
380 1656 540 1736 adnotavit,
564 1675 600 1716 ex
624 1657 728 1717 eodem
748 1655 899 1718 lucundns
920 1661 1062 1719 restituit.
1099 1677 1218 1737 pravam

70 1761 232 1823 verborum
257 1761 479 1840 distinctionem
504 1782 579 1842 qnae
603 1761 673 1824 olim
697 1773 774 1844 erat,
803 1784 842 1827 ae
864 1783 944 1843 cupa
968 1772 998 1826 et
1020 1769 1125 1827 clarus
1149 1784 1218 1826 caa-

68 1877 229 1931 terantur:
252 1872 436 1931 intrinsecus
459 1888 569 1947 cupam
593 1889 671 1952 sqq,
695 1871 896 1933 Schneiderus
920 1875 1058 1934 correxit

64 2037 70 2045 ,
159 1972 293 2038 bistx
316 1993 405 2054 opus
428 1984 512 2036 sunt
535 1994 613 2037 cnm
636 1977 817 2056 plumbum
840 1997 964 2059 cupam
989 1982 1095 2040 emito
1112 1977 1219 2056 lSllll]

68 2084 132 2143 LX
155 2101 269 2162 operae
296 2100 371 2160 opus
397 2090 480 2158 suut,
498 2101 580 2163 ⁴cum
604 2087 758 2162 plumbum
787 2090 818 2146 m
846 2104 975 2163 cuppam
1003 2090 1121 2146 emittas
1151 2087 1224 2146 IIII

14 2269 17 2272 ἦ
68 2188 193 2252 llerula.
247 2190 400 2269 archetypi
432 2192 612 2269 scripturam
645 2190 794 2254 Victorius
827 2195 952 2273 recepit,
986 2192 1037 2253 ubi
1069 2193 1221 2254 Gesnerns

70 2305 134 2357 tum
156 2299 311 2374 plumbum
334 2301 366 2358 r'n
390 2314 499 2373 cupam
522 2301 610 2359 emita
634 2299 825 2361 scribendum
848 2301 984 2359 coniecit.
1031 2299 1128 2360 deleto
1152 2317 1220 2360 cum

70 2405 183 2484 scripsi
206 2405 327 2465 HSLX
346 2421 420 2480 opus
442 2412 526 2465 sunt:
546 2407 700 2481 plumbum
724 2410 755 2467 in
778 2424 888 2483 cupam
911 2409 1000 2467 emita
1024 2406 1161 2466 IISIIII.

164 2510 302 2571 Samma
336 2509 509 2589 sumptui]
542 2512 661 2590 Sumptr'
689 2530 806 2573 summa
839 2511 998 2574 lucundus.
1048 2517 1160 2591 sumpti
1190 2515 1221 2572 in

72 2616 236 2697 archetypo
260 2619 404 2698 scriptum
429 2628 493 2679 erat
517 2616 604 2700 223
627 2631 657 2681 et
680 2639 705 2682 c.
723 2618 745 2681 4
765 2620 866 2697 fructi
883 2623 961 2697 plus.

163 2724 250 2785 XXII
269 2720 290 2786 3
313 2723 467 2786 Vectnra
489 2725 592 2787 boum
617 2745 744 2806 operas
764 2727 800 2787 Vl
823 2728 985 2788 homiues
1004 2725 1041 2786 Vl
1064 2747 1140 2788 cnm
1161 2726 1221 2788 bn-

71 2830 354 2908 bulcisllbllllll]
378 2832 510 2894 Ventura
529 2836 616 2896 baum
635 2842 665 2896 et
682 2853 792 2912 operas
810 2854 866 2896 sea
884 2838 1011 2896 nummis
1027 2838 1221 2912 septuaplata

72 2941 193 3001 duabus
216 2938 341 3022 Merula,
369 2939 421 3000 nbi
448 2940 600 3001 lncnndus
628 2951 696 3020 post
723 2961 833 3020 operas
855 2942 898 3001 VI
918 2960 953 3002 ex
977 2941 1130 3002 codicibus
1153 2959 1222 3002 cum
1326 3014 1327 3018 Ἰ

73 3047 214 3107 bubulcis
236 3045 357 3128 addidit,
380 3055 507 3109 uectura
531 3051 631 3124 boum,
654 3068 765 3127 operas
787 3051 834 3124 l'l,
858 3053 992 3110 homiues
1014 3049 1057 3108 VI
1077 3066 1146 3110 cum
1168 3051 1221 3109 bu-

71 3154 174 3213 bulcis
194 3153 331 3214 HLXII
355 3154 446 3215 editio
470 3153 593 3216 Victorii
621 3156 776 3217 manifesto
805 3173 907 3216 errore
935 3157 965 3215 in
990 3173 1114 3216 numero
1138 3173 1221 3215 num-

72 3277 203 3341 morum,
217 3278 306 3340 quem
322 3267 420 3321 tamen
434 3270 536 3340 postea
552 3261 683 3323 editores
697 3264 911 3341 repetiverunt.
936 3271 1092 3322 recturam
1106 3264 1222 3345 scripsi,

72 3369 155 3427 sicut
178 3374 281 3445 postea
305 3370 450 3448 scriptum
474 3371 592 3430 eratin
615 3369 785 3450 archetypo,
808 3369 975 3430 accusativo
999 3387 1070 3430 casn
1089 3371 1120 3429 in
1139 3387 1222 3448 prae·

71 3475 172 3552 ceptis
194 3475 305 3553 posito:
328 3474 365 3537 ci.
392 3470 508 3555 135,1.

166 3581 268 3642 XXIII
292 3578 308 3642 1
332 3580 420 3641 Vasa
443 3580 612 3643 leuentur
635 3581 804 3644 corbulae
828 3584 1032 3644 sarciantur
1055 3584 1223 3662 picentur

74 3687 172 3749 dolia
192 3707 281 3767 qrrae
299 3706 389 3768 opus
408 3698 491 3750 sunt
508 3691 678 3769 picentur
697 3709 799 3770 quom
818 3690 919 3770 pluet
933 3689 1036 3771 quala
1051 3697 1223 3770 parentur

73 3795 298 3874 sarciantur]
321 3797 401 3857 Vasa
424 3800 573 3870 laventur,
596 3800 742 3859 corbulae
762 3801 949 3872 sarciantur,
968 3796 1115 3875 picentur
1133 3800 1224 3872 dalla,

73 3911 106 3964 et
130 3905 194 3964 alla
217 3921 296 3979 quae
318 3922 393 3982 opus
414 3912 486 3966 suut
503 3908 657 3983 pirentur,
681 3913 710 3966 et
732 3923 801 3966 cum
821 3909 914 3983 pluet,
938 3923 1020 3980 aqua
1040 3906 1224 3977 imbuamur,

72 4015 107 4071 et
128 4011 224 4084 quala
243 4018 398 4087 parentur
420 4019 450 4073 et
467 4015 647 4073 sarciantur
665 4011 786 4092 Merula,
809 4030 883 4072 aare
902 4015 1056 4072 laventur:
1079 4013 1226 4071 corbulae

72 4119 274 4178 sarciantur:
289 4121 434 4194 pirentur
453 4121 542 4180 dalla.
580 4137 660 4194 quae
678 4137 752 4196 opus
770 4126 848 4192 suut,
869 4121 1022 4195 plueretur.
1057 4135 1125 4179 cum
1141 4122 1226 4194 pluet

74 4226 173 4300 quala
197 4232 359 4302 parentur,
374 4216 567 4287 'sarciantur
595 4225 751 4287 Vlctorius.
798 4227 1037 4287 coniunctionem
1066 4224 1224 4286 verborum

75 4349 115 4392 ex
133 4330 267 4392 editione
286 4331 410 4394 Victorii
427 4342 578 4415 receptam
599 4332 801 4395 Schneiderns
819 4342 941 4395 anctore
960 4331 1125 4394 Pontedera
1144 4352 1171 4412 p.
1182 4330 1226 4393 42

75 4440 110 4500 in
137 4437 219 4501 hunc
247 4439 369 4502 modum
395 4443 532 4523 mutavit,
559 4459 640 4517 auae
666 4459 740 4517 opus
766 4449 836 4502 sunt
855 4444 1009 4518 piceatur,
1037 4459 1105 4503 cum
1124 4445 1226 4518 pluet·

135 4549 193 4591 cna.
207 4560 240 4591 nn
255 4560 315 4592 aner
329 4561 396 4593 evan.
424 4553 455 4593 11.
525 4598 530 4603 ,
997 4548 1014 4595 4
