2874 4994
359 112 489 168 RERVM
507 111 748 168 Rusulcsuvu
767 112 835 166 LIB.
855 114 867 165 I
889 109 1010 168 19-20
1211 102 1253 167 65

136 278 163 323 or
181 285 251 347 quac
280 267 318 328 dc
341 285 449 346 pecore
476 265 627 329 arlicicoda
656 286 722 330 csse
751 267 863 329 dictum
891 278 955 328 crat
981 269 1038 329 iarn
1067 267 1103 327 dc
1132 266 1255 328 canibus

126 367 171 434 boc
208 373 318 436 dicitur
350 373 537 436 adiciendum
570 393 649 457 osso,
682 374 737 436 bos
770 377 839 435 sino¹
867 373 956 436 dubio
993 373 1144 435 habendos
1181 391 1256 456 csso,

35 494 42 559 j
115 490 272 562 propterca
296 481 375 561 quod
399 483 463 542 sinc
487 483 524 543 iis
548 481 614 543 villa
636 500 741 560 parum
766 491 828 543 lula
852 483 899 542 sit.

205 593 256 648 XX
277 586 293 648 1
328 587 461 667 Amplis
485 588 657 649 cornibus
681 597 715 649 el
739 590 831 667 nigri
851 606 865 648 s
884 590 1007 666 polius
1028 606 1130 668 quam
1149 587 1256 650 aliicr

100 705 129 758 ul
166 697 254 757 sint
281 694 351 756 lala
376 693 513 772 ironic]
539 697 631 770 Nipri
643 743 650 755 .
665 697 695 756 S.
716 699 818 772 polius
843 705 962 775 praeter
984 694 1007 755 B
1030 694 1140 756 babent
1163 693 1255 755 codex

10 838 12 843 ·
93 801 262 865 caesenas
285 813 316 864 cl
338 803 433 882 prima
460 820 548 863 manu
577 801 781 883 Florentiuus,
809 812 839 864 cl
866 805 909 864 sic
937 804 967 863 iu
998 803 1062 881 ipso
1095 802 1255 882 arcbolypo

85 913 259 991 scriplum
283 910 375 972 luisse
395 907 521 989 videtur,
539 911 638 984 myris
657 912 760 986 polius
778 908 894 990 reliqui.
930 912 1029 984 alaris
1046 913 1148 986 polius
1166 927 1256 985 quom

80 1023 215 1092 aliter,
237 1024 272 1077 ul
293 1019 354 1078 sini
376 1020 441 1077 lota
461 1014 565 1092 fronte
592 1015 669 1076 edila
699 1015 767 1076 inde
796 1034 810 1076 a
839 1018 973 1096 principe
1001 1016 1130 1077 editione
1159 1035 1256 1079 exem·

77 1125 216 1205 plaria.
251 1126 337 1198 niori
349 1126 452 1200 polius
469 1140 560 1198 quum
579 1126 670 1184 aliter
693 1130 728 1183 ut
744 1126 813 1198 sint,
833 1126 897 1183 lala
913 1121 1018 1199 fronte
1036 1124 1151 1203 scripsi.
1187 1141 1254 1184 nam

76 1233 109 1294 (le
171 1232 256 1309 ipsis
288 1229 387 1292 bubus
418 1229 492 1290 hacc
524 1231 757 1312 praecipiuntur,
791 1247 849 1289 non
881 1227 916 1290 dc
950 1229 1100 1291 cornibus.
1138 1233 1255 1310 nigrum

75 1339 245 1401 colorem
267 1339 298 1398 io
323 1335 420 1398 bubus
443 1339 568 1398 maxime
593 1337 791 1416 expetendum
820 1354 886 1398 esse
910 1336 1014 1398 scribit
1032 1336 1124 1398 Varro
1143 1335 1170 1398 ll
1188 1334 1253 1418 5,ss

77 1449 219 1509 colore
236 1447 424 1522 potissimum
442 1446 540 1519 mmo.
577 1443 613 1503 ab
636 1442 692 1505 boc
714 1445 864 1504 diversum
888 1451 934 1504 est
957 1443 1035 1523 quod
1059 1444 1095 1505 dc
1115 1444 1256 1507 cornibus

79 1552 295 1632 praecipitur
323 1548 400 1613 ibi
433 1559 464 1612 ct
491 1551 568 1630 apud
597 1549 788 1612 Columellam
811 1549 848 1610 Vl
869 1549 940 1631 1,3
968 1554 1162 1627 uipramibus
1190 1572 1256 1614 cor·

81 1661 213 1719 uibus.

206 1761 226 1826 2
257 1765 328 1826 llos
352 1773 545 1826 ueteranos
570 1783 609 1825 er
634 1763 900 1845 campestribus
924 1764 1014 1827 locis
1043 1785 1111 1827 non
1139 1785 1254 1828 emen·

87 1868 196 1930 dum
226 1875 261 1934 in
294 1871 382 1933 dura
415 1891 453 1933 ac
488 1881 650 1933 montana
678 1890 743 1933 occ
770 1882 898 1934 nonlra
927 1874 958 1933 si
985 1873 1114 1934 incidit
1143 1883 1180 1936 ui
1208 1876 1256 1936 sil

87 1973 316 2057 uitandum]
339 1981 402 2041 Hos
424 1986 583 2041 ueteranos
608 1998 648 2040 ecc
671 1982 890 2057 campestribus
909 1983 983 2042 locis
1007 1984 1172 2057 emendum,
1195 1999 1255 2044 noo

88 2079 124 2136 in
159 2084 249 2147 dura
278 2105 317 2149 cc
340 2094 497 2161 montona,
529 2105 586 2147 nec
609 2105 668 2147 non
696 2091 724 2147 si
746 2089 855 2148 incidit
880 2090 1037 2148 citandum
1060 2087 1180 2169 Merula,
1204 2088 1255 2150 ubi

86 2196 158 2242 '¹00
190 2208 255 2254 non
283 2195 313 2253 si
337 2196 381 2253 itu
410 2196 519 2255 incidit
545 2192 626 2254 dudit
654 2193 817 2275 iucundus,
848 2196 902 2255 lios
929 2201 1089 2256 veteranos
1111 2214 1152 2256 ex
1174 2214 1255 2256 cam-

81 2299 264 2360 pestribus
287 2303 361 2362 locis
383 2318 443 2361 noo
466 2303 622 2362 emendum
646 2304 677 2360 iu
701 2303 782 2361 duro
805 2319 844 2362 ac
867 2309 1019 2375 muniano,
1048 2321 1105 2364 uec
1128 2320 1187 2363 non
1212 2305 1255 2363 ila

81 2391 116 2447 si
144 2399 271 2468 incidit
293 2415 327 2467 ul
348 2410 389 2468 sil
410 2411 565 2468 vilundum
584 2406 735 2487 Angelius,
758 2408 811 2468 bos
834 2414 993 2469 ueteranos
1016 2427 1056 2469 em
1079 2413 1254 2486 campestri·

82 2493 152 2560 bus
182 2512 267 2575 locis
290 2516 447 2576 emendum
475 2531 533 2576 uon
559 2517 589 2575 in
618 2517 699 2576 dura
728 2533 766 2576 uc
793 2522 950 2589 montana,
981 2534 1038 2576 nec
1060 2533 1133 2590 oon,
1161 2518 1204 2576 ila
1228 2519 1257 2576 oi

78 2613 230 2695 meida,
254 2629 289 2682 ul
310 2624 350 2683 sil
372 2624 528 2683 vitandum
547 2620 696 2682 Victorius
715 2620 811 2683 addila
836 2624 1006 2683 coniectura
1025 2641 1082 2684 nec
1100 2631 1210 2684 contra
1228 2626 1257 2683 si

73 2719 230 2789 mulii.
267 2727 344 2789 banc
359 2747 411 2809 qur
401 2728 634 2810 probaverunt,
648 2747 707 2789 non
722 2729 992 2791 animadverterunt
1012 2729 1127 2790 divorsa
1147 2730 1254 2791 doccrc

70 2807 304 2897 ⁰⁰¹umellam
332 2833 426 2917 v12,
449 2833 489 2897 12
521 2840 668 2911 lunaeque
695 2839 790 2897 omnis
822 2838 873 2897 bos
907 2839 1069 2910 indicina
1078 2842 1184 2898 melior
1211 2846 1256 2899 csl

65 2932 200 2998 quam
227 2945 420 3019 percuriosus
463 2960 532 3004 rrum
560 2961 656 3018 ireque
679 2961 785 3023 aquae
811 2961 868 3004 nec
887 2944 1011 3032 pabuli
1018 2962 1074 3004 occ
1094 2948 1174 3005 coeli
1191 2962 1253 3004 mu·

63 3027 226 3111 “umiae
248 3056 413 3127 temptatur
435 3069 533 3126 neque
556 3049 647 3124 inscsl
648 3057 720 3110 atur
743 3052 922 3110 condicione
939 3052 1083 3124 replumi,
1105 3054 1186 3111 sicul
1204 3054 1254 3113 ille

59 3139 140 3198 qm
174 3172 227 3216 ex
247 3159 349 3232 planis
372 3165 402 3219 et
424 3158 645 3234 campestribus
668 3159 741 3218 locis
771 3158 800 3217 iu
824 3164 968 3217 moolanu
996 3163 1026 3218 et
1050 3174 1162 3232 aspero
1182 3176 1252 3233 pcr-

58 3231 224 3324 ductus
242 3270 288 3323 esi
306 3267 354 3324 vel
370 3283 411 3326 em
428 3266 578 3325 montanis
598 3267 628 3324 in
648 3267 839 3340 campestria.
878 3282 970 3352 quaro
989 3282 1045 3325 uec
1064 3281 1123 3324 non
1143 3272 1252 3326 cuolra

51 3339 92 3394 ⁸²
121 3368 267 3431 meluit
285 3373 406 3453 scripsi;
434 3373 464 3432 io
483 3371 607 3450 reliquis
631 3372 809 3449 scripturam
828 3371 980 3450 archetypi
1005 3371 1129 3431 rustilui.
1162 3369 1252 3432 boves

51 3457 102 3505 ⁶¹
145 3477 389 3557 campestribus
413 3477 517 3540 locis
509 3498 540 3539 ιιι
564 3486 700 3538 monlaua
724 3477 842 3538 emendi
865 3496 923 3538 ooo
949 3488 1027 3558 sunl,
1051 3486 1082 3537 cl
1105 3479 1131 3537 si
1149 3486 1251 3539 contro

51 3563 227 3662 '¹¹⁰¹dit,
250 3583 307 3645 boc
330 3595 376 3647 cst
399 3604 434 3646 ex
458 3587 606 3646 montanis
630 3586 659 3645 in
678 3587 863 3664 campestria,
888 3594 919 3644 ut
939 3583 1087 3645 vitandum
1113 3586 1159 3645 sil.
1196 3603 1253 3647 nec

46 3669 145 3732 ”⁰²²
183 3699 299 3752 contro
319 3693 406 3753 eliam
426 3690 619 3752 Zabllcldiius
636 3690 778 3753 obscrr
771 3710 800 3752 ru
821 3690 901 3751 Varr.
922 3709 979 3751 rer.
999 3701 1072 3750 rmusl
1087 3691 1152 3751 libr.
1168 3712 1194 3770 p.
1210 3689 1252 3752 29

45 3757 254 3884 deretrdil,
273 3799 325 3859 scd
345 3798 474 3860 verbis
466 3818 496 3860 ιιι
520 3798 600 3860 huuc
623 3800 744 3860 modurn
769 3800 1024 3872 coniunctium
1047 3815 1120 3877 oon,
1143 3806 1252 3859 contro

42 3872 87 3926 ⁸²
122 3906 269 3967 ‘ncidit
290 3914 325 3967 ul
346 3909 394 3987 sit,
419 3909 583 3967 vitandum

203 4009 284 4072 Sino
309 4019 430 4072 arairo
454 4021 526 4072 lum
550 4031 589 4072 eo
613 4011 688 4073 lcui
710 4014 893 4092 principio
918 4031 979 4090 per
1003 4011 1170 4072 harenam
1192 4021 1252 4072 aul

46 4095 133 4155 ¹¹¹⁰
147 4104 312 4178 lliorcm
333 4116 487 4195 terram]
511 4119 584 4180 Sine
603 4127 711 4180 uralro
731 4127 785 4180 cul
803 4137 838 4179 eo
856 4122 915 4179 leui
931 4122 1021 4178 simul
1030 4121 1127 4194 pracli
1140 4118 1253 4196 socias,

47 4200 94 4251 θ’
127 4225 314 4304 Principio
334 4244 393 4302 per
416 4244 543 4287 arenam
568 4234 622 4287 uui
640 4229 804 4288 molliorem
823 4233 938 4287 terrum
957 4228 1066 4287 leniter
1081 4212 1254 4303 pr'oceuant

139 4319 240 4378 Vm
255 4346 308 4378 uz
323 4346 391 4378 arra.
419 4337 450 4378 11.
1023 4333 1039 4381 b
