2874 4994
351 112 482 168 RERVM
500 113 740 171 Rvsrlcanvu
758 116 826 172 LIB.
845 117 885 172 ΠΙ
907 117 946 173 17
1160 111 1225 176 303

77 275 125 328 est
149 265 303 346 nobilium,
327 264 483 347 Neptunus
508 287 567 330 non
591 269 687 331 solum
711 289 815 350 aquarn
835 272 888 332 sed
912 273 999 333 etiam
1023 274 1104 352 ipsos
1128 275 1225 352 pisces

76 376 236 435 maritimis
259 376 382 454 piscinis
406 374 537 456 praebet.

168 477 189 541 3
221 479 365 542 llemini
391 481 484 544 hunc
512 487 651 546 caesari
679 484 747 546 duo
776 486 870 547 milia
904 504 1129 548 murenarum
1153 506 1225 549 mu·

73 594 137 648 tua
162 586 307 649 dedisse
330 590 365 649 in
389 589 542 669 pondus]
563 593 625 653 Sex
644 595 728 653 mitia
751 591 829 654 edita
852 602 920 655 ante
940 592 1103 655 Victorium
1126 613 1224 655 exem·

72 693 183 775 plaria3
198 698 258 756 dua
274 699 358 757 mitia
374 714 410 757 ex
429 697 590 778 archetypo
605 697 754 761 Victorius
773 702 913 762 restituit.
951 702 1223 781 antiquissimarum

75 802 241 863 editionum
273 802 431 865 lectionem
460 804 662 866 Schneidcrus
695 810 821 888 recepit,
854 808 933 888 quod
967 826 1035 869 eum
1066 827 1224 870 numerum

74 908 166 971 habet
188 910 306 971 Plinius
321 910 360 971 tx
381 909 453 993 171,
477 931 675 975 murenarum
698 917 848 976 vivarium
868 919 1013 993 priuatim
1038 920 1224 992 excapitavit

74 1024 148 1078 ante
171 1020 247 1078 alios
269 1019 511 1095 alternaque·
531 1024 615 1081 cenis
639 1023 875 1098 triumplialibus
897 1025 1040 1084 Caesaris
1063 1026 1223 1084 dictatoris

72 1142 131 1185 sex
159 1128 243 1185 mitia
272 1144 398 1187 numero
425 1145 624 1188 murenarum
651 1137 757 1189 mutua
784 1132 931 1206 adpendit
958 1138 988 1190 et
1016 1130 1072 1190 hoc
1100 1139 1221 1191 auctore

73 1230 243 1293 Macrobius
266 1231 385 1293 Saturn.
409 1231 448 1292 lll
470 1228 589 1315 15,10.

164 1338 258 1409 Quae
282 1350 404 1401 nostra
430 1341 570 1419 piscina
599 1360 638 1402 ac
666 1341 932 1403 mediterranea
956 1341 1097 1420 plebeia
1121 1351 1221 1404 recte

74 1444 211 1507 dicitur
233 1445 351 1506 danicis
375 1453 409 1506 et
432 1445 492 1506 illa
517 1455 550 1507 ct
574 1446 635 1507 illa
660 1446 793 1526 amara]
814 1450 854 1509 Et
875 1451 928 1509 illa
952 1451 983 1508 in
1006 1452 1126 1529 optimis
1150 1470 1218 1530 apo·

73 1551 194 1633 graphis
217 1551 263 1614 bis
287 1554 509 1633 scriptumest,
533 1553 624 1614 semel
649 1557 794 1634 seriptum
818 1554 930 1616 habent
958 1555 1052 1616 codex
1075 1557 1221 1618 Caesenas

73 1667 104 1720 et
127 1658 218 1721 editio
242 1661 415 1739 princepsa
434 1658 580 1720 Politiano
603 1680 663 1721 non
688 1669 831 1723 correcta.
872 1680 971 1738 quare
989 1670 1095 1725 nostra
1114 1663 1221 1724 lucun-

73 1764 130 1826 dus
155 1775 184 1826 et
208 1765 314 1826 deiude
339 1765 447 1845 reliqui
477 1765 615 1828 editores.
662 1767 816 1829 relativum
845 1786 1023 1852 pronomen,
1047 1789 1105 1849 qino
1134 1790 1222 1852 saepe

72 1870 165 1934 Varro
189 1875 277 1935 etiam
296 1873 328 1932 in
347 1872 517 1933 nominibus
536 1872 652 1953 longius
671 1877 794 1937 remotis
813 1893 887 1936 usus
906 1884 961 1956 est,
980 1878 1107 1937 restitui.
1138 1897 1221 1957 prac-

73 1988 157 2041 terea
175 1998 296 2060 praram
314 1979 473 2041 verborum
492 1980 715 2041 collocationem
736 1984 862 2064 correxi,
877 2000 956 2057 puae
974 1989 1081 2044 nostra
1097 1987 1219 2060 piscina

67 2089 192 2164 plebeia
224 2107 264 2150 ae
295 2090 522 2149 mediterranea
554 2095 639 2149 recte
671 2091 786 2149 dicitur
818 2091 918 2150 duleis
945 2096 975 2150 et
1007 2092 1060 2150 illa
1098 2093 1219 2153 amara.

73 2211 141 2255 nam
165 2202 196 2255 et
219 2193 334 2274 plebeia
357 2213 391 2255 ac
415 2194 630 2255 mediterranea
653 2196 778 2275 piscina,
803 2203 961 2275 propterea
985 2195 1064 2273 quod
1089 2196 1219 2258 lructum

73 2299 173 2383 habet,
192 2309 274 2362 recte
298 2300 394 2361 dulcis
418 2301 529 2361 dicitur
548 2309 577 2362 et
600 2300 657 2382 illa,
677 2300 705 2363 b.
725 2319 750 2361 e.
770 2303 916 2362 maritima
935 2303 1048 2381 piscina
1068 2301 1219 2383 nobilium,

72 2415 197 2486 propter
220 2417 373 2488 sumptum
396 2426 501 2469 amara.

160 2513 246 2584 Quis
283 2523 408 2575 contra
445 2517 654 2578 maritumas
691 2533 760 2576 non
797 2533 838 2576 ex
876 2517 1030 2595 piscinis
1063 2517 1220 2597 singulis

71 2621 196 2701 plures
220 2624 433 2683 coniunctas
457 2621 564 2683 habet
587 2619 718 2701 pluris]
745 2624 847 2683 Pluris
870 2621 1023 2684 iucundus
1046 2625 1159 2704 omisit,
1183 2643 1219 2685 ex

72 2728 234 2809 archetypo
257 2730 392 2789 restituit
410 2726 567 2809 Victorius,
591 2728 669 2808 quod
694 2746 799 2806 parum
823 2728 987 2807 prudenter
1006 2729 1157 2791 Gesnerus
1181 2734 1220 2792 ita

70 2834 213 2918 defendit,
245 2844 279 2897 ut
307 2835 344 2896 ad
373 2837 429 2896 vim
459 2836 623 2915 aagendam
651 2833 826 2894 vocabulum
856 2838 1018 2913 repetitum
1047 2846 1133 2897 esset.
1167 2838 1217 2897 sed

71 2945 172 3023 priore
195 2943 261 3004 loco
286 2946 407 3019 plures,
436 2941 513 3021 quod
544 2940 629 3002 solito
657 2943 687 3000 in
721 2940 767 3000 his
801 2939 885 3001 libris
916 2943 988 3003 vitio
1017 2940 1062 3002 bis
1090 2945 1218 3021 positum

71 3057 144 3132 erat,
167 3049 271 3111 delevi.

165 3154 187 3217 4
207 3156 289 3217 Nam
308 3164 346 3218 ut
365 3156 510 3235 pausias
529 3162 563 3216 et
581 3156 695 3216 ceteri
715 3156 876 3234 pictores
896 3154 1056 3215 eiusdem
1074 3159 1218 3234 generis

71 3263 252 3326 loculatas
284 3281 426 3343 magnas
463 3261 596 3323 habent
632 3261 774 3322 arculas
810 3260 870 3322 ubi
908 3261 1109 3323 discolores
1146 3265 1219 3323 sint

71 3379 193 3434 cetera
231 3372 283 3431 sic
320 3369 377 3431 hic
413 3369 591 3430 loculatas
624 3367 732 3429 habet
763 3370 925 3450 piscinas
959 3369 1019 3429 ubi
1052 3369 1217 3449 dispares

69 3478 252 3540 disclusas
270 3475 425 3537 habeant
444 3473 752 3555 pisces]Localatas
770 3477 862 3537 ltadet
876 3479 1015 3552 piscinas
1033 3479 1130 3537 cornia
1150 3495 1217 3555 apo·

67 3585 178 3666 grapha
190 3593 221 3646 et
234 3583 312 3645 haud
323 3582 413 3644 dubie
424 3585 522 3663 ipsum
531 3581 734 3664 archetypum,
745 3600 922 3662 quamquam
933 3581 1097 3643 Politianus
1107 3586 1219 3644 habeat

67 3695 98 3754 in
123 3694 260 3772 principe
284 3690 413 3751 editione
437 3707 497 3750 non
521 3688 638 3750 videtur
661 3691 838 3750 correxisse.
880 3691 1026 3750 disclusas
1048 3693 1162 3751 labent
1184 3691 1218 3764 B,

67 3798 121 3860 ubi
144 3800 237 3860 habet
259 3797 352 3860 codex
377 3798 537 3877 caesenas,
561 3796 612 3858 sed
642 3799 777 3859 labeant
799 3797 822 3857 l
847 3804 877 3857 et
901 3795 1103 3876 Florentinus,
1127 3796 1218 3876 idque

69 3905 127 3966 lroe
159 3905 225 3966 laco
259 3908 289 3966 in
321 3904 449 3968 lectione
482 3905 627 3984 principis
659 3903 797 3966 editionis
830 3905 944 3965 habent
974 3901 1136 3963 Politianus
1169 3902 1217 3962 ad·

68 4020 191 4073 neusse
215 4012 340 4074 videtur.
377 4016 508 4087 areolas,
532 4014 586 4072 ubi
607 4014 773 4073 discolores
795 4016 857 4072 siat
879 4017 989 4084 certas,
1012 4013 1058 4072 sic
1080 4013 1115 4071 lei
1136 4013 1217 4070 tocu-

67 4123 149 4181 tatas
180 4121 295 4181 habent
320 4118 448 4200 Merula,
479 4120 618 4192 arculas,
650 4120 705 4180 abi
731 4120 846 4180 diuersi
871 4120 989 4178 colores
1015 4120 1088 4197 siat,
1115 4123 1218 4178 certas

67 4225 236 4307 Iucundos,
269 4230 409 4302 arculas,
443 4228 497 4288 udi
527 4228 644 4288 diversi
674 4229 792 4288 calores
820 4228 881 4286 sint
913 4226 1040 4286 discreti
1070 4221 1219 4303 Angelius,
