2874 4994
396 106 527 161 natvm
545 105 786 164 uvsmcamvu
804 108 871 164 LIB.
890 109 903 162 Ι
924 107 963 165 13
1209 101 1253 165 49

117 256 325 343 lauduinus,
347 263 431 336 quod
451 279 568 339 recens,
591 281 729 339 nequam,
752 252 835 339 quoa
857 266 1029 338 confloruit,
1054 267 1159 324 meiius
1182 262 1203 323 1.
1221 262 1253 353 F

112 358 275 427 Gronovius
303 367 381 447 apud
405 367 631 431 Schneiderum.
676 371 797 431 restitui
825 379 955 431 veterem
984 370 1156 451 lectionem,
1179 389 1253 450 quae

28 484 31 489 ·
108 465 325 535 mauruntus
339 484 479 556 corrupta
495 485 568 537 erat.
601 476 653 537 sed
673 479 802 556 primum
822 481 931 552 uittam,
952 477 1030 556 quod
1050 485 1119 556 post
1137 485 1255 554 oportet

101 580 376 660 exsuperioribus
399 585 560 662 repetitum
583 591 661 665 erat,
684 583 792 645 delevi:
816 582 929 645 Colum.
949 583 961 643 l
981 580 1011 664 6,
1030 581 1071 644 21
1097 587 1255 644 stercilino

9 690 14 697 '
94 696 228 762 utaque
253 689 314 749 duo
341 691 415 764 sint,
444 707 536 751 uuum
563 693 646 766 quod
672 709 750 752 naua
775 699 981 768 purgamenta
1008 694 1141 768 recipiat
1167 699 1196 751 et
1224 694 1255 750 in

88 804 225 854 monum
247 803 413 871 emueroet,
436 801 566 858 aiterum
590 816 630 859 eae
653 816 712 873 quo
735 805 842 860 uetera
863 801 1023 859 usitantur.
1053 795 1159 857 deinde
1184 815 1253 857 eon-

76 892 228 969 sracuit
262 901 454 963 scribendum
490 920 557 962 esse
593 902 666 962 vidit
699 901 843 982 Scaliger:
876 903 955 963 idem
987 902 1024 963 de
1057 905 1254 963 maceratione

77 1001 240 1069 olearum
263 1008 373 1088 legitur
397 1004 480 1091 155,
500 1004 521 1070 5
543 1016 578 1069 ut
606 1010 650 1069 ibi
671 1012 868 1072 mediocriter
888 1009 1061 1090 fracescet,
1090 1008 1128 1070 ib.
1148 1007 1168 1069 6
1193 1013 1254 1071 cai·

74 1109 163 1172 dare
214 1114 371 1192 fracescit.
416 1118 499 1191 quod
524 1119 615 1192 enim,
646 1114 698 1178 ubi
726 1117 762 1178 ad
794 1120 1033 1178 coniunctionem
1061 1119 1145 1192 quad
1169 1117 1255 1177 adfir-

72 1218 320 1283 mendicasse
344 1225 424 1284 euim
447 1223 615 1302 adpositum
639 1231 694 1305 est,
717 1224 859 1305 exemplis
883 1224 1014 1306 Apuleli,
1038 1242 1112 1303 quae
1136 1222 1254 1284 Ouden-

71 1320 233 1402 dorpius
256 1330 286 1389 iu
306 1328 391 1409 Apul.
411 1338 527 1391 metam.
546 1329 586 1390 lX
609 1350 637 1411 p.
657 1327 722 1392 615
756 1334 938 1414 composuit,
971 1332 1139 1394 confirmari
1173 1330 1256 1391 solet.

73 1426 251 1496 Varronis
278 1443 433 1515 praeterea
462 1454 554 1497 unum
579 1437 746 1516 exemplum
776 1445 836 1515 est,
863 1433 985 1518 155,1
1017 1441 1146 1499 durities
1178 1441 1256 1498 enim

75 1552 218 1601 eorum
239 1545 323 1618 quod
344 1560 404 1604 nou
426 1547 522 1605 sotum
544 1548 669 1620 strinait
692 1547 808 1620 bacam,
832 1546 883 1606 sed
908 1544 1012 1606 similia
1036 1544 1118 1627 haec,
1141 1542 1216 1626 114,
1236 1542 1256 1606 8

73 1650 107 1703 iti
128 1652 338 1712 volutentur
362 1654 393 1711 in
416 1655 488 1728 luto,
511 1670 591 1728 auae
614 1655 693 1712 enim
716 1655 836 1713 iliarum
858 1656 979 1728 requies
999 1652 1060 1714 etl
1080 1649 1132 1733 69,
1153 1651 1169 1713 1
1191 1656 1255 1713 alia

74 1749 182 1810 mim
212 1788 252 1799 -
277 1764 313 1817 ut
340 1760 483 1820 celeriter
506 1776 640 1835 promas.
686 1757 782 1819 Plauti
815 1777 901 1820 usum
930 1761 1069 1838 exposuit
1096 1759 1253 1840 Langenus

75 1852 203 1923 Beitr.
223 1883 246 1924 z.
270 1861 368 1925 llritila
395 1883 425 1927 u.
452 1862 620 1945 Erklirung
649 1865 676 1926 d.
707 1864 827 1927 Plautus
859 1885 887 1946 p.
907 1864 982 1928 262.
1028 1865 1111 1945 olim,
1145 1874 1178 1926 ut
1210 1867 1253 1925 in·
1328 1902 1334 1913 .

76 1959 301 2032 solentiarem
319 1971 479 2033 verbomrm
499 1972 632 2033 ordinem
658 1974 849 2055 corrigerem,
867 1975 1053 2034 conieceram
1077 1975 1160 2048 quod
1176 1975 1255 2032 euim

78 2073 398 2156 contractationem
421 2098 529 2143 recens
552 2083 667 2142 melius.
700 2098 768 2141 nam
791 2079 848 2140 hoc
871 2081 975 2141 ordine
999 2082 1029 2140 ln
1048 2080 1255 2159 comparativis

77 2169 204 2244 Varro
226 2188 270 2246 uti
293 2185 377 2248 solet

200 2289 311 2353 Periti
345 2294 405 2372 qui
433 2292 590 2372 possint]
615 2295 746 2355 Possunt
771 2293 923 2355 iucundus
950 2301 1043 2355 recte.
1088 2312 1155 2354 nam
1183 2311 1254 2353 con·

74 2380 259 2459 {uncrinus
275 2403 400 2475 possint,
415 2418 504 2479 quem
519 2398 668 2462 Victorius
684 2419 719 2461 ex
739 2398 823 2462 libris
843 2419 931 2462 manu
952 2402 1072 2480 scriptis
1090 2408 1254 2481 receperat,

69 2485 102 2546 ¹¹¹
136 2493 219 2564 hac
240 2509 387 2567 sententia
415 2505 514 2569 locum
537 2526 596 2568 non
626 2505 723 2573 hahet,
768 2508 903 2570 ordinem
931 2507 1089 2569 verborum
1118 2516 1254 2569 correcta

67 2591 314 2696 distinctione,
337 2632 412 2693 quae
437 2614 533 2675 adhuc
556 2622 634 2696 erat,
658 2617 833 2698 significavi,
852 2620 960 2693 periti,
984 2619 1038 2691 qui
1058 2622 1196 2692 possunt,
1221 2622 1254 2675 ut

60 2714 100 2759 '⁰
142 2733 250 2794 aqua
272 2723 381 2796 influat
404 2739 439 2783 eo
461 2725 581 2784 nomine
601 2721 724 2799 faciunt
752 2726 811 2797 (sic
839 2728 918 2784 enim
949 2726 1081 2784 maxime
1103 2725 1253 2783 retinetur

55 2819 222 2900 meus),
246 2829 277 2888 iu
300 2844 395 2902 eoque
417 2831 541 2903 quidam
565 2846 629 2907 sqq.
674 2831 763 2908 periti
788 2815 907 2904 rustici,
932 2829 1035 2907 quiid
1060 2829 1157 2889 iacere
1181 2847 1251 2908 pos-

53 2925 198 3015 ⁸¹¹ut,
218 2941 325 2996 curant
347 2943 381 2996 ut
404 2952 479 3014 aqua
502 2937 533 2995 in
557 2934 743 2996 stercilinum
767 2935 884 3016 inlluat,
908 2943 941 2996 ut
964 2953 1054 2995 sucus
1079 2937 1251 2995 retineatur.

51 3032 94 3076 ⁶⁰
148 3041 287 3101 nomine
309 3039 346 3100 de
370 3058 473 3122 causa,
496 3059 552 3101 cur
575 3040 647 3121 quid
676 3049 793 3120 agatur,
820 3039 932 3101 dictum
962 3047 1021 3121 est,
1049 3037 1110 3122 12,
1129 3037 1173 3101 20
1196 3044 1253 3102 lroe

47 3140 228 3208 '‘⁰⁹²2ine
249 3149 341 3208 etiam
363 3148 489 3209 Athenis
513 3152 544 3209 in
567 3165 672 3209 arcem
695 3165 755 3210 uon
780 3150 868 3223 iuipi,
893 3148 919 3207 11
941 3144 1031 3228 1,14
1054 3150 1111 3209 lroe
1133 3151 1253 3208 nomine

47 3237 191 3310 mni
218 3255 302 3312 asini
324 3250 477 3314 Arcadici
508 3257 539 3313 in
570 3253 703 3314 Graecia
730 3251 1019 3334 noortnart,11,6
1048 3271 1107 3329 qua
1133 3257 1253 3314 nomine

47 3353 226 3418 ‘'i-*tica
256 3357 376 3420 Vinalia
403 3361 554 3441 instituta,
581 3358 608 3418 ll
629 3357 719 3441 11,8
747 3378 806 3436 qua
834 3363 955 3422 nomine
981 3363 1105 3436 auidam
1134 3361 1178 3421 bis
1205 3378 1251 3421 se·

52 3459 187 3522 cam
202 3472 304 3542 prata.

199 3567 218 3633 5
250 3571 325 3644 Quo
357 3579 393 3634 et
423 3573 458 3633 15
492 3573 625 3633 tritura
656 3591 832 3653 proruere
865 3573 972 3633 facile
1004 3575 1122 3653 possis
1156 3583 1190 3636 et
1222 3575 1252 3634 si

61 3676 133 3724 ¹¹¹1
145 3668 274 3742 lallare
298 3681 419 3760 coepit
440 3679 523 3740 inde
546 3688 584 3741 ut
607 3698 735 3742 rursus
758 3679 932 3741 celeriter
956 3677 1111 3755 reicere]
1138 3682 1174 3739 In
1198 3685 1251 3740 tri·

67 3775 223 3864 lurum,
246 3786 327 3868 quod
350 3806 386 3848 ex
414 3788 549 3868 principe
578 3787 708 3849 editione
733 3787 819 3867 vulgo
843 3796 996 3866 receptum
1025 3793 1101 3865 erat,
1124 3788 1251 3847 restitui.

76 3889 181 3949 ⁰²¹1:
201 3892 237 3954 ad
261 3894 418 3956 terendum
442 3896 472 3955 iu
496 3912 595 3955 aream
619 3895 802 3955 frumentum
829 3895 997 3973 proruitur:
1024 3887 1107 3972 152,
1129 3889 1146 3952 1
1170 3909 1251 3953 sear·

83 3997 177 4053 :um
196 4002 228 4062 iu
251 4018 358 4062 aream
380 4005 503 4064 secerni
522 4009 640 4080 oportet
661 4005 771 4079 spicas.
797 4033 836 4044 -
861 4003 996 4077 eoeperit
1017 3999 1176 4060 lucundus.

198 4103 218 4169 6
248 4106 298 4168 Ad
329 4106 487 4169 fructum
524 4105 715 4186 rationem]
747 4109 907 4193 stactam,
940 4105 1019 4186 quod
1051 4107 1082 4165 iu
1115 4106 1251 4185 principe

12 4206 22 4287 i
99 4192 425 4276 αἱ’111555Ρ511115555
448 4232 506 4276 nou
530 4217 674 4298 correxit,
701 4213 791 4275 habet
813 4214 1002 4274 Florentiuus
1033 4212 1139 4294 codex,
1159 4211 1247 4287 sruc-

12 4292 27 4409 i

164 4316 240 4366 Vasa.
253 4335 307 4367 an.
321 4335 389 4366 avar.
415 4325 447 4366 11.
1022 4319 1040 4368 4
