2874 4994
302 324 433 380 RERVM
451 325 692 381 RVSTIOARVM
710 325 778 380 LIB.
797 326 837 381 111
858 324 986 381 11—12
1157 314 1223 380 2¹15

120 496 148 538 ra
180 497 209 559 p.
229 474 303 540 454.
349 497 416 540 nam
445 497 541 560 neque
570 500 585 541 a
613 480 772 542 Columella
801 483 831 541 in
859 480 967 560 pabulo
995 480 1124 540 analium
1149 495 1223 540 uvae

120 583 277 666 pellantur,
301 604 397 665 neque
421 586 583 648 Varronem
606 588 662 649 hoc
686 590 872 668 praecepisse
892 585 1074 647 credendum
1097 593 1152 668 est,
1171 585 1223 646 sed

135 691 250 772 pabulo
273 711 433 772 porcorum
458 694 483 754 ll
502 692 533 777 4,
554 693 595 757 10
614 697 724 774 scriptu
748 703 817 756 sunl
836 694 918 776 haec,
937 696 1010 755 dari
1026 696 1123 755 solent
1140 696 1222 753 uina·

120 818 130 860 t
158 817 200 862 uc
222 803 309 877 scopi
330 819 370 862 ex
393 805 467 863 uois.

168 922 191 986 4
223 924 267 985 Et
289 927 342 986 sic
365 926 545 1006 pascendo
569 926 663 988 liunt
685 924 855 1007 pingues]
876 928 939 988 Sed
955 929 1000 988 sie
1020 924 1171 986 iucundus
1194 932 1224 985 et

122 1032 187 1093 nde
212 1032 319 1111 reliqui
343 1032 482 1094 editores.

166 1163 221 1218 ΧΠ
242 1155 258 1218 1
294 1158 473 1218 Percontati
493 1155 620 1235 plurimu
644 1155 820 1237 apographa,
843 1159 1040 1233 percunctati
1060 1156 1223 1217 Politianus

120 1272 350 1345 insessurum,
378 1271 411 1324 ul
434 1263 564 1345 ridetur,
596 1272 729 1324 correcta
758 1261 885 1324 lectione
913 1263 1057 1342 principis
1086 1263 1223 1324 editionis

120 1374 282 1433 cunctati.

169 1486 327 1558 Quintus
352 1484 489 1546 luluius
516 1483 677 1566 lippinus
705 1486 842 1547 dicitur
869 1483 1002 1545 habere
1026 1487 1060 1545 in
1084 1487 1222 1565 tarqui·

120 1596 202 1656 ensi
230 1602 331 1674 septa
359 1595 484 1672 iugera
513 1591 768 1672 quadraginta]
803 1594 930 1665 Quintus
958 1595 1082 1653 Fuluius
1104 1595 1223 1669 lepora-

120 1720 158 1762 ‘m
183 1703 299 1762 dicitur
322 1701 436 1761 iubere
461 1703 491 1760 in
515 1701 729 1776 Tarquiniensi
748 1705 863 1776 septum
883 1702 1022 1775 iuperum
1041 1698 1098 1758 XL
1116 1696 1223 1759 lucun-

120 1829 140 1870 ε.
181 1807 334 1887 archetypi
353 1806 510 1867 lectionem
527 1803 675 1867 Victorius
694 1807 835 1867 restituit.
873 1807 1009 1883 Lepinus
1024 1803 1224 1866 Schneiderus

130 1917 271 1996 principe
291 1913 419 1975 editione
440 1916 562 1992 recepit.
599 1913 723 1973 eandem
749 1931 812 1973 rem
833 1921 933 1973 narrat
951 1912 1066 1973 Plinius
1081 1909 1221 1973 vr11211

121 2025 199 2084 aria
233 2024 340 2082 iorum
369 2028 599 2095 ceterorumque
627 2022 808 2081 silvestrium
831 2022 952 2096 primus
980 2020 1078 2093 topati
1101 2021 1224 2094 ueneris

120 2131 195 2190 *enit
217 2130 341 2188 Fulvius
359 2127 515 2204 lippinus.
551 2129 582 2186 in
605 2126 819 2201 Tarquiniensi
832 2124 921 2201 seras
936 2142 1068 2201 pascere
1087 2127 1223 2208 instituit,

120 2254 133 2295 τ
149 2237 204 2295 diu
218 2237 385 2294 imitatores
399 2231 540 2308 defecere
554 2232 587 2292 L.
603 2233 748 2294 Lucullus
763 2240 792 2293 et
810 2234 842 2306 Q.
858 2232 1038 2292 Hortensius
1052 2241 1083 2291 et
1101 2229 1141 2289 lll
1160 2228 1222 2291 173

120 2345 254 2403 :icarum
286 2343 405 2401 uicaria
437 2341 568 2400 instituit
599 2341 723 2400 Fuluius
756 2339 904 2416 lippinus
937 2341 973 2409 *in
1009 2336 1226 2412 Tarquiniensi

120 2453 170 2510 ulo
194 2456 265 2509 unte
288 2450 377 2509 ciuile
400 2449 517 2528 delium,
540 2450 622 2522 quod
643 2465 712 2508 cum
736 2448 878 2523 Pompeio
897 2444 1012 2520 Mupno
1033 2451 1151 2519 aestum
1172 2451 1223 2505 est.

168 2571 190 2635 2
216 2571 253 2633 ln
272 2571 379 2653 gallia
403 2589 489 2632 uero
515 2569 737 2650 transalpina
761 2569 793 2631 T.
813 2567 1018 2648 pompeius]
1039 2566 1133 2630 Valer.
1150 2568 1223 2629 liar.

120 2676 179 2761 18,
198 2676 220 2739 4
240 2683 312 2759 item
336 2679 495 2754 Pompeius
519 2677 661 2756 Bepinus,
684 2679 732 2736 uir
755 2679 966 2752 transalpinae
986 2679 1133 2756 maionis,
1155 2693 1224 2738 cum

120 2793 255 2848 ‘iumento
266 2783 380 2860 fratris
391 2787 581 2860 praeteritus
600 2789 676 2844 esset
691 2815 743 2865 -,
763 2786 881 2845 cineres
897 2781 1011 2858 srutris
1026 2786 1142 2858 quietos
1160 2802 1225 2844 esse

120 2911 188 2956 ssus
211 2898 263 2953 est.
308 2890 344 2950 ad
372 2889 452 2950 huuc
481 2891 635 2951 reserenda
665 2909 731 2952 csse
760 2909 835 2970 quae
859 2887 951 2951 Varro
979 2899 1081 2952 narrat
1102 2890 1225 2952 Colerus

133 2999 228 3059 Valer.
247 2998 320 3058 llax.
340 2996 358 3058 l.
378 3016 402 3059 c.
422 2997 579 3058 adnotavit.

169 3122 190 3186 3
224 3125 380 3185 Interdius
407 3125 437 3183 in
468 3141 527 3187 urm
556 3122 658 3183 codice
683 3123 704 3181 Α
730 3125 874 3201 scriptum
907 3131 965 3196 est,
997 3121 1047 3181 sed
1077 3130 1223 3199 expuncta

120 3240 178 3293 iera
197 3249 221 3306 s,
245 3238 275 3291 et
299 3232 339 3291 ila
362 3232 392 3291 in
416 3230 481 3308 ipso
506 3229 665 3309 archetypo
690 3229 781 3288 luisse
806 3227 933 3306 videtur,
956 3229 1089 3287 interdiu
1109 3227 1222 3306 reliqua

120 3336 256 3417 ographa.

132 3440 141 3450 ⁸
169 3458 191 3522 4
223 3461 359 3522 Paucos
382 3461 412 3520 si
436 3459 580 3538 lepores
605 3476 720 3519 mares
743 3466 781 3518 ut
805 3457 956 3519 seminas
979 3457 1224 3518 intromiserit

126 3570 186 3630 cui
210 3577 370 3648 tempore
391 3567 466 3627 iore
486 3575 525 3627 ut
542 3564 753 3647 impleatur]
774 3565 881 3626 Mures
900 3569 931 3626 in
947 3563 1098 3640 foeminas
1117 3563 1223 3625 lucun-

122 3695 151 3758 s,
184 3693 284 3736 mares
316 3682 346 3736 et
375 3674 507 3750 seminas
536 3673 753 3752 Schoettgenus
786 3672 863 3751 apud
892 3670 1056 3731 Gesnerum
1089 3674 1223 3732 coniecit.

120 3802 182 3845 tres
206 3801 244 3844 uc
264 3781 397 3858 seminus
421 3783 536 3862 scripsi.
582 3799 649 3841 narn
679 3779 795 3860 lepores
823 3780 1064 3838 intromittuntur
1090 3780 1122 3837 in
1146 3777 1224 3858 lepo-

120 3892 193 3951 rium
217 3896 247 3949 et
271 3906 368 3949 mares
392 3896 422 3949 et
445 3889 583 3949 feminae.

171 4004 350 4075 Orrattuor
374 4003 476 4065 modo
497 4006 588 4065 enirn
608 4003 810 4062 intromisit
829 4003 863 4060 in
883 3998 1102 4079 leporarium
1120 3997 1223 4060 breui

124 4113 175 4173 let
195 4109 350 4191 repleri]
370 4113 522 4185 Quattuor
536 4113 613 4173 enirn
632 4111 719 4171 modo
739 4109 918 4169 intromissis
931 4104 1043 4168 llerula
1058 4113 1088 4167 et
1103 4105 1224 4167 Schnei-

119 4237 186 4301 rus‚
216 4225 349 4292 quatuor
376 4221 454 4279 enim
483 4221 570 4279 modo
597 4219 625 4276 si
653 4216 852 4276 intromiseris
880 4212 1039 4275 lueundus.
1063 4220 1225 4291 'quattuor

120 4328 168 4387 ulo
192 4327 271 4386 enim
294 4326 493 4385 intromiserit
516 4323 630 4404 scripsi,
658 4320 685 4381 h.
707 4340 732 4382 c.
757 4323 781 4381 si
810 4321 898 4381 modo
928 4327 1068 4399 quattuor
1090 4323 1224 4383 intromi-

120 4435 163 4494 rit.
200 4434 280 4493 enirn
304 4432 393 4492 terlio
411 4428 476 4490 loco
495 4431 625 4510 positum
644 4427 753 4509 legitur
771 4426 784 4488 l
805 4425 856 4511 18,
873 4424 891 4488 'l
912 4429 1023 4489 binium
1041 4428 1127 4489 nobis
1146 4432 1225 4490 euim

959 4523 1013 4583 18*
