2874 4994
353 353 402 408 DE
420 352 509 408 AGRI
529 351 702 407 CVLTVRA
722 351 862 407 LIBRVM
882 351 910 409 O.
926 350 1056 409 34-35
1237 344 1278 408 67

124 512 202 571 erit
223 527 343 571 semen
363 507 530 569 adoreum
549 509 776 588 potissimum
796 506 921 585 serito]
937 509 976 568 Et
990 527 1067 584 apro
1081 510 1136 584 qui
1148 525 1279 584 aquosus

125 621 190 678 erit
220 635 257 677 ex
285 616 387 678 codice
410 615 543 676 Mediceo
572 633 601 675 m
630 615 712 676 dedit
735 614 899 694 lucundus,
928 635 1017 694 quem
1041 615 1148 676 deinde
1172 614 1280 695 reliqui

127 724 264 785 editores
291 725 387 784 secuti
416 731 493 784 sunt.
540 741 595 802 pro
623 723 681 783 lroc
708 730 737 784 et
759 726 814 798 qui
836 740 912 799 aper
935 741 1067 798 aquosus
1091 726 1150 784 erit
1174 725 1281 802 scripsi

127 831 167 891 ad
202 830 371 909 exemplum
405 847 508 891 eorum
542 848 618 908 quae
651 836 819 908 sequuntur
851 848 931 905 quae
958 833 1027 891 ineu
1054 832 1138 891 sicea
1166 837 1281 889 einen

128 939 265 999 nudosa
288 944 386 1012 erunt,
410 943 520 1013 aperta
544 938 582 996 ad
607 938 724 1011 umbra,
749 938 793 997 ibi
814 939 949 997 triticum
970 940 1081 1007 serit0;
1104 939 1174 997 item
1194 932 1281 1016 35‚2

129 1047 291 1119 hordeum,
318 1048 372 1119 qui
394 1048 477 1105 iocus
501 1062 595 1105 nouus
618 1047 677 1105 erit
703 1076 740 1086 -
766 1047 867 1105 serito.
914 1062 981 1104 nam
1005 1046 1044 1105 ita
1068 1063 1136 1104 cum
1160 1043 1282 1105 relativo

130 1152 312 1230 pronomine
335 1152 516 1211 nominativo
541 1168 611 1211 casu
635 1152 859 1230 coniunguntur
878 1153 1005 1232 nomina,
1029 1150 1080 1212 ubi
1100 1153 1130 1211 in
1150 1149 1282 1212 subiecta

132 1259 297 1337 sententia,
325 1256 361 1317 ad
391 1275 478 1337 quam
505 1275 538 1318 ea
562 1258 747 1339 referuntur,
776 1257 863 1319 modo
886 1258 1018 1318 additum
1043 1268 1088 1319 est
1111 1257 1282 1319 adverbium

133 1366 186 1446 iii,
210 1363 299 1425 modo
322 1366 475 1445 omissum,
499 1362 528 1444 6,
547 1363 568 1427 2
592 1368 646 1440 qui
668 1383 745 1440 aper
765 1363 915 1441 sripidior
938 1374 968 1426 et
990 1369 1126 1426 macrior
1149 1369 1217 1447 erit,
1241 1367 1285 1425 idi

131 1475 233 1533 oleam
266 1474 443 1532 licinianam
475 1475 539 1532 seri
569 1479 699 1549 opertet,
731 1471 770 1532 ib.
799 1469 821 1532 4
853 1476 907 1547 qui
937 1477 1021 1534 loeus
1053 1475 1121 1533 aina
1155 1475 1282 1549 optimus

133 1580 259 1639 dicetur
281 1596 346 1639 esse
368 1586 398 1639 et
420 1584 554 1640 ostentus
577 1582 641 1654 soii,
665 1582 831 1640 aminnium
850 1583 1051 1641 minusculum
1068 1613 1105 1622 -
1124 1581 1283 1640 conserite.

133 1688 191 1760 qui
218 1687 304 1745 iocus
331 1688 469 1746 crassior
497 1689 556 1747 erit
582 1694 636 1746 aut
658 1687 839 1765 minianen,
866 1688 910 1746 idi
931 1690 1097 1747 aminnium
1120 1690 1218 1747 maius
1242 1719 1282 1728 —

132 1795 240 1866 serito,
266 1788 339 1872 105,
360 1790 376 1852 1
402 1796 457 1867 qui
478 1810 556 1867 aper
578 1795 666 1867 lonae
687 1810 707 1853 α
726 1796 808 1854 mari
825 1794 933 1867 aberit,
957 1795 1002 1853 ibi
1019 1795 1119 1864 uinum
1136 1810 1285 1868 praecum

132 1900 181 1960 sic
211 1896 319 1974 facita.
366 1898 503 1959 similiter
535 1917 603 1959 crim
636 1898 776 1960 adverbio
810 1903 893 1975 inde,
925 1896 967 1959 42
1001 1903 1083 1975 quod
1106 1918 1204 1975 penus
1232 1908 1286 1961 aut

131 2009 230 2080 ficum
259 2014 313 2067 aut
337 2009 433 2066 oleam
456 2024 521 2067 esse
544 2008 635 2078 uoles,
666 2009 736 2066 inde
758 2009 868 2067 librum
888 2011 1010 2084 scalpro
1030 2010 1166 2087 eximito,
1194 2004 1245 2087 64,
1265 2004 1284 2065 2

135 2116 206 2174 olea
224 2131 305 2187 quae
323 2115 376 2173 din
393 2112 492 2187 suerit
510 2116 541 2173 in
561 2120 647 2174 terra
667 2121 720 2173 aut
739 2117 770 2174 in
789 2108 934 2189 tabulato,
954 2117 1025 2174 inde
1038 2117 1098 2175 olei
1110 2117 1208 2174 minus
1223 2117 1286 2187 liet.

229 2220 340 2278 XXXV
359 2215 379 2279 2
403 2219 636 2279 Trimestrem
661 2237 728 2297 quo
752 2221 788 2279 in
809 2219 887 2280 loco
907 2222 1094 2280 sementim
1113 2228 1286 2281 maturam

135 2326 261 2386 iacere
284 2344 353 2386 non
377 2327 543 2405 potueris
567 2332 601 2385 et
625 2326 686 2403 qui
710 2324 811 2386 locus
834 2325 1016 2387 restibilis
1040 2325 1286 2386 crassitudine

136 2433 226 2494 lieri
254 2434 391 2511 poterit
418 2435 490 2492 seri
518 2431 677 2512 oportet]
704 2432 895 2494 Trimestrem
919 2434 1048 2494 fructum
1072 2435 1287 2512 iuterpretatur

138 2540 302 2619 Gesnerus,
321 2541 466 2600 sationem
487 2538 697 2601 Schneiderus.
736 2543 888 2602 trimestre
906 2539 1097 2601 scribendum
1113 2558 1189 2623 esse,
1208 2539 1287 2620 quod

136 2647 256 2708 Plinius
275 2646 353 2727 legit,
377 2647 450 2707 vidit
469 2645 632 2707 Pontedera
654 2665 682 2725 p.
697 2643 749 2709 48.
787 2658 834 2708 est
851 2656 950 2709 autem
969 2666 1064 2728 genus
1084 2650 1184 2729 tritici,
1208 2646 1286 2727 quod

138 2774 212 2816 vere
237 2757 361 2815 seritur:
384 2752 497 2814 Colum.
516 2751 542 2812 ll
562 2750 629 2834 6,1
655 2756 753 2814 tritici
772 2772 890 2829 penera
914 2759 1063 2832 conplura
1086 2758 1287 2830 capnouimus.

138 2880 247 2924 vernam
270 2880 311 2922 ex
334 2864 371 2921 iis
392 2863 525 2921 manime
543 2861 705 2920 serendum
724 2867 769 2921 est
786 2864 869 2937 quad
886 2864 978 2923 robus
998 2864 1122 2936 dicitur,
1146 2865 1288 2937 quoniam

138 2977 169 3031 et
200 2970 339 3045 pondere
367 2974 396 3028 et
422 2971 522 3028 nitore
546 2973 694 3044 praestat.
744 2971 881 3029 secunda
909 2972 1048 3030 condicio
1076 2976 1121 3030 est
1146 2970 1288 3030 trahenda

138 3078 286 3152 siiipinis,
324 3078 412 3137 cuius
445 3076 561 3151 species
593 3077 625 3134 in
654 3091 737 3150 pane
766 3079 938 3152 praecipua
967 3078 1106 3152 pandere
1137 3077 1289 3148 deficitur.

139 3187 266 3245 tertium
286 3186 345 3244 erit
364 3184 547 3255 trimenstre,
566 3184 654 3242 euius
672 3199 745 3241 usus
759 3184 906 3256 apricolis
918 3185 1120 3256 eratissimus.
1152 3200 1222 3242 nam
1237 3183 1291 3241 uiri

134 3299 268 3368 propter
295 3308 392 3365 aquus
420 3292 550 3350 aliamue
577 3306 703 3350 eausam
730 3297 854 3349 matura
880 3292 959 3350 sntio
982 3292 1172 3371 ademisse,
1197 3307 1289 3365 prae-

137 3400 253 3458 sidinm
272 3399 311 3458 ab
330 3399 388 3458 itae
403 3399 529 3473 petitur.
566 3393 606 3455 ib.
620 3391 685 3475 4,9
705 3399 796 3457 calles
811 3399 935 3473 pinpuis
954 3399 1011 3456 seii
1025 3403 1157 3472 peracta
1173 3399 1290 3456 satione

139 3506 341 3566 trimestrium
359 3520 460 3564 mense
474 3503 600 3577 Martia,
618 3505 647 3562 si
665 3520 735 3564 vero
754 3511 840 3579 tepor
859 3505 940 3563 caeli
956 3505 1140 3577 siccitasque
1156 3505 1290 3577 repinnis

137 3613 297 3686 suadebit,
332 3612 504 3672 Februario
535 3613 637 3670 statim
665 3611 889 3687 proscindendi
914 3618 992 3670 sunt.
1044 3608 1083 3668 lll
1106 3607 1141 3693 2,
1164 3606 1208 3670 20
1236 3613 1289 3670 tri·
1359 3609 1363 3616 '

137 3721 320 3780 menstrium
352 3736 471 3794 quaque
502 3720 581 3778 satio
614 3734 673 3777 nan
707 3725 752 3777 est
784 3719 886 3778 alienu
919 3719 991 3778 isaia
1025 3721 1160 3796 tempori.
1212 3720 1291 3796 ipsas

138 3827 274 3887 sationes
301 3827 470 3886 trimestres
494 3823 655 3885 Columella
674 3820 809 3903 x114,1
836 3823 922 3902 dixit,
953 3826 1132 3899 incipiemus
1155 3843 1175 3885 u
1198 3842 1291 3885 verno

138 3943 285 4011 tempore,
308 3936 450 4008 queniam
471 3930 542 4008 sere
564 3933 694 3992 maturis
717 3938 809 4006 atque
832 3932 1056 3992 trimenstribus
1078 3934 1291 3991 consummatis

137 4041 312 4102 sationibus
337 4058 437 4101 vacua
461 4046 598 4116 tempora
622 4041 682 4098 ium
700 4040 880 4114 continpnnt
898 4039 941 4098 nd
958 4054 996 4097 en
1015 4039 1194 4111 exequenda
1212 4054 1292 4111 quae

139 4150 288 4224 deinceps
321 4149 501 4209 docebimus.
532 4178 570 4188 —
608 4153 713 4205 neutra
745 4143 958 4205 adiectirorum
992 4159 1116 4203 numero
1149 4140 1291 4221 singulari

139 4256 233 4316 etiam
257 4259 377 4334 praeter
400 4253 431 4314 id
449 4272 553 4332 genus,
577 4250 656 4332 quod
679 4269 769 4331 supra
788 4270 813 4312 c.
833 4247 1003 4331 adnotavi,
1026 4267 1085 4309 non
1105 4247 1203 4309 addito
1222 4247 1291 4307 suh·

139 4365 271 4422 stantivo
291 4361 411 4421 nomine
430 4379 445 4422 a
466 4361 575 4421 Catone
596 4377 685 4438 saepe
705 4366 846 4438 usurpata
866 4365 948 4418 sunt:
969 4353 1031 4439 5,1
1052 4360 1151 4418 aliena
1169 4372 1292 4417 manum
1361 4392 1363 4397 -

138 4471 303 4544 abstineat,
331 4463 380 4550 18,
401 4464 419 4528 7
443 4472 530 4529 caiae
552 4470 712 4542 harenato,
736 4463 789 4548 37,
807 4464 830 4527 4
848 4467 1037 4527 intermestri
1054 4468 1186 4540 lunaque
1205 4464 1291 4524 dimi·

1044 4563 1078 4619 ὃν
