2874 4994
143 329 206 396 158
502 338 694 395 COMMENT.
713 339 753 393 IN
773 336 931 393 CATONIS

138 494 371 571 faciendaeque
393 512 473 570 quoe
496 497 598 556 lecolo
622 502 666 555 est
683 492 825 554 Pithoeus
849 491 867 552 i.
882 510 908 553 c.
947 489 1094 550 librorum
1112 489 1275 569 scripturam

143 604 276 663 restituit
301 610 332 663 et
355 603 571 681 interpretetus
595 609 639 662 est
663 599 818 662 Retinerus
841 599 859 660 i.
882 618 922 681 c,
950 600 1016 658 dies
1038 600 1168 673 vreevto
1188 612 1223 656 ec
1239 594 1274 655 ll.

143 712 215 770 Noe.
240 712 385 770 meusium
409 708 449 768 X.
478 712 563 771 oleoe
590 711 738 785 levevdoe
757 706 941 783 faciundae,
969 722 1051 780 quoe
1073 706 1175 765 locate
1195 706 1233 761 est
1249 706 1279 761 et

141 819 170 876 sl
183 823 298 893 emptor
312 819 432 890 locarit,
448 817 548 876 idibvs
561 819 675 891 solvito,
689 814 718 875 ir.
729 833 754 875 e.
768 822 890 894 argento
901 810 1042 874 solvendo
1051 805 1273 889 emptoridoeem

143 941 261 984 meuses
284 933 351 1001 post
374 921 515 982 kalendas
534 920 716 982 Novembres
740 920 946 982 conceduntur
969 927 1094 998 excepte
1117 932 1153 976 ev
1170 931 1283 993 sumna,

142 1048 217 1109 qtreo
247 1048 301 1109 pro
330 1028 393 1087 olen
422 1028 543 1107 legenda
574 1037 604 1090 et
632 1027 765 1089 iacienda
793 1029 894 1089 datur:
922 1043 988 1088 eom
1016 1026 1097 1086 enim
1125 1019 1221 1083 idibus
1239 1018 1276 1080 rei

142 1135 359 1196 Novembribus
379 1135 424 1195 vei
443 1137 589 1214 proximis
609 1133 724 1197 solvere
744 1134 842 1217 debet,
861 1137 923 1195 sive
942 1132 1082 1194 venditor
1099 1131 1164 1191 sire
1177 1136 1282 1209 emptor

142 1261 206 1303 eem
231 1261 350 1322 operam
375 1240 490 1323 locarit,
514 1242 542 1301 ir.
562 1261 587 1302 e.
611 1242 779 1303 mercedem
804 1259 858 1321 pro
881 1240 946 1301 olea
967 1237 1093 1319 legenda
1112 1244 1144 1297 et
1162 1232 1279 1295 iacienda

143 1351 307 1410 constituit.
345 1349 449 1409 eodem
472 1350 624 1428 pertinere
648 1350 741 1410 voluit
764 1368 840 1428 qnae
864 1351 894 1409 in
918 1348 977 1408 iiue
1000 1345 1109 1425 cepitis
1134 1343 1172 1405 de
1189 1340 1282 1421 ieguiis

144 1467 175 1517 et
202 1455 365 1517 lectoribus
394 1459 505 1535 scripte
534 1466 611 1517 sunt.
659 1455 768 1536 quibus
796 1457 823 1516 si
850 1463 967 1534 emptor
991 1450 1164 1513 mercedem
1186 1448 1287 1511 consti·

142 1571 237 1623 tutem
261 1581 320 1623 nou
340 1561 472 1643 solverit,
496 1562 634 1623 dominus
654 1563 747 1644 tutudi,
766 1565 789 1622 si
811 1560 897 1642 rolet,
917 1561 1019 1641 solvet,
1038 1567 1160 1637 emptor
1177 1556 1287 1617 domino

143 1689 207 1731 eam
239 1688 384 1730 summam
413 1669 534 1730 debebit
560 1689 675 1750 proque
703 1688 738 1730 ee
766 1671 837 1730 setis
865 1668 955 1730 dabit.
1002 1673 1128 1746 argento
1157 1661 1287 1725 soluendo

142 1776 205 1837 dies
243 1778 437 1837 constituitur
469 1785 537 1855 post
565 1777 669 1838 decem
697 1794 815 1837 menses
844 1794 879 1837 ex
907 1773 1042 1836 kalendis
1069 1768 1287 1834 Novembrium

144 1883 196 1943 sed
221 1882 258 1942 de
282 1882 428 1943 locatione
447 1882 528 1944 oleae
548 1883 689 1963 legendae
709 1893 739 1944 et
759 1883 909 1944 iaciendas
929 1884 960 1944 in
979 1880 1072 1943 iundo
1091 1879 1210 1940 domini
1226 1874 1287 1957 quit

143 1991 362 2069 praescriptum
386 1992 438 2069 sit,
462 2008 521 2050 non
546 1999 677 2069 apparet.

232 2096 403 2176 Satisque
436 2097 513 2157 deri
546 2097 688 2158 do'mino
716 2106 775 2158 eut
803 2098 861 2158 cui
889 2097 1043 2157 iusserit
1072 2088 1287 2173 promittite]

146 2206 204 2264 Cui
225 2205 348 2264 iusserit
371 2205 481 2283 optime
505 2204 682 2286 apographo,
708 2208 761 2265 cvi
783 2207 830 2264 les
853 2206 914 2265 erit
935 2201 1101 2264 Politienus
1126 2202 1227 2261 minus
1247 2215 1282 2259 ee

143 2320 255 2389 curete,
279 2319 312 2370 ut
335 2310 461 2391 videtur,
485 2321 621 2372 correcte
643 2310 770 2372 lectione
795 2311 939 2390 principis
959 2309 1100 2369 editionis
1120 2311 1212 2370 evius
1228 2308 1287 2367 erit

232 2414 363 2478 3'Vuse
387 2417 528 2478 toccula
554 2419 656 2478 iunes
681 2417 796 2478 sevies
820 2425 989 2495 trepetos
1012 2416 1132 2496 siquit
1155 2422 1192 2476 et
1209 2412 1282 2473 eiiu

144 2524 261 2584 datum
296 2525 367 2583 erit
399 2524 496 2585 saiuu
526 2533 627 2585 recte
656 2523 813 2601 reddito]
852 2525 997 2601 Tropetos
1024 2530 1055 2584 et
1080 2525 1188 2598 sipvr'd
1213 2522 1287 2583 ebur

144 2633 249 2690 dvtvvr
272 2634 331 2690 evit
353 2629 513 2691 iucundus.
556 2639 690 2708 tropolos
712 2634 816 2707 siquid
837 2640 866 2691 et
890 2633 978 2692 eliud
999 2649 1036 2689 ex
1061 2629 1223 2709 archetypo
1243 2624 1287 2688 de

144 2735 228 2796 derat
252 2735 414 2816 Victorius,
437 2738 469 2796 in
492 2756 552 2815 quo
576 2745 605 2798 et
629 2756 683 2818 pro
707 2741 798 2799 etium
822 2737 882 2796 diei
906 2755 966 2797 nou
990 2738 1098 2815 potuit.
1146 2743 1177 2797 et
1198 2737 1287 2810 slvere

145 2845 175 2903 iu
201 2861 300 2902 rerum
326 2841 466 2903 similium
491 2846 714 2905 enumeratione
739 2844 852 2904 dietum
876 2852 923 2905 est
943 2840 1008 2926 2,r
1034 2851 1065 2905 et
1086 2844 1192 2918 siquid
1211 2843 1281 2901 eliel

144 2954 285 3028 supersit,
308 2946 352 3010 44
376 2958 405 3010 el
427 2953 530 3025 siquid
552 2959 658 3012 verrius
682 2950 901 3026 lelersreeerit.

234 3056 372 3116 CXLVII
405 3056 440 3117 Si
470 3076 537 3117 uon
566 3066 647 3117 ente
675 3076 712 3116 ee
741 3058 996 3136 expectaueris
1024 3055 1191 3117 dontinus
1212 3054 1271 3113 uiuo

146 3161 230 3241 quid
255 3162 351 3224 uolet
375 3164 498 3241 saciet]
529 3166 610 3237 eote
632 3168 708 3224 velet
731 3162 800 3223 iibri
824 3182 912 3224 meuu
937 3164 1043 3243 scripti
1066 3170 1099 3223 et
1122 3161 1211 3223 editio
1227 3156 1271 3217 ide·

146 3269 229 3349 terii,
261 3272 344 3343 qvod
374 3275 454 3331 volet
487 3273 516 3330 iu
545 3272 680 3350 principe
709 3268 838 3330 editione
866 3268 1032 3330 Politianus
1059 3268 1118 3330 boc
1146 3267 1209 3329 ioco
1232 3280 1271 3325 non

147 3376 286 3436 correxit.
335 3380 412 3452 qvid
443 3377 520 3438 idem
550 3395 585 3437 ex
614 3377 716 3437 codice
749 3377 901 3437 adnotavit
933 3374 1005 3458 148,
1026 3373 1057 3456 2,
1084 3379 1116 3436 si
1141 3382 1212 3435 unte
1232 3386 1273 3431 vot

147 3485 366 3559 deportaverit,
396 3486 534 3544 dominvs
562 3486 631 3544 vivo
657 3486 733 3557 qvid
755 3487 832 3544 volet
850 3482 962 3559 societ,
991 3482 1046 3544 ubi
1068 3484 1142 3544 item
1165 3484 1195 3543 in
1216 3479 1273 3560 prin·

147 3589 213 3664 cipe
237 3588 366 3648 editione
390 3593 473 3663 qvod
494 3589 610 3668 iegitur.
649 3588 684 3649 ad
709 3589 833 3649 eandem
857 3608 992 3650 normam
1015 3593 1046 3650 st'
1066 3608 1129 3652 eon
1153 3595 1223 3650 onte
1239 3602 1275 3647 er

144 3698 315 3768 portaverit
338 3696 443 3772 scripsi
462 3714 516 3774 pro
537 3714 571 3755 eo
592 3695 670 3775 quod
690 3697 720 3755 in
741 3695 824 3757 libris
844 3715 933 3758 manu
953 3698 1076 3776 scriptis
1095 3704 1128 3758 et
1146 3692 1276 3774 impressit

149 3808 213 3859 erat
234 3804 263 3860 si
285 3819 344 3862 voe
368 3810 439 3863 vete
462 3822 499 3863 ev
523 3806 742 3879 exportaveris.

237 3908 388 3968 CXLVIII
407 3906 428 3969 2
452 3908 574 3969 Vinum
600 3910 757 3987 accipito
781 3919 862 3969 erite
888 3908 921 3971 ii.
940 3911 1006 3969 ian.
1026 3910 1164 3988 primas
1182 3908 1211 3969 si
1226 3920 1278 3968 nou

42 4060 46 4067 .
147 4019 228 4071 ente
248 4016 432 4092 acceperit
450 4014 614 4075 dominus
630 4016 750 4076 uiuum
765 4015 986 4077 edmetietur
999 4015 1093 4095 quod
1110 4015 1280 4076 admensus

149 4119 218 4175 erit
241 4136 304 4196 pro
328 4139 367 4180 eo
391 4121 554 4181 domiuus
577 4139 649 4181 rem
670 4120 818 4199 soluite]
847 4123 936 4195 Qvod
953 4125 1135 4184 admensuret
1153 4124 1219 4198 erit,
1235 4132 1280 4197 ert

149 4240 184 4281 eo
212 4224 349 4285 dominvs
377 4231 517 4288 resolvite
546 4228 625 4288 edite
653 4228 722 4288 inde
750 4248 767 4288 u
795 4229 931 4308 principe
956 4230 1088 4291 editione
1113 4226 1280 4310 exemptam.

151 4330 232 4400 qvod
249 4332 423 4393 udmevsvm
442 4337 510 4408 erit,
526 4352 585 4410 pro
604 4352 639 4394 ee
658 4338 777 4396 domino
796 4339 938 4397 resolvite
958 4335 1003 4396 rei
1022 4338 1110 4412 quod
1125 4338 1280 4398 removeo

153 4451 211 4492 von
233 4437 300 4511 erit,
321 4455 380 4513 pro
399 4457 434 4500 eo
452 4442 590 4501 dominvs
608 4444 748 4502 resolvite
765 4440 907 4502 Pithoeus
926 4442 1043 4503 advers.
1062 4442 1210 4506 subsecir.
1222 4438 1247 4521 2,
1256 4432 1280 4515 4,
