2874 4994
253 319 315 383 176
594 328 785 385 COMMENT.
803 329 844 383 IN
861 326 1050 385 VARRONIS

251 485 347 544 robiis
368 487 548 546 succideret.
585 486 657 546 item
680 484 717 544 de
741 481 1005 545 asinoPaitad.1V
1025 478 1118 564 lta
1141 484 1361 558 miorireimr·
1423 516 1431 551 ς

251 592 316 651 rimi
337 594 469 652 maxime
492 595 603 653 coloris
626 601 681 654 out
703 593 805 667 rubet,
829 590 866 651 de
889 590 1006 672 gallinis
1029 589 1144 652 Colum.
1162 586 1228 649 thl
1243 586 1274 665 2,
1289 586 1309 653 8
1323 592 1366 651 siet

250 715 324 772 ergo
347 701 491 759 matrices
510 700 591 759 robii
613 702 733 774 coloris,
752 698 788 758 de
813 716 898 760 mure
918 697 1001 760 Serv.
1023 699 1055 758 in
1074 695 1162 777 Verg.
1180 712 1279 777 georg.
1294 695 1308 757 Ι
1322 692 1368 759 tu

250 820 315 864 mes
329 807 460 879 apr-estis·
475 806 593 865 robers.
625 804 705 864 idem
724 813 823 866 antem
843 803 934 886 color,
952 805 1005 884 qui
1023 803 1095 865 olim
1112 802 1270 865 dicebatur
1285 802 1372 865 rubent

250 910 295 971 vel
318 909 430 992 rebius,
452 919 554 992 postea
578 910 665 989 vulgo
689 910 802 972 rubeus
825 911 924 973 dictus
947 918 1001 972 est
1047 918 1214 991 utrumque
1235 911 1376 991 legitnrie

250 1016 353 1078 codice
384 1015 525 1078 Bobiensi
559 1018 729 1079 Sacerdotis
761 1036 883 1098 gramm.
907 1017 955 1080 lat
979 1037 1004 1079 r.
1026 1016 1063 1079 Vl
1094 1038 1123 1100 p.
1143 1013 1259 1092 4621
1287 1018 1378 1079 coion

250 1133 320 1186 erut
341 1127 439 1200 rubei,
463 1122 484 1188 3
503 1128 599 1201 piscis
621 1127 739 1187 rebeus.
1277 1112 1280 1117 ¹

339 1227 358 1292 9
392 1230 438 1292 De
471 1231 602 1293 mediis
635 1231 775 1293 dnobus
803 1234 905 1313 prior
934 1249 1038 1312 quarn
1068 1231 1262 1311 posterior
1291 1231 1326 1292 tn
1352 1247 1385 1291 ee

249 1340 351 1418 prior
375 1340 523 1418 utrique
547 1337 671 1418 plures
702 1358 804 1419 quam
833 1341 929 1419 nigri
956 1345 991 1400 ot
1018 1335 1102 1416 albi]
1126 1338 1176 1400 Dr
1196 1339 1307 1399 media's
1326 1338 1388 1399 deo

249 1446 305 1506 tus
323 1449 414 1523 prior
437 1464 528 1521 quom
547 1448 702 1523 posterior
724 1449 842 1522 melior,
866 1449 990 1522 utrique
1014 1448 1114 1523 pteris
1142 1462 1240 1521 quum
1267 1446 1351 1521 aegri
1367 1452 1392 1504 et

250 1554 315 1614 albi
345 1551 423 1613 edita
453 1552 522 1613 inde
555 1571 571 1613 a
603 1554 739 1633 principe
773 1551 903 1614 editione
936 1550 1128 1633 exemplaria,
1161 1550 1218 1613 ubi
1251 1550 1393 1613 Gesneras

249 1661 351 1739 nigros
374 1667 405 1720 et
427 1658 509 1720 albos
533 1658 748 1739 intellegendos
771 1678 838 1721 esse
860 1662 955 1721 varios
973 1677 1027 1721 seu
1046 1657 1219 1721 maculosos
1238 1659 1397 1743 adnotavit3

249 1769 373 1842 utrique
401 1769 445 1827 od
475 1767 609 1828 laborem
636 1770 738 1843 pteris
769 1769 897 1828 coniecit
928 1765 1095 1828 Pontedera
1127 1783 1156 1845 p.
1175 1762 1264 1842 430,
1299 1769 1397 1842 utique

246 1876 356 1950 pteris,
378 1875 397 1934 i.
417 1891 442 1933 e.
466 1883 547 1935 certe
571 1876 664 1953 nigris
687 1883 718 1935 et
741 1874 816 1935 albis
839 1882 978 1955 praestat,
997 1873 1214 1935 Schneiderus.
1250 1873 1399 1953 archetypi

249 1981 427 2060 scripturam
452 1998 467 2040 a
487 1979 617 2042 Victorio
640 1981 799 2043 indicatam
815 1985 906 2059 prior
924 1998 1015 2056 quom
1030 1983 1186 2059 posterior
1209 1984 1244 2042 in
1264 1999 1301 2043 eo
1315 1982 1399 2060 prior

250 2095 353 2166 argute
377 2085 509 2148 defendit
533 2086 679 2169 Scaliger,
702 2083 794 2150 ‘ludit
816 2088 931 2150 tacetus
954 2105 1058 2149 senex:
1087 2086 1124 2149 de
1148 2087 1278 2168 mediis,
1300 2089 1400 2167 inqut

250 2192 367 2255 duobus
391 2193 554 2276 coloribus,
577 2193 651 2255 robo
674 2204 705 2256 et
727 2195 826 2278 helvo,
849 2196 947 2277 prior,
969 2193 1027 2256 hoc
1049 2201 1096 2255 ost
1123 2192 1237 2275 robus,
1263 2201 1312 2257 est
1335 2211 1399 2274 qno

248 2318 306 2381 que
334 2303 417 2381 prior
446 2320 506 2363 non
534 2301 629 2363 sotum
653 2301 733 2384 loco,
756 2302 808 2364 sed
841 2309 873 2363 et
898 2295 1056 2363 bonitate’.
1101 2299 1155 2362 sed
1184 2299 1238 2361 hia
1267 2299 1399 2362 omnibu

247 2409 346 2470 traudi
374 2408 431 2469 tuit
462 2411 618 2488 genetivus
642 2413 743 2486 pluris
771 2427 826 2490 pro
855 2409 1036 2470 nominativo
1060 2410 1168 2485 piures
1199 2425 1240 2469 ex
1269 2409 1396 2488 principe

248 2514 377 2577 editione
400 2525 548 2596 receptus.
586 2525 709 2596 apparet
727 2518 806 2577 enirn
825 2534 885 2576 non
909 2515 946 2577 de
964 2514 1118 2598 dignitate,
1137 2514 1192 2577 sed
1213 2514 1255 2576 de
1277 2530 1396 2577 numere

247 2621 347 2703 houm,
366 2625 417 2702 qui
440 2624 470 2684 iu
495 2641 554 2684 uuo
575 2641 694 2703 quoque
714 2642 750 2684 ex
769 2631 911 2704 quattuor
930 2621 1080 2685 coloribus
1098 2624 1313 2704 inueniuntur,
1331 2621 1393 2683 naa

249 2731 359 2808 scripta
388 2746 462 2789 esse.
509 2748 606 2790 veram
635 2728 794 2792 verborum
827 2733 1004 2793 sententiam
1032 2729 1176 2791 indicarit
1206 2727 1391 2791 Zahltetdtiu

249 2843 363 2915 quaest.
390 2837 455 2896 crit
484 2837 514 2896 in
542 2834 664 2897 Varron.
693 2855 751 2899 rer.
774 2847 849 2899 rust.
873 2836 940 2899 libr.
963 2857 992 2918 p.
1011 2833 1069 2919 32,
1099 2837 1153 2916 qui
1184 2839 1281 2914 prior
1311 2851 1388 2911 quau

244 2946 398 3020 posterior
421 2944 575 3015 crebrior,
599 2947 722 3019 utrique
746 2948 852 3022 piures
875 2943 1066 3006 scribendum
1099 2959 1167 3005 esse
1199 2943 1341 3023 coniecit,
1362 2949 1387 3001 et

246 3048 383 3110 similiter
398 3047 545 3110 Vahlenus
563 3047 602 3110 ib.
618 3053 709 3127 prior
728 3068 821 3125 quam
836 3054 991 3128 posterior
1009 3067 1137 3112 numero
1152 3052 1258 3129 prior,
1277 3051 1384 3123 utrum

243 3160 357 3234 piures.
403 3155 508 3216 deletis
538 3156 635 3217 verbis
664 3160 694 3217 io
724 3176 758 3218 eo
782 3161 886 3236 prior,
909 3174 984 3238 quae
1008 3175 1045 3218 er
1072 3173 1163 3237 prava
1187 3154 1379 3236 praecedentis

248 3261 382 3324 vocabuli
405 3264 583 3343 repetitione
609 3263 747 3325 uidentur
770 3273 834 3326 orta
858 3282 934 3346 esse,
953 3264 1061 3344 scripsi
1084 3266 1123 3325 de
1145 3266 1257 3326 medit's
1279 3262 1378 3323 tame

245 3374 334 3447 prior
357 3388 448 3445 quem
468 3373 631 3451 posterior,
653 3373 777 3446 utrique
796 3359 907 3449 piures
924 3389 1015 3447 quem
1037 3374 1126 3453 migri
1147 3378 1180 3432 et
1202 3371 1275 3432 otii.
1309 3365 1377 3429 robei

246 3476 337 3538 hoves
361 3486 431 3537 sunt
454 3494 578 3537 numero
608 3476 710 3557 piures
733 3496 821 3557 quam
848 3476 940 3560 helvi,
967 3479 1127 3557 utriusque
1154 3476 1269 3539 coloris
1292 3474 1377 3557 plures

246 3601 335 3662 quam
358 3584 435 3661 nigri
457 3590 488 3644 et
510 3582 578 3644 albi.

334 3687 454 3767 Neque
486 3707 554 3750 non
586 3699 776 3770 praeterea
809 3701 848 3753 ut
882 3693 971 3753 mari
1007 3691 1157 3753 seminis
1191 3689 1280 3753 boni
1310 3694 1380 3750 sant

246 3813 400 3874 quorum
424 3805 458 3857 et
482 3798 593 3857 forma
617 3806 671 3858 est
695 3796 889 3879 spectanda
917 3806 953 3860 et
979 3800 1041 3879 qui
1063 3816 1106 3858 er
1134 3796 1194 3859 his
1218 3799 1291 3860 orti
1311 3802 1382 3859 sunt

244 3902 466 3982 respondent
498 3903 538 3964 ad
570 3913 760 3983 parentum
788 3907 949 3983 speciem
977 3912 1014 3966 et
1039 3913 1237 3984 praeterea
1266 3903 1384 3987 quibus

244 4008 458 4089 regionibus
481 4012 556 4071 nati
579 4021 664 4072 sunt
686 4009 815 4090 retert]
831 4012 919 4073 Meri
935 4010 1100 4073 Politianus
1118 4030 1193 4074 oum
1211 4008 1387 4095 apographis,

244 4135 302 4177 non
327 4119 432 4197 enoris,
455 4126 489 4177 ut
507 4115 658 4179 Gesnerus
678 4117 877 4199 adnotaverat,
896 4117 976 4199 quod
995 4116 1211 4183 Lachmannus
1229 4120 1262 4183 tn
1279 4117 1389 4181 asae

243 4240 272 4300 p.
293 4218 336 4281 56
369 4223 399 4280 in
433 4223 574 4303 exemplis
606 4226 781 4286 nominativi
813 4224 936 4305 pluralis
967 4226 993 4285 is
1023 4226 1180 4287 terminati
1212 4228 1323 4308 posuit
1362 4231 1391 4285 et

244 4344 346 4388 meres
368 4333 489 4391 seminis
513 4333 585 4393 boni
604 4335 666 4392 sint
688 4330 809 4393 Merula.
846 4331 954 4392 deinde
977 4339 1008 4393 et
1029 4334 1085 4407 qui
1106 4350 1149 4394 ee
1174 4335 1228 4397 itis
1249 4337 1313 4397 orti
1330 4340 1393 4395 suet

243 4442 277 4494 et
300 4439 503 4513 respondeam
526 4437 686 4500 iucundus.
718 4437 803 4519 plura
826 4440 944 4501 novavit
964 4436 1102 4515 Ursinus,
1125 4442 1184 4521 qn
1208 4460 1310 4521 nepae
1329 4458 1399 4516 eon,
