2874 4994
249 332 313 395 122
606 338 797 396 ΟΟΜΜΕΝΤ.
817 340 857 395 IN
877 339 1035 397 CATONIS

248 498 451 558 concinnatio.
488 499 679 573 quadrantal
700 514 792 558 anun
816 514 856 557 33
878 500 940 558 3113
962 500 1072 559 sumito
1088 494 1252 559 iucundus.
1287 499 1390 573 Aquae

247 607 387 664 marinae
416 607 624 679 concinnatio,
653 622 728 683 quae
757 605 786 665 in
811 602 970 684 archetypo
994 613 1024 664 et
1047 582 1084 664 in'
1101 605 1239 685 principe
1262 603 1388 667 editione

247 709 383 771 rubricae
412 710 476 771 loco
505 713 628 793 scripta,
657 711 763 772 deinde
791 713 822 771 in
850 712 935 772 initio
963 713 1069 790 capitis
1096 712 1206 772 omissa
1234 720 1334 793 33331,
1360 714 1387 773 13

246 826 387 878 contento
417 817 576 879 verborum
604 818 764 898 repetenda
793 836 860 879 esse
890 827 958 897 post
986 816 1153 879 Iucundum
1180 816 1333 880 Meursius
1362 829 1389 881 et

246 923 412 985 Pontedera
437 944 464 1004 p.
487 923 528 986 70
552 936 742 987 monuerunt.
783 926 836 987 sed
860 925 1051 987 scribendum
1074 927 1175 1006 potius
1198 935 1265 987 erat
1286 928 1389 1002 ,43333

246 1036 387 1093 marinae
409 1037 612 1095 corrcinnutio.
650 1052 750 1110 33333
773 1037 913 1094 taurinae
940 1035 973 1106 Q.
993 1033 1013 1094 I
1032 1052 1073 1095 33
1091 1038 1153 1096 alto
1171 1036 1289 1095 3331113.
1325 1050 1388 1095 nam

246 1140 285 1200 ita
310 1148 517 1218 argumentum
545 1159 649 1201 eorum
677 1141 713 1201 (13
742 1140 853 1221 artibus
880 1143 1062 1221 praecipitur
1089 1140 1126 1201 ab
1155 1143 1220 1220 ipso
1243 1143 1387 1221 scriptore

177 1310 183 1319 ,
246 1247 372 1307 indicari
396 1246 479 1329 solet,
504 1267 577 1328 quae
600 1248 705 1309 (133313
726 1250 752 1309 is
771 1251 823 1328 qui
841 1247 977 1309 rubricas
997 1259 1027 1309 et
1045 1249 1173 1310 indicem
1192 1247 1387 1329 capitulorum

246 1354 317 1415 iecit
352 1357 497 1435 repetivit.
544 1375 602 1436 333
636 1358 746 1417 iactum
778 1364 824 1416 est
853 1367 885 1417 ut
913 1365 1015 1436 postea
1043 1374 1076 1416 33
1106 1374 1181 1435 qnae
1208 1354 1253 1417 ibi
1279 1358 1388 1437 scripta

246 1471 330 1522 erant
350 1465 468 1542 saepius
487 1465 517 1523 in
541 1473 682 1525 33313313
702 1462 859 1525 corborum
881 1465 1099 1524 omitterentur.
1127 1462 1233 1524 similis
1256 1462 1388 1525 deiectus

242 1570 299 1630 suit
322 1573 352 1629 13
377 1569 433 1649 bis,
457 1590 584 1650 333333(
608 1572 736 1650 plurima
756 1571 825 1632 olim
844 1581 978 1632 correcta
998 1579 1076 1652 sunt,
1095 1588 1189 1649 pauca
1209 1570 1309 1633 adhuc
1328 1570 1388 1633 (1111·

240 1680 370 1756 gentiam
398 1678 546 1739 editorum
575 1679 726 1759 fugerant,
754 1698 778 1740 3.
804 1675 854 1740 10.
887 1676 934 1741 11.
964 1676 1015 1739 20.
1042 1675 1092 1740 10.
1120 1674 1190 1740 106.
1217 1674 1291 1741 135.
1318 1676 1388 1742 136.

242 1781 314 1846 162.
345 1783 417 1847 161.
448 1782 511 1847 162
539 1793 569 1845 et
597 1804 633 1845 ex
662 1780 764 1865 aliqui
786 1794 869 1865 parte
899 1780 1017 1846 c.151.
1060 1794 1164 1846 contra
1191 1783 1334 1847 rubricae
1360 1788 1388 1847 in

241 1892 343 1953 codice
372 1894 498 1954 omissae
527 1902 612 1953 crant
639 1891 743 1954 relicto
767 1894 876 1972 spatio,
906 1894 936 1953 iu
961 1910 1019 1973 quo
1043 1894 1138 1972 prima
1162 1893 1259 1972 ipsius
1284 1895 1388 1973 capitis

239 1999 329 2060 verba
353 2019 407 2080 pro
431 2002 624 2080 inscriptione
649 2001 785 2080 ponenda
805 2008 898 2080 erant,
921 2019 946 2060 c.
968 1998 1040 2062 134.
1061 1996 1134 2061 139.
1158 1997 1229 2060 141.
1253 2008 1388 2061 ceterum

238 2126 271 2167 ea
297 2127 371 2187 qrrae
396 2108 432 2169 (13
453 2127 528 2188 aqua
547 2110 661 2169 marina
680 2109 715 2168 ad
735 2107 920 2169 condituram
941 2109 1000 2167 vini
1020 2106 1225 2168 concinnanda
1245 2106 1304 2168 hoc
1325 2107 1387 2169 loco

239 2216 349 2293 scripta
378 2224 449 2275 sunt
477 2215 513 2275 de
542 2215 578 2275 iis
607 2214 680 2274 locis
709 2232 783 2293 quae
812 2234 827 2274 a
852 2215 927 2285 mari
951 2232 1008 2273 non
1032 2213 1119 2293 louge
1143 2214 1252 2276 absunt
1278 2218 1389 2296 scripta

237 2339 302 2382 esse
323 2329 453 2400 apparet.
482 2340 549 2382 uam
570 2320 713 2401 quemad
734 2320 853 2381 modum
877 2322 907 2380 iu
932 2339 966 2380 eo
990 2338 1060 2400 agro
1084 2321 1136 2398 qui
1160 2320 1248 2401 longe
1272 2340 1291 2383 3
1316 2326 1388 2384 mari

237 2428 322 2489 abest
347 2431 441 2489 muria
464 2429 499 2489 3(1
525 2428 647 2488 eandem
673 2445 736 2487 rem
760 2426 888 2506 paranda
912 2435 1005 2507 esset,
1029 2444 1120 2505 supra
1144 2430 1294 2506 scriptum
1319 2442 1389 2492 erat

237 2537 273 2597 (13
298 2546 426 2615 utroque
451 2554 559 2614 genere
584 2534 690 2597 scribit
713 2532 873 2596 Columella
898 2530 1059 2615 1312131
1085 2538 1230 2609 quoniam
1253 2540 1389 2614 quirion,

238 2648 324 2705 inmo
354 2647 433 2704 enirn
451 2643 523 2719 'sera
551 2661 651 2704 onnes
678 2644 802 2717 Gattaei,
834 2660 915 2717 3333
938 2644 1020 2701 salsa
1043 2645 1092 2702 331
1112 2645 1237 2704 marina
1258 2654 1389 2707 mustum

240 2753 395 2825 condiunt,
419 2770 485 2813 carn
507 2769 627 2826 333333
643 2759 767 2828 partera
790 2767 887 2810 curae
908 2767 967 2810 333
987 2750 1181 2809 omittendam
1196 2756 1319 2827 putaui.
1359 2757 1389 2815 in

239 2861 477 2933 mediterraneo,
506 2877 564 2934 333
592 2877 650 2919 nou
681 2865 725 2919 est
749 2856 854 2932 facilis
883 2874 983 2931 33333
1009 2858 1150 2916 murittae
1174 2860 1317 2935 invectio,
1345 2864 1391 2922 sie

238 2971 297 3028 crit
325 2970 369 3027 ud
394 2970 575 3027 condituras
602 2968 795 3040 conficientia
818 2968 919 3025 muria
943 2983 1022 3044 sqq.,
1051 2961 1131 3024 1134
1154 2967 1292 3039 quodsi
1313 2985 1391 3043 333·

236 3079 405 3136 rrtaritiraus
429 3082 485 3150 est,
512 3076 671 3136 silentibus
699 3077 793 3134 trenas
821 3075 859 3133 (13
887 3076 948 3132 altu
976 3087 1066 3146 artam
1095 3074 1283 3147 quietissimo
1308 3078 1393 3135 muri

236 3186 382 3243 cantanda
405 3192 449 3244 cst
471 3201 553 3258 3333
578 3188 607 3243 31
630 3185 661 3242 ia
685 3184 805 3242 tertiam
826 3186 946 3257 parturn
970 3181 1168 3253 (1333333313
1191 3180 1337 3255 adiectis,
1362 3185 1392 3242 si

236 3292 401 3371 ridebitur,
430 3292 582 3366 aliquibus
612 3292 760 3350 aromatis
788 3307 828 3349 33
856 3291 892 3348 iis
920 3304 1000 3362 3333
1022 3304 1118 3362 supra
1141 3289 1263 3362 rettuli,
1295 3297 1330 3349 ut
1350 3292 1390 3348 sit

236 3400 395 3459 odoratior
418 3402 482 3460 uini
505 3401 634 3459 curatio.
681 3396 717 3457 de
742 3414 816 3475 aqua
840 3396 953 3454 marina
976 3395 1007 3454 in
1037 3395 1103 3454 rino
1129 3392 1189 3454 Coo
1218 3392 1389 3456 adhibenda

236 3506 307 3565 Cato
332 3505 437 3565 scribit
460 3523 484 3566 3.
508 3502 580 3566 112.

326 3610 424 3671 liudo
452 3612 605 3672 misceto
632 3610 858 3689 usqueadeo
883 3609 994 3670 douec
1018 3626 1122 3669 ouum
1145 3606 1390 3686 gallinaceum

237 3730 379 3780 333133(
408 3718 560 3797 natabit]
588 3720 797 3779 Gallinacium
825 3717 1007 3797 apographa,
1032 3716 1223 3792 3311133313
1247 3718 1389 3797 principe

237 3825 548 3887 3(1111333Ρ3111133(3
569 3845 626 3886 non
648 3828 785 3886 correxit.
821 3827 917 3886 ‹loacc
937 3826 1247 3898 3333331113333333
1266 3825 1388 3885 nutabit

237 3933 397 4009 iucundus,
422 3938 518 3996 (13333
541 3952 626 3995 ouran
649 3932 1150 4009 3311133333(33331333313311
1174 3929 1388 3993 Sebneiderus.

237 4045 333 4103 (13333
361 4061 447 4104 ouum
469 4045 674 4117 3313333333
699 4043 845 4102 coiectura
869 4041 989 4100 natabit
1011 4037 1081 4098 olim
1104 4036 1300 4100 scribendum
1321 4058 1386 4101 esse

236 4151 360 4210 conieci.
411 4168 477 4209 uam
511 4150 550 4209 ita
583 4149 619 4209 (13
653 4148 756 4208 eodem
790 4150 992 4227 experimento
1026 4147 1172 4225 scriptum
1205 4154 1252 4208 est
1285 4144 1385 4228 88,2

236 4272 354 4317 laenam
383 4257 503 4314 aridum
533 4260 579 4316 331
605 4273 690 4317 ouara
720 4258 879 4317 deratittilo:
909 4258 937 4315 si
963 4257 1090 4335 nutabit,
1118 4273 1155 4315 33
1178 4257 1296 4315 murias
1319 4257 1383 4316 erit.

237 4361 288 4422 secl
318 4361 348 4418 in
376 4359 466 4421 buius
494 4361 573 4422 modi
601 4364 768 4441 praeceptis
795 4364 957 4423 mutatione
981 4363 1148 4441 scripturae
1173 4359 1380 4422 abstinendum

236 4470 345 4549 putavi.
