2874 4994
369 379 499 434 RERVM
518 379 758 435 RVSTIGARVM
776 381 844 435 LlB.
863 381 876 435 l
896 379 1025 438 26-27
1227 375 1268 438 77

158 529 209 592 iter
222 549 258 594 oc
275 538 413 596 stercore
431 534 463 594 in
481 533 640 614 archetypo
659 536 804 615 scriptum
823 546 895 597 erat
931 552 1000 596 nam
1019 537 1137 615 saepius
1155 537 1186 596 in
1205 538 1271 599 eius

157 636 216 698 nodi
239 637 457 701 elocutionibus
484 643 523 702 ab
551 643 802 721 praepositionem
830 661 885 722 pro
913 641 1039 704 ablativo
1062 641 1154 704 Varro
1184 663 1269 706 usur·

156 745 223 822 parit,
244 742 364 826 159,2
388 750 481 808 datur
504 749 544 808 ab
568 756 644 828 orte,
667 748 707 809 lll
726 747 811 830 2,1t
837 752 919 811 oinct
936 768 956 810 a
975 752 1054 823 uilio,
1078 749 1115 810 de
1134 769 1193 830 quo
1212 770 1269 813 usn

155 845 316 914 lloessnerus
339 854 376 915 de
399 872 500 934 praep.
523 853 560 915 ab
583 854 619 916 de
643 874 677 916 ex
704 859 760 917 usu
784 854 965 917 Varroniano
988 874 1015 935 p.
1034 854 1077 919 23
1101 857 1269 938 disputavit.

151 951 177 1016 le
194 959 313 1039 reliquis
336 979 395 1022 aion
419 970 465 1023 est
488 980 542 1023 cur
566 961 727 1024 dubitetur.
764 981 830 1024 nam
851 965 887 1024 iis
906 962 1081 1044 sationibus,
1104 983 1179 1044 quae
1199 984 1267 1027 vere

147 1059 215 1146 iiiut,
228 1067 371 1146 agricolas
386 1077 495 1129 terram
511 1068 616 1130 rudem
630 1069 823 1150 proscindere
838 1078 957 1149 oportet
975 1068 1091 1132 duabus
1106 1071 1142 1132 de
1162 1075 1271 1153 causis,

141 1170 258 1244 onmium
281 1183 315 1235 ut
338 1193 413 1254 quae
436 1193 473 1236 ex
497 1194 531 1236 ea
550 1185 635 1238 enata
655 1186 726 1238 sunt
743 1176 961 1257 exradicentur,
981 1176 1086 1238 deinde
1106 1186 1140 1239 ut
1157 1178 1269 1258 glaebis

138 1273 275 1342 caleiactis
304 1284 434 1342 sadones
462 1291 493 1343 et
519 1281 555 1342 ad
586 1280 712 1343 imbrem
743 1282 946 1370 accipiendum
975 1286 1105 1363 aptiores
1128 1293 1171 1366 et,
1200 1305 1267 1348 curn

133 1380 274 1449 relaxatae
298 1389 367 1470 siut,
390 1388 425 1450 ad
449 1406 526 1468 opus
551 1387 698 1451 faciliores
722 1390 840 1452 iaciant.

214 1492 336 1574 Neque
359 1513 398 1555 ea
422 1496 539 1556 miuus
559 1494 653 1556 binis
671 1495 840 1557 arandum
861 1505 915 1556 ter
934 1495 1080 1574 melius]
1096 1498 1173 1559 Eam
1187 1508 1268 1561 recte

126 1590 261 1662 Ursinus.
298 1600 424 1662 named
449 1609 559 1662 terram
583 1600 655 1662 baec
673 1604 834 1683 pertinent,
857 1620 916 1664 non
936 1602 970 1663 ad
995 1603 1134 1665 sationes.
1167 1609 1265 1667 minias

121 1700 159 1761 bis
185 1703 319 1789 Merula,
342 1711 440 1769 minus
464 1711 543 1770 binis
566 1726 602 1768 ex
626 1709 785 1790 archetypo
808 1710 937 1771 restitui.
974 1709 1110 1772 similiter
1138 1715 1265 1774 alternis

120 1804 207 1887 120,
223 1811 253 1875 3.
277 1812 303 1874 11
322 1812 417 1897 t,11.
441 1813 481 1875 111
503 1813 553 1896 16,
567 1812 597 1876 9.
634 1824 665 1877 et
692 1815 821 1895 postulat
848 1816 905 1877 boc
933 1834 1006 1878 usus
1029 1816 1183 1899 Varronis,
1214 1820 1264 1899 qui

120 1911 272 1982 adverbiis
302 1940 495 1984 numerorum
526 1926 595 1999 plus
627 1920 672 1983 vel
698 1925 797 1984 minus
825 1925 888 1984 sine
916 1941 1006 1999 quom
1034 1925 1176 2004 particula
1205 1945 1263 1988 non

120 2018 250 2090 addidit:
277 2046 343 2089 nam
374 2026 524 2104 11110,3
549 2033 619 2106 pius
647 2047 736 2105 quom
764 2038 812 2092 ter
838 2048 893 2110 pro
918 2033 989 2107 plus
1016 2039 1125 2106 quater
1148 2035 1263 2112 scripsi.

120 2143 187 2188 cum
218 2134 340 2215 reliquis
363 2139 496 2197 numeris
519 2135 621 2198 eadem
645 2145 814 2198 constanter
839 2155 897 2197 nou
921 2136 1020 2198 addito
1044 2156 1133 2214 quam
1155 2143 1264 2222 posuit,

120 2241 145 2294 et
166 2236 211 2299 in
238 2242 453 2321 significatione
482 2245 586 2304 aetatis
613 2246 711 2305 maior
739 2254 769 2305 et
796 2247 895 2306 minor
922 2262 981 2305 nou
1009 2244 1108 2308 addito
1136 2265 1226 2322 quam
1252 2247 1263 2307 l

120 2335 165 2420 20,
187 2345 211 2408 1
234 2368 331 2425 neque
352 2353 485 2412 minores
508 2353 612 2412 trimos
639 2369 736 2427 neque
758 2354 889 2412 maiores
911 2353 1099 2426 quodetiam,
1127 2351 1263 2434 112,18

120 2461 173 2506 tou
206 2458 350 2517 minorem
373 2460 507 2532 quinque
528 2474 670 2531 merosum,
694 2453 785 2537 5,13
808 2475 868 2519 non
891 2461 1022 2520 minores
1045 2466 1163 2539 oportet
1185 2464 1264 2522 inire

120 2551 232 2642 limas,
262 2560 332 2644 1,1
362 2583 401 2624 ne
428 2567 489 2624 sint
510 2567 641 2625 minores
667 2567 789 2641 trimae,
816 2567 947 2626 maiores
976 2568 1079 2627 decem
1106 2584 1263 2642 annorum,

120 2654 151 2716 111
175 2661 249 2742 6,2
271 2673 402 2732 minores
421 2672 520 2731 bimae
541 2688 601 2732 non
626 2673 752 2731 idoneae
758 2692 771 2742 ;
797 2680 900 2732 contra
923 2668 1058 2752 112,14
1080 2691 1177 2748 neque
1196 2678 1266 2751 poti

120 2779 239 2838 morter
261 2779 393 2839 minores
416 2794 506 2852 quom
525 2778 620 2838 bimas
638 2781 736 2854 saliri,
758 2775 789 2857 4,
805 2775 823 2839 i
839 2797 937 2854 neque
955 2782 1086 2841 minores
1104 2783 1262 2843 admitten-

121 2870 176 2933 the
206 2901 295 2957 ouum
319 2886 492 2959 anniculae,
515 2882 546 2965 4,
560 2882 602 2945 21
626 2904 665 2946 nc
687 2889 819 2947 minores
841 2903 932 2960 auam
954 2895 1120 2948 semestres.

215 2986 236 3051 3
260 2991 407 3052 testate
427 2992 661 3053 lierimcsscs
676 3001 847 3072 oportere
862 3002 1029 3054 autumno
1049 2996 1158 3055 siccis
1178 3003 1263 3055 tem·

121 3096 332 3160 aestatibus
364 3097 565 3159 uindemias
598 3117 637 3160 ac
674 3098 786 3160 siluas
823 3098 940 3159 excoli
977 3099 1262 3162 commodissime

120 3196 208 3263 lunc
231 3204 391 3283 praecidi
415 3204 563 3265 arbores
587 3213 755 3284 oportere
780 3205 976 3266 secundum
995 3204 1145 3283 terram]
1170 3209 1262 3284 Opor-

120 3303 185 3364 tere
212 3318 339 3390 utroque
366 3309 432 3372 loco
460 3311 553 3372 deleri
582 3310 673 3372 volnit
700 3310 840 3393 Ursinus,
870 3320 987 3389 oportet
1015 3311 1166 3374 Gesnerus
1193 3333 1262 3375 con·

120 3402 204 3477 iecit,
237 3418 410 3497 infinitivus,
434 3436 493 3497 quo
516 3426 673 3498 praecepta
697 3418 869 3480 referuntur
888 3417 1022 3501 aliorum,
1047 3437 1105 3480 non
1127 3422 1191 3481 eius
1211 3424 1261 3501 qui

120 3508 263 3607 liquitur,
287 3524 489 3604 neglegentiae
518 3524 634 3585 cuidam
662 3523 781 3586 dicendi
808 3524 900 3587 tribui
923 3529 1046 3606 poterit,
1074 3536 1107 3588 ut
1134 3528 1203 3607 quid
1233 3530 1263 3609 ii,

120 3633 249 3694 luorum
278 3633 409 3692 rationes
437 3632 467 3692 in
496 3631 661 3693 sationibus
690 3632 832 3694 iaciendis
860 3633 947 3694 modo
975 3635 1140 3714 descriptae
1169 3645 1262 3718 erant,

121 3739 139 3782 n
172 3735 292 3818 reliqua
314 3748 399 3818 parte
423 3740 492 3798 anui
516 3740 581 3799 lieri
604 3737 704 3820 velint,
727 3738 884 3802 indicetur.

212 3842 399 3907 Prioribus
433 3844 632 3924 imbribus]
669 3844 789 3926 Vulgari
825 3849 991 3927 scripturae
1024 3850 1093 3909 vitio
1126 3859 1261 3911 correcto

120 3944 305 4013 rimorum
329 3954 450 4034 scripsi,
478 3954 555 4013 sicut
579 3951 687 4032 legitur
710 3951 789 4034 112,
812 3950 852 4014 14
876 3957 1021 4030 primitus
1043 3958 1143 4024 oritur
1166 3959 1261 4016 beroa

120 4047 268 4119 mbraoas
287 4062 476 4137 primoribus
499 4069 634 4122 euocato.

214 4163 293 4227 Cum
316 4166 396 4247 gelu
421 4168 581 4227 cortices
611 4186 651 4228 ex
675 4165 852 4228 imbribus
879 4176 1030 4228 careant
1056 4167 1189 4247 glacie]
1222 4169 1262 4230 Et

120 4258 267 4333 imbribus
284 4282 415 4336 careant
433 4282 463 4335 et
478 4277 580 4349 glacie
593 4273 714 4335 Merula.
750 4293 790 4336 esc
809 4276 955 4336 imbribus
974 4283 1102 4338 careant
1120 4283 1150 4338 et
1160 4280 1262 4353 glacie

123 4370 239 4451 8⁰ripsi.
282 4381 379 4442 bieme
417 4389 479 4441 tum
517 4390 660 4460 putantur
692 4380 828 4463 arbores,
867 4400 934 4443 crim
971 4384 1099 4443 cortices
1131 4384 1198 4462 gelu
1231 4394 1261 4446 et

129 4467 217 4548 theia
234 4497 343 4570 carent,
362 4488 441 4569 quod
461 4486 607 4550 imbribus
626 4489 767 4550 efficitur.
799 4491 917 4551 nomine
933 4495 1006 4566 gelu
1024 4498 1122 4552 autem
1143 4502 1260 4570 praeter
