2874 4994
355 350 486 407 RERVM
503 350 743 406 RVSTIOARVM
761 351 829 407 LlB.
848 352 887 406 IIl
908 349 948 408 16
1154 343 1218 410 287

120 517 157 566 ec
180 502 329 588 βοτῆρες,
359 502 404 566 Οἱ
424 499 461 568 dl
484 505 712 588 μελίτταιναν,
741 506 928 568 Dioscorides
952 505 989 568 de
1018 514 1121 568 mater.
1144 507 1220 568 med.

133 609 196 674 108
216 605 497 694 μελισσόφυλλον,
517 605 536 675 ὃ
555 612 640 676 ἔνιοι
660 612 872 695 μελίτταιναν
891 615 1062 676 καλοῦσιν.
1095 616 1218 676 lerneam

120 723 206 782 minis
228 719 396 781 Lebeclrius
419 720 493 799 prol.
511 720 621 800 pathol.
640 739 737 801 graec.
756 741 784 802 p.
803 719 846 782 34
870 721 1033 801 explicavit.

167 825 206 889 ll
239 826 416 908 Recipere
435 845 515 888 esse
535 827 664 888 solitos
684 847 760 889 cum
775 831 828 889 eis
842 838 874 889 et
890 828 984 890 uelle
1004 828 1217 909 expectare]

120 953 153 995 tm
178 951 230 996 eos
252 943 281 995 et
303 939 378 996 uelle
401 942 566 1011 expectare
590 933 667 994 edita
690 934 758 994 inde
782 953 798 994 a
821 937 956 1015 principe
974 935 1103 998 editione
1123 956 1219 998 exem·

120 1043 180 1124 uia,
208 1040 373 1121 inquibus
399 1059 496 1120 neque
527 1049 587 1101 tum
616 1059 714 1119 neque
742 1049 772 1102 et
799 1038 876 1120 quid
893 1042 950 1103 sibi
977 1043 1058 1124 velit,
1089 1042 1220 1123 intellegi

120 1156 184 1210 lest.
231 1166 300 1209 cum
328 1151 466 1210 dicerent
493 1151 568 1208 velle
595 1156 760 1224 expectare
783 1151 905 1229 scripsi,
934 1159 966 1211 ut
990 1149 1030 1210 lll
1049 1148 1121 1231 2‚t
1151 1168 1220 1212 cum

120 1263 196 1318 reret
219 1259 334 1317 nullam
356 1274 389 1317 se
412 1258 566 1332 occepisse
588 1258 696 1315 villam.

168 1361 210 1425 12
244 1362 307 1424 Ubi
324 1380 391 1423 non
408 1368 581 1422 resonent
600 1363 775 1442 imagines
794 1361 852 1423 hic
867 1365 957 1424 enim
974 1381 1082 1426 sonus
1096 1364 1219 1426 harum

120 1488 182 1550 gae
212 1471 444 1531 existimatur
470 1486 551 1529 esse
580 1487 771 1548 procerum
801 1488 879 1530 esse
908 1477 1050 1550 oportet
1077 1489 1158 1533 aere
1186 1478 1221 1532 et

120 1574 297 1657 nperato]
323 1578 491 1638 Praetereo
515 1593 569 1656 pro
585 1594 750 1653 procerum
770 1577 860 1637 codex
881 1576 1035 1638 Caesones.
1071 1581 1123 1641 hic
1141 1582 1219 1641 enim

120 1703 166 1746 ‚vs
189 1687 301 1745 borum
321 1682 420 1759 serpae
442 1686 635 1743 existimetur
663 1702 735 1744 esse.
774 1692 944 1760 praeterea
968 1702 1133 1761 procerem
1156 1703 1221 1746 esse

120 1799 194 1852 »rtet
223 1809 296 1852 aere
324 1796 489 1868 temperato
513 1788 638 1870 Merula,
668 1790 719 1851 ubi
748 1808 874 1852 causam
897 1798 964 1871 post
989 1790 1087 1867 sapae
1109 1791 1221 1852 addidit

120 1897 243 1979 undus3
274 1915 371 1959 causa
403 1898 503 1977 potius
531 1896 631 1957 voluit.
677 1900 728 1959 laic
756 1902 834 1959 euim
865 1916 956 1960 sonus
983 1902 1093 1960 barem
1123 1899 1221 1974 [epae

120 2010 272 2066 'elimetur
303 2023 375 2066 esse.
422 2021 588 2080 procerum
620 2022 685 2065 esse
712 2023 777 2084 sqq.
805 2005 966 2087 Victorius3
996 2005 1093 2082 suque
1125 2024 1221 2068 ceusu

120 2116 272 2174 'sternatur
294 2128 358 2172 esse
382 2109 473 2171 editio
497 2110 737 2173 commeliniana.
774 2111 872 2173 locum
896 2111 996 2174 alvarii
1016 2122 1134 2193 oportet
1155 2131 1220 2174 esse

120 2228 225 2281 uotum
248 2218 284 2278 ab
308 2217 485 2298 imaginibus
509 2217 734 2301 resonantibus,
763 2222 900 2299 quoniam
930 2239 966 2281 eo
994 2238 1067 2281 sono
1091 2239 1161 2300 apes
1185 2220 1219 2280 ad

120 2344 176 2400 fam
201 2327 381 2406 excitantur3
405 2325 532 2386 eundem
556 2345 624 2386 aere
646 2336 809 2405 temperato
834 2346 900 2388 esse
919 2335 1045 2408 oportet.
1083 2327 1134 2388 sed
1157 2345 1221 2388 cor·

120 2435 162 2513 pti
189 2432 325 2494 vocabuli
351 2451 517 2509 procerum
545 2431 706 2512 probabilis
738 2434 905 2496 emendatio
933 2437 1050 2496 inventa
1079 2452 1137 2494 non
1167 2443 1219 2494 est

120 2549 241 2603 eeterea
264 2544 361 2602 Iocum
385 2559 450 2601 esse
468 2546 587 2616 oportet
609 2542 735 2601 coniecit
755 2539 889 2623 Ursinus,
905 2558 1001 2618 porro
1020 2545 1137 2603 caelum
1157 2559 1222 2602 esse

120 2655 195 2710 ortet
209 2646 354 2708 'l'rilierus
373 2633 488 2708 obserr.
508 2648 573 2707 crit.
593 2644 623 2727 4,
638 2642 678 2707 27
700 2666 727 2727 p.
742 2644 817 2709 468.
849 2650 900 2710 lu'c
914 2653 992 2710 enim
1006 2666 1097 2709 sonus
1112 2650 1221 2709 beream

120 2771 174 2828 poe
205 2757 401 2817 existimetur
433 2773 497 2815 esse
525 2759 692 2830 protelem:
721 2773 785 2815 esse
811 2763 930 2832 oportet
957 2775 1030 2818 cere
1058 2763 1223 2834 temperato

120 2860 211 2941 eliger
234 2860 290 2922 hac
314 2861 410 2922 addita
435 2861 639 2942 explicatione,
665 2857 725 2922 ‘est
746 2870 846 2923 autem
866 2868 1016 2940 protelem
1040 2864 1222 2935 continuatio

120 2972 168 3050 lus,
191 2976 225 3029 ut
248 2966 317 3029 alibi
342 2966 386 3044 [iu
411 2966 494 3046 Verg.
515 2968 597 3030 catal.
623 2988 651 3048 p.
671 2965 750 3045 249]
780 2969 990 3048 explicavimus
1019 2979 1049 3030 et
1073 2970 1222 3030 Lucretia·

120 3088 153 3134 un
167 3073 347 3136 versiculum
363 3072 403 3151 [ll
417 3071 497 3151 531]
514 3074 698 3155 adduximus,
718 3077 852 3148 condique
867 3079 986 3152 protelo
1005 3079 1132 3136 telorum
1152 3092 1222 3135 con·

120 3191 205 3244 tuoto.
253 3183 352 3262 itaque
376 3179 522 3262 protelem
555 3182 639 3259 iugae
664 3188 722 3261 εει,
751 3198 818 3239 cum
846 3199 971 3259 prorsus
998 3179 1107 3259 aliquid
1135 3178 1222 3258 longe

119 3285 221 3370 tditur,
246 3296 280 3350 ut
298 3287 400 3370 telum,
424 3287 503 3368 quod
524 3306 558 3348 ex
578 3285 692 3348 ballista
711 3288 866 3351 emittitur.
904 3305 995 3348 senus
1014 3305 1116 3348 earum
1137 3288 1222 3367 fugae

120 3395 227 3457 »telum
251 3402 306 3478 εει,
333 3395 390 3457 boe
413 3403 460 3457 est
483 3394 629 3456 eiusmodi
652 3394 830 3474 imaginibus
856 3403 887 3455 ει
909 3397 991 3457 sonis
1013 3394 1100 3475 longe
1123 3403 1221 3475 prote·

123 3504 232 3564 turin
257 3498 380 3582 iugem'.

170 3607 212 3670 Ut
231 3618 372 3690 spectet
386 3611 612 3689 potissimum
628 3609 669 3670 ad
687 3608 862 3670 hibernos
882 3619 985 3671 ortus
1005 3628 1093 3689 qliae
1112 3627 1222 3690 prope

135 3709 219 3778 loce
241 3714 386 3793 habeat]
406 3717 467 3789 Qui
484 3717 599 3796 scripsi,
614 3715 693 3795 quod
713 3715 864 3777 Gesnerus
879 3718 1056 3796 coniecerat,
1071 3717 1099 3777 h.
1119 3737 1143 3779 e.
1163 3736 1223 3777 me·

120 3834 177 3883 on.
223 3823 293 3883 olim
321 3840 401 3899 puae
430 3822 588 3884 delendum
616 3822 662 3883 vel
695 3831 728 3885 ut
755 3831 890 3901 spectent
917 3833 946 3886 et
974 3841 1053 3899 puae
1082 3825 1224 3904 babeant,

120 3940 157 3988 θ.
180 3929 319 4011 mellaria,
342 3929 533 3991 scribendum
558 3948 623 3990 esse
648 3932 841 3992 conieceram.

124 4030 126 4033 ’
175 4035 214 4100 13
246 4035 367 4098 Pisum
391 4039 545 4099 ocimum
566 4039 703 4117 ciprum
723 4039 881 4099 medicae
901 4039 1050 4098 maxime
1071 4038 1223 4117 cytisum

125 4142 176 4204 od
199 4142 410 4205 ualentibus
435 4144 672 4205 utilissimum
704 4142 777 4223 est]
807 4146 910 4206 Ρὶειεηι
938 4161 1083 4222 cyperum
1106 4145 1224 4206 medica

120 4251 244 4313 ²undus.
282 4254 410 4330 cypiron
434 4269 488 4330 pro
512 4269 657 4329 cyperum
677 4250 867 4313 scribendum
887 4269 953 4312 esse
972 4254 1100 4313 coniecit
1119 4250 1224 4312 Ponte-

120 4365 155 4416 ιε
173 4377 201 4438 p.
214 4355 291 4440 456,
315 4358 392 4438 quod
417 4378 548 4436 cyperus
572 4360 624 4438 qui
642 4356 729 4437 strigo
749 4358 859 4420 dicitur
878 4358 914 4419 ad
934 4357 1115 4419 mellilicium
1138 4367 1225 4438 aptus

120 4472 143 4520 ¹¹
168 4473 255 4530 esset
293 4465 367 4527 Pliu.
387 4465 453 4527 lllli
477 4462 539 4528 115
557 4469 681 4541 quidam
699 4469 862 4529 etiamnum
881 4484 974 4529 uuum
990 4483 1088 4543 penus
1102 4463 1227 4542 sacient
