2874 4994
346 104 477 160 RERVM
495 104 735 162 RVSTICARVM
755 108 822 163 LIB.
842 109 881 163 ΙΙΙ
901 107 920 164 3
942 123 943 128 ’
1141 101 1206 167 235

59 271 112 322 tur
135 262 214 322 inira
235 257 286 343 13,
307 257 335 340 1,
354 260 391 322 ll.
410 260 479 321 Piso
499 261 575 321 idem
591 259 630 321 lll
650 257 680 342 6,
694 258 724 323 2.
761 271 808 324 est
826 271 924 324 autem
948 262 984 324 ll.
1004 264 1117 344 Pupius
1136 264 1204 325 Piso

57 367 288 450 Calpurnianus,
312 369 364 447 qui
387 367 492 428 consul
515 367 571 429 luit
594 386 618 429 a.
638 364 712 430 693.

149 472 171 536 9
200 473 239 534 ln
263 476 371 535 tertia
395 477 489 554 parti
514 476 595 554 quis
617 474 746 536 babeat
769 474 963 555 piscinam]
993 477 1114 538 Habeat
1137 496 1206 556 apo-

56 581 185 662 grapho,⁴
213 582 304 642 babet
330 581 408 641 edita
440 589 508 642 ante
532 579 694 642 victorium
718 582 910 664 exemplaria,
938 581 1017 662 quod
1041 583 1205 645 Politianus

56 706 119 750 uon
143 689 283 749 correxit.
328 689 461 749 babebat
483 687 574 749 editio
598 686 729 749 Victorii.

149 793 237 866 Quis
259 804 384 855 contra
409 812 502 856 nunc
522 794 658 856 mithon
678 813 749 855 non
769 795 877 874 dicit]
897 797 1041 875 Rbynton
1060 796 1205 859 editiones

56 892 295 982 antiquissimae,
318 901 453 962 Rhinton
477 899 569 961 edidit
587 899 744 982 Victorius,
768 920 856 980 quem
881 902 988 982 reliqui
1011 905 1106 964 secuti
1126 913 1205 966 sunt.

37 1026 165 1070 ¹rerum
194 1025 302 1068 nomen
330 1007 406 1086 apud
437 1005 626 1068 Columellam
652 1004 827 1089 v11116,4
859 1017 905 1069 est
937 1011 967 1070 in
1000 1009 1084 1071 libris
1117 1030 1204 1072 manu

57 1117 191 1195 scriptis,
215 1118 318 1191 itaque
340 1114 497 1175 Terentius
523 1115 621 1175 Varro
641 1109 757 1175 ‘nutius
776 1109 846 1190 est’,
866 1119 971 1192 inquit,
991 1111 1064 1178 ‘boc
1082 1122 1205 1180 soeculo

57 1223 199 1283 nebullus
222 1239 261 1282 αο
279 1223 401 1295 mintho,
425 1223 480 1296 qui
496 1238 555 1282 raon
579 1224 640 1282 ium
659 1223 744 1283 dicut
761 1223 839 1282 nibil
855 1240 912 1282 suu
931 1226 1084 1297 interesse,
1103 1232 1205 1285 utrum

57 1332 127 1390 eius
155 1330 237 1389 modi
264 1328 402 1405 piscibus
428 1344 468 1387 un
497 1331 587 1388 runis
610 1326 758 1403 frequens
785 1330 897 1390 lrabeat
926 1327 1100 1392 vinarium'.
1139 1350 1205 1392 uam

64 1435 145 1514 qrrod
171 1432 219 1496 ibi
235 1435 266 1493 iu
289 1431 376 1494 editis
400 1432 618 1513 exemplaribus
643 1433 763 1512 legitur,
793 1437 901 1497 nebulo
924 1454 963 1497 αο
986 1438 1142 1514 rbintlton,
1168 1458 1204 1499 ex

58 1543 196 1621 principe
230 1541 359 1601 editione
392 1549 545 1620 receptum
579 1551 632 1602 cst.
678 1539 813 1621 μίνθων
845 1560 861 1601 a
893 1539 1001 1621 μίνθα
1034 1542 1145 1605 dictum
1174 1547 1205 1606 iu

58 1646 225 1708 Philodemi
250 1645 325 1707 libro
349 1639 425 1727 περί
447 1644 573 1708 κακιῶν
598 1648 615 1708 l.
635 1645 675 1709 21
698 1647 815 1731 legitur,
837 1641 893 1708 eal
916 1642 1147 1729 βρενθύεσθαι
1168 1645 1205 1714 δὲ

60 1748 118 1816 καί
146 1746 401 1834 βρενθυόμενον
431 1744 605 1833 ὠνόμαζον
632 1747 688 1813 καὶ
715 1752 763 1815 ἔτι
790 1751 856 1815 νῦν
879 1744 1118 1836 ὀνομάζουσιν,
1144 1750 1203 1820 eir’

57 1855 126 1924 ἀπὸ
145 1857 207 1922 τοῦ
224 1854 499 1941 παραδεδομένου
516 1855 727 1941 θυμιάματος
743 1849 765 1940 η’
784 1852 895 1941 μύρου
912 1859 981 1923 τῶν
998 1864 1091 1924 θεῶν
1109 1864 1202 1946 βρεν-

56 1960 158 2044 θύος,
182 1956 227 2040 ὥς
249 1957 323 2026 καθ’
349 1958 514 2045 ἡμᾶςκαὶ
537 1963 714 2045 μίνθωνας
736 1958 802 2028 ἀπὸ
826 1971 884 2047 τῆς
907 1967 1042 2049 μίνθης,
1066 1961 1125 2031 εἶτ’
1147 1963 1203 2052 ἀφ’

58 2065 277 2154 ὁτουδήποτε,
301 2064 360 2132 τὸν
384 2062 448 2133 dud
467 2069 526 2150 τῆς
545 2066 719 2153 εἰρημένης
738 2066 920 2147 διαθέσεως
937 2073 1204 2156 κατεμβλέτιοντα

59 2178 144 2242 πᾶσι
163 2173 218 2241 καί
237 2173 510 2258 καρεμβλέκοντα
528 2172 584 2239 καί
602 2176 642 2260 τῇ
661 2176 788 2261 κεφαλῇ
803 2178 1020 2244 κατασείοντα
1034 2177 1090 2245 καί
1108 2188 1205 2246 κατα-

60 2286 277 2369 σμικρίζοντα
295 2278 375 2359 τοὺς
391 2278 609 2358 ἀπαντῶντας
631 2274 652 2365 ἢ
671 2277 749 2358 τοὺς
772 2270 822 2347 ὧν
845 2278 889 2347 ἄν
907 2306 957 2362 τις
979 2285 1206 2376 μνημονεύση,

57 2386 125 2457 κᾶν
149 2379 211 2457 ὦσι
234 2389 301 2454 τῶν
325 2384 479 2472 μεγάλων
503 2381 591 2453 είναι
615 2385 820 2470 δοκούντων,
843 2385 924 2474 μετὰ
944 2391 1132 2478 θιασυρμοῦ
1150 2394 1205 2460 καὶ

58 2495 158 2583 μόλις
177 2517 243 2561 κου
261 2497 416 2580 βραχείας
435 2490 651 2581 ἀποκρίσεως,
670 2489 837 2582 ὑπεροχὴν
857 2497 948 2562 ίδίαν
970 2496 1207 2585 ἐμφαινούσης,
1252 2490 1254 2494 ⁴

58 2601 168 2670 ἄλλον
191 2598 223 2668 θ’
250 2597 391 2679 οὐθενὸς
413 2597 479 2684 ἄρα
502 2599 606 2686 λόγον
630 2599 838 2687 ἐμποιούσης.
863 2607 1015 2669 minthon
1039 2622 1137 2672 autem
1162 2612 1206 2673 vel

59 2724 180 2776 mentae
207 2715 285 2773 veria
308 2730 374 2772 esse
397 2730 506 2792 genera
530 2723 658 2794 constat,
682 2731 809 2792 quorum
834 2717 1021 2777 notissimum
1046 2717 1102 2777 luit
1125 2717 1205 2798 illud,

61 2823 144 2904 quod
176 2830 298 2902 propter
331 2822 504 2880 serenitatem
537 2821 636 2881 odoris
669 2810 843 2899 ἡδύοσμον
876 2820 1044 2903 dicebatur,
1077 2823 1113 2883 de
1147 2843 1206 2903 qtro

60 2929 178 2991 Plinius
196 2923 344 3000 xut159
364 2925 468 2986 scribit
487 2926 569 3007 haec,
588 2933 707 2986 mentae
723 2943 827 2986 nomen
847 2931 984 2986 suavitas
1001 2929 1105 2988 odoris
1123 2933 1209 3006 apud

64 3038 202 3098 Graecos
221 3037 354 3107 mutauit,
374 3050 442 3093 cum
462 3039 533 3092 unte
551 3033 666 3092 mintbu
685 3039 858 3106 uocaretur,
877 3034 960 3094 unde
977 3040 1092 3094 ueteres
1110 3040 1209 3097 nostri

60 3160 172 3205 nomen
192 3143 430 3202 declinaverunt.
467 3156 549 3199 nunc
575 3146 675 3200 autem
694 3141 793 3215 coepit
816 3140 881 3200 dici
896 3128 1079 3218 ηθύοσμον.
1113 3151 1206 3216 eruto

60 3258 164 3312 mento
187 3264 305 3308 mensus
328 3249 423 3307 odore
441 3249 603 3323 percurrit
626 3248 657 3306 in
681 3247 804 3305 rusticis
827 3247 966 3322 dapibus.
1003 3245 1039 3306 ab
1059 3246 1114 3307 boc
1133 3246 1206 3327 μίν-

61 3359 175 3428 θωνες
193 3355 252 3414 dici
265 3358 403 3432 poterant
421 3353 472 3431 qui
492 3359 608 3412 mentae
623 3349 713 3411 odore
733 3349 964 3412 delectabantur.
1000 3351 1078 3431 quod
1099 3371 1206 3414 nomen

63 3460 158 3521 Varro
186 3459 221 3520 ad
246 3460 415 3519 irrisionem
444 3459 597 3519 hominum
621 3456 814 3518 delicatorum
842 3467 872 3517 et
894 3456 1115 3521 luxuriosorum
1138 3479 1206 3522 con·

62 3569 163 3628 vertit.
209 3575 342 3626 ceterum
368 3565 445 3643 quod
470 3563 548 3645 apud
572 3562 762 3625 Columellam
791 3562 922 3625 additum
951 3572 997 3624 est
1019 3567 1140 3641 nebulo,
1171 3565 1207 3626 ab

63 3678 131 3755 ipso
154 3670 314 3735 Columella
339 3672 457 3732 videtur
480 3672 514 3732 ad
539 3668 745 3750 explicandum
774 3672 873 3731 minus
900 3678 1003 3730 uotum
1033 3671 1206 3733 vocabulum

62 3780 246 3859 adscriptum
271 3796 347 3840 esse.

153 3885 228 3946 Non
261 3883 445 3964 philippus
478 3902 554 3944 cum
588 3884 627 3944 ad
655 3882 853 3944 immidium
881 3882 1061 3963 hospitem
1092 3885 1208 3945 casini

61 3995 282 4057 diuersisset
306 4000 341 4051 et
363 3994 395 4051 ei
419 4010 435 4051 e
460 3999 520 4051 tuo
544 3989 693 4052 llumine
712 3989 833 4069 lupum
858 3992 992 4069 piscem
1012 3991 1207 4052 formosum

61 4097 317 4181 apposuisset]
338 4099 501 4160 Minidium
524 4097 671 4158 editiones
689 4104 757 4157 anto
776 4095 948 4179 victorium,
967 4099 1020 4175 qui
1039 4099 1209 4160 Immidium

63 4228 101 4270 ex
127 4205 288 4286 archetypo
315 4204 420 4285 edidit3
448 4206 625 4267 Ummidium
646 4202 777 4284 Scaliger
796 4211 825 4264 et
843 4202 996 4264 Bentleius
1016 4198 1047 4262 in
1067 4203 1135 4264 llor.
1155 4215 1208 4267 sat.
