2874 4994
242 330 281 395 18
598 335 790 391 COMMENT.
809 334 849 389 IN
868 331 1025 389 CATONIS

330 491 456 572 Siquid
479 491 569 552 bona
588 491 703 552 salute
722 509 809 551 usus
830 487 986 567 uenerit]
1011 489 1070 549 Usar
1089 489 1206 548 venerii
1224 485 1384 565 lueuudus,

239 618 311 660 usus
342 603 459 660 venerit
491 617 527 658 es
559 597 718 677 archetypo
752 595 900 657 Victorius
932 597 1072 656 restituit.
1123 594 1227 654 eadem
1259 592 1385 654 formula

239 705 348 784 legitur
366 704 459 766 Plaut.
478 704 587 766 Cistell.
609 701 673 766 145
692 698 766 788 (12,
785 698 842 784 28)
861 706 964 779 siquid
981 721 1054 763 usus
1067 705 1192 776 uenerit,
1211 701 1385 762 Meminisse

239 831 294 888 epo
317 815 398 874 lianc
422 787 486 874 reni
504 832 556 873 uos
574 817 648 892 uolo,
671 811 791 871 Terent.
810 810 933 889 Adelph.
953 807 1017 872 895
1037 811 1078 869 Et
1096 811 1152 870 tibi
1170 810 1206 870 ol
1225 825 1294 871 eam
1313 825 1385 882 rem,

237 923 341 995 siquid
362 937 435 980 usus
458 923 583 998 venerit,
606 919 727 979 Ludens
751 916 955 993 denesaxim,
979 919 1098 997 saepius
1119 935 1178 977 non
1197 915 1298 976 addito
1317 933 1385 994 pro

238 1027 357 1085 nomine
385 1033 415 1085 et
443 1026 521 1104 apud
549 1025 686 1087 Plautum
714 1033 744 1084 et
767 1025 845 1103 apud
868 1024 1055 1104 Terentium,
1084 1024 1120 1083 de
1144 1042 1204 1103 quo
1226 1023 1385 1101 Langeuus

238 1130 373 1210 Beitrige
397 1151 421 1194 z.
439 1131 538 1192 llritili
561 1151 591 1194 u.
609 1130 778 1210 Erilirung
800 1131 827 1191 d.
847 1130 969 1191 Plautus
992 1150 1020 1209 p.
1041 1128 1105 1192 162
1126 1114 1264 1192 accurate
1283 1129 1385 1209 dispu-

238 1240 322 1317 tavit,
351 1238 487 1298 similiter
515 1238 592 1317 apud
620 1238 761 1299 Catonern
787 1235 863 1318 157,
884 1237 926 1300 10
953 1247 982 1298 et
1009 1241 1080 1312 loc,
1107 1241 1136 1299 si
1161 1241 1285 1314 quando
1313 1256 1386 1298 usus

237 1350 364 1420 uenerit,
387 1350 441 1422 qui
463 1348 569 1408 debiles
593 1350 660 1422 erit,
683 1349 761 1407 llaec
780 1365 829 1407 res
848 1363 955 1406 sanum
971 1344 1081 1420 [acere
1095 1350 1219 1423 polerit,
1242 1344 1295 1405 ubi
1314 1346 1385 1405 item
1430 1350 1432 1357 '

238 1451 390 1513 lucundus
410 1472 466 1514 usu
486 1455 655 1532 scripserat,
680 1449 745 1514 102
764 1460 793 1515 et
812 1455 890 1514 idern
908 1455 974 1526 leae,
993 1456 1021 1513 si
1037 1471 1111 1513 usus
1129 1455 1253 1529 uenerit,
1272 1454 1389 1513 leontini

234 1558 342 1634 facito,
366 1559 417 1619 ulrl
441 1579 513 1621 usus
537 1564 672 1622 evenerit
689 1562 720 1620 iu
740 1559 894 1620 codicibus
913 1567 985 1640 erat,
1009 1578 1082 1621 rasus
1101 1563 1219 1621 uenerit
1236 1558 1387 1620 Victorius

238 1666 328 1727 dedit.
375 1666 465 1728 simili
493 1670 563 1727 vitia
591 1668 670 1746 apud
694 1667 866 1728 Ciceronem
895 1667 931 1727 de
955 1674 1066 1748 senect.
1085 1664 1158 1746 3,t
1184 1669 1289 1728 eadem
1313 1666 1390 1726 milri

238 1792 295 1833 usu
320 1778 475 1835 euenirent
498 1793 553 1854 pro
572 1793 628 1834 iesu
648 1778 786 1835 venirent
804 1776 835 1834 in
854 1772 1007 1834 codicibus
1027 1775 1172 1851 scriptum
1191 1780 1245 1833 est.
1282 1779 1387 1832 eontra

240 1876 313 1959 157,
335 1878 352 1941 l
377 1883 456 1942 nita
478 1885 603 1942 istorum
626 1901 683 1942 usu
707 1885 805 1943 uertici
828 1888 858 1941 et
881 1880 958 1960 apud
977 1879 1105 1940 Nonium
1129 1898 1156 1958 p.
1176 1876 1228 1959 87,
1250 1876 1290 1940 12
1314 1880 1389 1940 Ceto

236 1991 379 2049 suasione
407 1992 437 2049 in
462 1993 557 2063 leuem
581 1989 623 2049 M.
643 1991 743 2066 Popili
764 1984 862 2064 ‘quod
884 1992 1078 2065 conpluriens
1101 2006 1158 2048 usu
1182 1991 1277 2068 uenit,
1305 1989 1390 2049 omni

237 2102 370 2172 tempore
402 2103 592 2157 anteventum
623 2115 640 2157 e
672 2115 708 2156 re
733 2098 861 2172 publica
889 2089 1067 2158 aredimns'.
1118 2112 1281 2172 pronomen
1311 2094 1389 2169 quid

237 2209 335 2261 autem
365 2202 495 2263 adverbii
523 2202 589 2263 loeo
617 2204 748 2281 positmn
776 2211 830 2263 est.
877 2204 963 2263 cuius
991 2203 1110 2281 generis
1137 2200 1216 2278 apud
1244 2199 1387 2260 Catonem

236 2308 309 2369 haec
333 2318 404 2369 sunt
427 2309 573 2389 exempla,
597 2312 627 2369 in
651 2310 762 2389 quihus
785 2309 882 2389 aliqua
905 2327 975 2388 pars
999 2310 1043 2368 rei
1067 2310 1264 2387 significatur,
1288 2303 1384 2387 22‚1

237 2419 352 2491 nequid
369 2420 549 2477 mortarium
569 2424 679 2491 terant,
700 2414 773 2496 141,
788 2414 809 2476 4
827 2419 930 2492 siquid
947 2418 1003 2476 tili
1021 2418 1116 2476 illisce
1133 2416 1388 2477 suauitaurililrus

237 2523 417 2581 laetentibus
441 2540 539 2597 neque
560 2521 752 2597 satisfactum
776 2531 827 2583 est.

326 2628 353 2684 V
374 2626 390 2688 1
417 2626 560 2688 Litibus
584 2628 720 2687 lamilia
744 2628 993 2707 supersedeat]
1019 2632 1150 2691 Familia
1169 2628 1333 2689 l‘alitiamts
1357 2636 1388 2689 et

237 2734 330 2793 codex
355 2733 508 2795 Parisinus
530 2735 562 2814 A,
583 2734 723 2810 serenillae
746 2735 914 2814 apographa
936 2734 1076 2796 ltalorum
1100 2745 1130 2796 et
1153 2735 1280 2815 llerula,
1305 2735 1387 2816 quod

237 2842 388 2902 Gesnerus
425 2849 455 2900 et
488 2839 689 2901 Schneiderus
722 2861 756 2901 er
790 2843 925 2921 [trinpre
960 2843 1090 2903 editione
1123 2851 1314 2923 receperunt,
1354 2851 1388 2903 ut

237 2943 452 3027 ‘supersedere
482 2942 601 3008 litibus'
630 2957 710 3008 esset
737 2944 884 3009 ‘iudicare
917 2949 954 3009 de
984 2945 1111 3029 litibus’,
1143 2949 1274 3011 inaudita
1302 2948 1389 3010 verbi

237 3056 460 3132 significatione.
507 3055 559 3115 sed
588 3074 691 3116 rerum
719 3065 765 3117 est
791 3058 893 3117 litibus
918 3057 1039 3132 familia
1066 3060 1276 3133 supersedeat,
1305 3056 1386 3136 qrrod

237 3160 307 3220 alim
340 3161 490 3221 Iucundos
523 3163 703 3224 restituerat.
754 3161 919 3223 curandum
947 3173 993 3223 est
1021 3163 1107 3224 vilico
1135 3183 1172 3225 nc
1201 3165 1279 3224 sarri
1306 3165 1388 3223 inter

237 3286 269 3328 se
293 3267 422 3349 litigent3
447 3270 541 3347 siquis
565 3269 637 3347 quid
661 3268 829 3348 deliquerit,
853 3271 916 3348 ipse
940 3288 1065 3348 poenam
1089 3273 1259 3332 constituat

326 3372 346 3435 2
370 3374 484 3455 Opere
512 3375 601 3436 bone
630 3375 810 3453 exerceat]
845 3377 961 3453 Operas
988 3380 1063 3438 lene
1090 3387 1236 3439 exerceat
1263 3377 1388 3457 Merula,

237 3485 289 3562 qui
322 3483 439 3543 videtur
468 3482 598 3542 oliensus
626 3501 692 3542 esse
721 3485 757 3542 lis
784 3501 859 3561 quae
887 3492 990 3562 postea
1018 3484 1054 3544 de
1083 3484 1184 3545 eadem
1212 3502 1245 3545 ra
1272 3487 1388 3564 scripta

238 3598 308 3650 sunt
324 3589 473 3665 serenillam
493 3598 647 3650 exerceat.
685 3589 878 3651 ollensionem
897 3610 956 3651 nan
973 3590 1082 3651 lrabere
1097 3609 1161 3651 earu
1176 3592 1388 3669 repetitionem

237 3696 389 3756 Gesnerus
408 3695 565 3756 adnotavit.
604 3698 723 3778 rectius,
742 3705 824 3779 puto,
845 3697 1010 3758 Pontedera
1029 3718 1057 3778 p.
1077 3696 1116 3759 31
1135 3700 1300 3776 posteriore
1319 3697 1388 3758 loco

234 3802 385 3878 familiam
408 3811 554 3863 exerceat
582 3803 739 3864 delendum
768 3823 834 3864 esse
862 3805 1012 3866 iudicarit.
1058 3824 1124 3865 uarn
1153 3805 1304 3865 diversum
1327 3805 1387 3866 lroc

236 3916 282 3968 est
305 3908 341 3968 ab
365 3927 399 3969 eo
423 3927 531 3988 genere
556 3912 775 3991 repetitionum,
800 3911 836 3971 de
860 3930 918 3991 quo
947 3908 1012 3991 1‚5
1036 3911 1148 3971 dictrnu
1173 3920 1226 3971 est.

327 4014 462 4077 Vilicus
493 4017 523 4075 si
551 4015 649 4077 nolet
671 4017 760 4078 male
784 4018 903 4078 lacere
931 4036 999 4077 non
1024 4016 1145 4093 laciet]
1175 4020 1266 4080 Neruo
1286 4018 1390 4093 saciet

237 4120 257 4181 l.
271 4121 303 4183 F.
318 4121 485 4182 Gronovius
506 4124 583 4201 apud
604 4123 828 4184 Scltnciderum.
866 4126 955 4183 inmo
976 4126 1001 4183 si
1021 4123 1124 4184 vilicus
1144 4124 1225 4186 nolet
1245 4125 1388 4186 lamiliam

236 4228 311 4289 male
336 4230 442 4309 iacere,
466 4248 524 4290 non
548 4231 645 4293 laciet.

325 4335 391 4395 Pro
412 4335 594 4398 lrenelicio
613 4339 765 4417 gratiam
784 4336 935 4415 celerat]
955 4337 1013 4399 Pro
1033 4339 1177 4400 herrestein
1197 4335 1240 4399 ‘lt
1261 4360 1285 4401 e.
1306 4340 1386 4401 borio

237 4442 313 4502 laeto
345 4446 521 4525 generatim,
555 4454 588 4506 ut
619 4444 802 4523 diligentiam
832 4444 1047 4525 complectatur
1079 4455 1109 4507 et
1139 4447 1280 4527 quicquid
1308 4448 1387 4509 berre
