2874 4994
252 305 315 369 142
609 309 858 367 Corinthumn
879 308 1036 366 CATONIS

251 464 1389 547 mmfflmmmmmowmmwmnmmfflw

249 573 1390 656 lwmpMmmmmmwwmwfflmfiwmmnm

250 682 369 744 domino
396 686 537 763 partitur:
565 682 674 763 Digest.
699 681 766 742 xix
786 681 821 763 2,
840 678 883 743 25
912 686 1047 758 alioquin
1074 685 1225 744 modicum
1253 683 1391 743 domuum

250 809 347 866 aequo
375 795 474 852 animo
499 789 587 866 ferre
615 793 703 851 debet
729 793 865 870 colonae,
898 793 951 851 cui
978 781 1167 851 irurnodicnm
1191 792 1314 850 laterum
1336 808 1391 851 uon

249 896 1391 978 mmmmmwmoewmmmewwwn

250 1009 332 1066 niam
364 1012 555 1065 uramerotom
589 1007 744 1065 conducit.
782 1007 916 1078 alioquin
944 1006 1120 1080 partiarius
1152 1007 1278 1066 colonas
1310 1006 1393 1079 quan

250 1116 404 1213 societatis
427 1116 496 1172 iure
519 1120 547 1172 et
571 1114 711 1173 domuum
736 1121 765 1172 et
788 1116 907 1172 lucrum
932 1129 1000 1171 erem
1024 1113 1143 1172 domino
1166 1114 1316 1188 partitur.
1358 1108 1392 1170 de

250 1221 391 1298 partiario
415 1221 445 1279 in
469 1218 549 1279 calce
573 1219 726 1297 coquenda
750 1226 907 1297 peraccepta
931 1226 1002 1278 sunt
1021 1217 1140 1279 Catonis
1159 1237 1184 1279 c.
1205 1213 1258 1298 16,
1282 1220 1391 1279 calceat

247 1330 403 1403 partiario
426 1330 614 1409 coquendam
633 1330 687 1402 qui
704 1329 787 1401 dont,
811 1330 855 1386 ita
874 1329 976 1402 datur,
1001 1325 1052 1385 nhi
1070 1328 1142 1386 item
1161 1323 1316 1385 Gesnerus
1338 1341 1392 1385 nou

250 1442 332 1495 recte
359 1438 514 1511 partiario
547 1452 601 1512 pro
634 1431 774 1492 adverbio
807 1432 920 1492 dictum
948 1451 1014 1492 esse
1042 1431 1143 1492 uoluit.
1190 1432 1296 1492 cadem
1322 1432 1391 1492 ratio

250 1543 342 1619 igitur
370 1541 405 1600 od
435 1543 548 1600 vincern
578 1540 738 1600 curandam
767 1539 933 1600 adhibetur.
979 1559 1046 1599 narn
1071 1541 1256 1600 accusativus
1281 1543 1392 1600 uincula

251 1652 423 1710 curandum
439 1651 603 1725 partiario,
628 1651 679 1726 qui
699 1650 879 1726 interpretes
903 1646 1078 1728 oliendchat,
1102 1665 1160 1707 non
1185 1645 1287 1707 addito
1310 1646 1392 1707 rcrho

251 1750 1390 1836 fflmmwmwmmehmmmw

252 1861 321 1921 dixi.
363 1878 453 1940 opera
477 1869 576 1922 auteur
599 1863 742 1941 portiani,
767 1863 816 1921 cui
839 1863 924 1921 vinca
947 1861 1076 1922 curanda
1100 1861 1196 1942 datur,
1220 1869 1251 1922 et
1275 1860 1313 1921 ad
1336 1860 1393 1921 luu-

251 1967 322 2027 dnnr
350 1969 452 2027 vineae
480 1976 510 2028 et
538 1967 573 2027 ad
598 1967 753 2028 arbustum
777 1968 865 2028 etad
889 1986 993 2047 agrum
1017 1968 1263 2050 frumentarium,
1294 1969 1393 2048 quiin

251 2074 1393 2157 Mmthmmnmffimfflwmmmmfflm

251 2183 329 2261 quod
349 2181 456 2262 bubus,
476 2181 585 2260 qtrihns
604 2183 634 2240 in
654 2200 744 2260 opere
765 2181 898 2241 iaciendo
918 2199 992 2260 opus
1012 2190 1066 2260 est,
1086 2182 1222 2263 sufficiat,
1241 2200 1259 2241 a
1279 2182 1393 2242 domino

251 2289 335 2350 iundi
353 2291 494 2368 partiario
514 2288 686 2370 praebetur3
711 2288 824 2368 reliqua
844 2291 943 2349 omnia
960 2307 1015 2367 pro
1034 2288 1160 2349 indiviso
1179 2296 1259 2349 sunt.
1294 2290 1394 2349 divisio

251 2405 349 2459 aretem
369 2416 444 2476 qnae
464 2399 497 2459 iit
517 2400 594 2458 inter
613 2397 765 2457 dominum
785 2396 870 2457 inndi
888 2406 918 2457 et
937 2399 1120 2479 pactionum,
1140 2397 1280 2477 quoniam
1300 2404 1394 2457 certae

251 2506 441 2566 condiciones
465 2507 592 2584 scriptae
617 2524 675 2565 non
700 2513 778 2584 sunt,
803 2506 881 2565 sicut
905 2504 941 2564 de
964 2503 1091 2583 politore
1115 2506 1224 2565 iactum
1249 2512 1328 2586 erat,
1358 2506 1395 2563 ita

251 2614 427 2692 instituitur,
451 2622 484 2672 ut
508 2614 626 2690 utrique
646 2630 756 2691 aequae
780 2620 880 2690 partes
905 2611 1083 2673 tribuantur.

340 2720 520 2779 CXXXVIII
552 2718 667 2779 Boues
699 2720 803 2778 iuriis
836 2721 1056 2796 coniungere
1089 2718 1177 2778 licet
1208 2717 1275 2778 hec
1309 2718 1396 2778 licet

218 2804 222 2809 ’
252 2826 369 2886 iacere
398 2824 573 2885 artrehant
601 2824 695 2903 ligna
725 2825 854 2885 iahalia
884 2827 1101 2886 frumentum
1125 2824 1216 2904 qnod
1242 2843 1312 2886 nou
1341 2826 1397 2887 da·

250 2942 357 2993 tnrus
390 2934 460 2992 erit
492 2930 600 2993 mulis
633 2935 735 3013 equis
768 2935 883 2993 asinis
913 2934 1026 2993 leriae
1055 2931 1174 2993 nullae
1203 2933 1275 2992 nisi
1304 2934 1335 2993 si
1364 2935 1397 2993 iu

251 3041 384 3100 familia
408 3035 506 3121 sunt]
531 3040 650 3101 (ieiunis
673 3049 830 3120 praccepta
850 3041 885 3101 de
907 3043 988 3100 iuriis
1008 3039 1167 3099 Columella
1186 3037 1213 3098 ll
1232 3036 1328 3121 21,5
1351 3059 1397 3102 cx·

251 3150 375 3228 cerpsit,
404 3147 445 3207 M.
471 3149 600 3209 Porcius·
628 3149 700 3208 Coto
727 3152 815 3208 mulis
845 3151 930 3222 equis
958 3151 1052 3208 asinis
1080 3150 1179 3208 nultos
1207 3165 1275 3209 esse
1298 3147 1398 3225 serius

251 3258 304 3335 ait,
326 3258 464 3331 idemque
483 3258 570 3316 boues
585 3258 734 3332 pertendit
752 3257 939 3328 couiuuoere
957 3258 1108 3330 liquorum
1127 3262 1156 3315 et
1170 3254 1397 3330 [ramentorum

251 3365 496 3423 advehendorum
517 3380 622 3423 causo.
650 3360 702 3420 sed
727 3361 798 3439 qnid
822 3364 861 3422 sit
881 3356 1073 3437 suurneutnrn'
1087 3364 1169 3437 quod
1186 3380 1247 3424 uon
1266 3366 1398 3425 daturus

250 3473 317 3546 erit,
342 3488 400 3529 non
425 3476 554 3571 apparet.
596 3486 664 3528 nam
688 3470 787 3547 inepte
811 3468 961 3530 Gesnerns
986 3473 1063 3530 dare
1085 3468 1121 3529 de
1145 3467 1317 3531 venditione
1341 3470 1398 3530 dici

249 3594 336 3654 posse
371 3575 500 3654 putabat.
547 3579 628 3651 qaod
658 3594 718 3636 uon
751 3584 876 3637 saturus
904 3580 963 3637 erit
990 3575 1200 3657 liotthoellius,
1225 3580 1313 3653 quod
1339 3594 1397 3640 nou

249 3693 374 3744 saturus
398 3686 459 3743 eris
483 3683 514 3741 Α.
534 3682 699 3743 Gronovius
723 3683 800 3763 opud
821 3682 1036 3744 Schneiderum
1056 3684 1192 3744 coniecit.
1231 3685 1343 3767 aptius,
1366 3693 1397 3743 ut

250 3798 335 3869 puto,
365 3798 428 3849 erat
455 3791 537 3865 quod
563 3792 742 3850 conditurus
770 3793 838 3850 erit.
884 3790 936 3850 sed
964 3792 1103 3870 quoniam
1132 3792 1297 3872 nescimus,
1325 3789 1395 3870 quid

250 3896 287 3956 de
312 3898 459 3957 frumento
485 3898 566 3956 ieriis
590 3896 761 3957 adrelrendo
780 3897 851 3958 Cato
875 3901 1070 3979 praeceperit,
1093 3905 1266 3977 corruptam
1285 3897 1395 3959 codicis

250 4007 429 4084 scripturam
453 4006 571 4064 retirnri.

339 4113 494 4171 CXXXIX.
517 4110 649 4171 Lucnm
673 4107 879 4193 conlucare]
904 4112 1033 4173 Rubrica
1057 4114 1087 4172 in
1111 4113 1272 4192 archetypo
1292 4113 1392 4173 relicto

250 4221 344 4296 spatio
373 4220 480 4277 omissa
510 4229 589 4298 erat3
627 4237 662 4277 ex
696 4219 794 4279 indice
822 4218 1020 4298 capitulorum
1049 4222 1204 4299 inscriptio
1233 4222 1264 4280 in
1293 4236 1391 4280 roceu-

250 4325 376 4386 tiorihus
400 4326 575 4404 apographis
599 4334 629 4385 et
652 4329 683 4385 in
708 4327 836 4388 editione
856 4327 979 4390 Victorii
998 4328 1095 4388 additu
1115 4337 1169 4388 est.
1197 4322 1390 4388 ticinello

250 4442 279 4492 et
304 4429 377 4492 141.
899 4430 904 4438 ’
