2874 4994
314 375 444 432 RERVM
461 373 701 431 uvsmcuuvu
721 374 790 430 LIB.
810 373 836 428 II
856 371 874 430 5
1100 363 1164 429 179

120 550 142 595 u
164 542 287 594 secutus
306 550 373 594 esse
392 529 553 594 Columella
572 529 609 591 vl
627 526 715 612 24,3
738 533 793 607 qni
808 532 864 592 abi
885 532 1043 592 inoemoom
1060 546 1166 607 smper·

134 644 226 702 certis
248 642 345 717 sipnis
372 641 583 717 conprendere
608 641 693 715 licet,
716 655 803 714 quem
829 654 935 698 senam
960 638 1166 713 oenmaoerit,

120 765 172 828 ννι,
193 751 222 809 si
240 754 333 824 porte
356 748 468 808 dectro
491 748 625 820 desiluit,
647 762 764 806 morem
784 747 949 806 seminasse
972 742 1164 819 manifestam

120 858 134 915 i
153 858 254 927 laevo,
279 852 433 930 seminam.
479 852 581 913 eadem
609 868 659 913 res
686 859 825 913 narratur
851 868 867 911 a
895 849 993 911 Plinio
1016 847 1080 910 vul
1100 844 1163 910 176

131 962 302 1041 geopouicis
324 959 337 1019 1
357 955 408 1040 17,
428 956 456 1022 6.
1202 952 1207 962 ’

120 1105 272 1164 drislolem
304 1101 430 1182 plurima
459 1101 639 1181 apographa,
667 1102 855 1163 Aristotelem
882 1102 913 1162 in
941 1101 1077 1180 principe
1104 1097 1165 1160 edi·

138 1208 300 1270 Politiauus
332 1226 392 1269 nou
426 1209 563 1268 correxit.
609 1209 639 1268 in
672 1208 831 1289 archetypo
864 1210 1017 1269 aristolem
1050 1205 1168 1267 ridetur

121 1335 169 1377 um
202 1317 307 1397 luisse,
336 1324 438 1395 postea
472 1323 639 1376 correctum
672 1318 864 1377 aristotelem.
911 1314 947 1377 de
977 1314 1168 1394 generatione

120 1442 150 1484 am
179 1432 210 1484 et
238 1423 415 1483 feminarum
444 1420 618 1482 Aristoteles
646 1421 683 1482 de
715 1430 845 1501 generat.
874 1420 988 1482 animal.
1008 1418 1044 1480 Vl
1065 1418 1082 1481 l
1103 1436 1168 1499 sqq.

120 1532 191 1591 tavit.

120 1652 311 1733 Pleraeque
345 1655 492 1734 pariunt
521 1655 556 1714 in
587 1653 710 1714 decem
738 1655 841 1714 aunis
868 1652 1038 1733 quaedam
1065 1652 1171 1712 etiam

120 1759 162 1840 es]
188 1761 226 1821 In
254 1763 358 1822 decem
381 1765 471 1822 annis
497 1758 567 1821 libri
594 1777 683 1821 manu
716 1762 820 1840 scripti
847 1778 964 1841 omnes,
997 1762 1028 1820 in
1056 1759 1172 1819 decimo
1280 1814 1282 1817 ,

138 1867 300 1929 Politiauus
331 1869 361 1928 in
395 1868 530 1947 principe
563 1866 693 1929 editione
726 1886 786 1929 uon
819 1869 958 1930 correxit.
1004 1869 1036 1927 in
1069 1867 1171 1927 decem

120 1993 137 2050 s,
165 1976 316 2051 quaedam
346 1977 437 2035 etiam
468 1977 498 2035 in
526 1978 631 2051 plores
662 1993 697 2035 ex
725 1973 830 2035 Aldina
859 1974 989 2036 editione
1018 1978 1173 2051 receptum

122 2083 247 2162 repetita
267 2088 370 2142 contra
393 2080 481 2141 fidem
505 2080 649 2143 librorum
672 2083 904 2161 praepositione.
940 2085 972 2142 in
995 2098 1064 2141 cum
1087 2097 1172 2140 accu-

120 2224 121 2234 .
143 2189 178 2250 de
202 2196 336 2268 tempore
356 2188 468 2249 dictum
493 2197 539 2250 est
561 2184 638 2270 112,
660 2185 700 2251 12
720 2187 845 2265 saciant
866 2192 898 2251 in
922 2205 1035 2250 onnam
1058 2191 1173 2262 sepetes

120 2314 173 2358 res.

120 2421 140 2480 Α
167 2420 307 2501 dulpini
342 2428 502 2482 eamortu
530 2437 642 2500 usque
670 2420 710 2480 ad
741 2419 819 2481 dies
843 2418 1081 2500 quadraginta
1109 2425 1174 2479 aut

120 2546 133 2588 n
155 2525 256 2608 plus]
274 2527 300 2587 Α
319 2529 455 2604 delphini
476 2536 586 2589 exorta
605 2525 726 2588 Merula.
749 2544 875 2608 geopon.
893 2523 971 2587 xvu
992 2523 1043 2608 10,
1062 2522 1083 2586 3
1102 2514 1173 2604 ὥρα

120 2625 172 2716 pop
196 2626 310 2715 ὀχείαν
334 2626 575 2716 [τετραπόδων]
599 2623 620 2714 ἡ
644 2624 711 2695 iai
736 2630 895 2714 δελφῖνος
917 2627 1081 2712 ἐπιτολῆς,
1099 2650 1172 2693 του·

144 2735 218 2824 περὶ
251 2734 309 2814 τὰς
338 2733 443 2823 ἀρχὰς
472 2745 533 2803 τοῦ
553 2731 698 2803 Ἰουνίου
726 2735 847 2823 μηνός,
876 2733 938 2812 ἕως
969 2733 1107 2821 ἡμερῶν
1130 2731 1175 2820 μ’.

120 2868 139 2909 u
170 2857 269 2910 autem
302 2857 424 2910 exortus
457 2848 589 2928 delphini
621 2850 824 2930 vespertinus,
856 2848 893 2908 de
926 2865 985 2927 quo
1014 2844 1175 2908 Columella

133 2952 176 3018 45
200 2955 303 3017 scribit
323 2957 343 3016 Ι
347 2956 373 3014 V
389 2959 457 3018 idas
476 2957 584 3017 Ionios
602 2959 762 3033 delphinus
781 2973 904 3033 uespere
923 2956 1072 3016 exoritur.
1103 2951 1175 3013 lalsa

120 3064 195 3125 idem
220 3083 252 3124 re
275 3062 390 3124 Plinius
413 3059 560 3123 vuilit
586 3060 714 3143 rettulit,
738 3065 835 3124 coitus
858 3080 877 3123 o
908 3063 1044 3138 delphini
1064 3066 1175 3122 exorta

124 3174 228 3248 pridie
250 3189 347 3232 nonos
371 3171 538 3231 londonias
562 3171 668 3230 diebos
691 3172 828 3243 triptota,
848 3186 906 3247 quo
930 3167 978 3227 die
1001 3166 1175 3245 delphinum

120 3280 177 3339 tino
201 3280 311 3339 exoriri
334 3277 449 3338 Plinius
472 3274 563 3336 XVlll
582 3272 649 3338 234
672 3273 784 3337 scribit.

124 3417 165 3482 14
197 3419 381 3499 Exemplis
410 3417 595 3480 testiculis
623 3419 653 3479 si
680 3419 800 3479 statim
831 3415 1022 3477 admiseris
1053 3417 1174 3477 statim

127 3526 240 3607 ipere]
261 3529 296 3589 Si
316 3529 418 3588 statim
442 3529 581 3586 omiseris
604 3529 766 3603 concepere
784 3541 823 3607 m,
841 3527 870 3585 si
890 3527 992 3585 statim
1015 3525 1176 3585 admiseris

120 3639 196 3711 pere
219 3653 255 3695 ex
279 3633 382 3695 Aldina
405 3633 534 3695 editione
553 3631 703 3694 Victorius
722 3639 884 3712 receperat.
921 3648 1030 3692 nomen
1053 3639 1176 3693 tauram

120 3744 197 3804 erari
217 3741 348 3820 Scaliger
371 3741 533 3822 adnotavit3
551 3739 632 3800 idem
654 3757 762 3800 nomeu
785 3739 816 3799 in
835 3733 952 3798 ‘vetere
975 3733 1095 3800 codice'
1109 3748 1176 3819 post

120 3854 198 3911 'seris
222 3851 365 3927 scriptum
386 3866 451 3908 esse
472 3846 621 3908 adnotavit
638 3844 773 3926 Ursinus,
792 3844 870 3925 quod
891 3844 1092 3907 Schneiderus
1109 3864 1177 3925 pro·

120 4005 122 4017 .
159 3959 258 4036 itaque
281 3973 337 4035 pro
359 3959 470 4031 statim,
489 3955 568 4034 quod
592 3953 638 4015 bis
657 3954 801 4034 scriplum
826 3961 871 4013 est
893 3954 924 4014 in
948 3951 1177 4030 manuscriptis

120 4112 129 4143 ,
147 4064 312 4143 posteriore
336 4062 400 4123 loco
425 4070 548 4124 tauram
567 4062 684 4142 scripsi,
700 4063 730 4121 si
745 4062 847 4121 statim
865 4062 1026 4121 admiseris
1045 4064 1177 4132 tauram,

120 4174 210 4248 ipere:
242 4170 364 4231 Aristot.
392 4168 428 4229 de
457 4177 588 4249 generat.
617 4165 848 4248 anim.14‚ll
878 4160 933 4229 nal
961 4158 1026 4248 ἤδη
1055 4155 1178 4246 resipis

120 4270 199 4361 μετὰ
236 4273 298 4358 τὴν
331 4268 474 4358 ἐκτομὴν
505 4268 634 4348 εὐθέος
669 4266 809 4357 operiens
841 4267 1011 4354 ἐπλήρωσε
1048 4263 1104 4335 διὰ
1139 4263 1178 4333 τὸ

120 4405 132 4447 ο
157 4376 235 4458 τοὺς
256 4375 383 4464 πόρους
410 4373 637 4462 intendebas,
661 4376 940 4461 Colum.V126‚3
959 4380 1092 4456 formam
1114 4398 1178 4441 ser·

120 4496 214 4568 noris,
238 4510 306 4554 cam
327 4494 501 4568 penerondi
522 4494 581 4552 oim
604 4491 749 4567 deposuit,
768 4506 858 4564 quom
882 4494 981 4550 tomen
1005 4491 1101 4564 ipsam
1119 4505 1177 4547 non

913 4586 967 4642 ιν*
1138 4580 1149 4603 ·
