2874 4994
230 342 272 408 88
591 346 783 403 commutis.
802 346 842 400 m
861 344 1019 402 CATONIS

230 510 318 587 voles,
346 509 478 566 troicilo.
525 521 592 564 nam
620 510 654 563 ut
682 500 809 582 surculi,
839 501 910 563 dum
943 502 974 561 in
1006 498 1113 561 arbore
1144 506 1230 581 sunt,
1262 498 1378 561 radices

231 614 357 692 capiant,
381 629 434 690 per
458 609 584 671 fundum
607 616 762 689 pertusum
784 607 883 669 calicis
907 616 959 668 aut
977 625 1030 686 per
1049 606 1170 686 qualum
1189 608 1377 669 traiciuntur.

233 718 309 780 calix
337 727 387 780 aut
416 717 521 798 qualus
549 725 630 777 terra
658 715 799 795 impietur
826 725 857 776 et
882 717 914 776 in
943 714 1050 776 arbore
1080 714 1276 796 relinquitur,
1308 713 1377 777 dum

231 826 362 887 radicem
385 828 498 906 ceperit
521 843 629 885 ramus.

319 930 356 993 ln
394 932 557 993 arborem
595 931 795 1009 relinquito
828 929 890 990 ubi
921 932 972 990 ita
1004 930 1119 991 inerit
1150 948 1287 991 ramum
1315 929 1377 992 sub

232 1039 337 1120 qualo
366 1037 589 1118 praecidito]
618 1040 655 1098 In
689 1040 831 1099 arborem
858 1040 1029 1112 relinquito.
1075 1038 1130 1098 nbi
1156 1040 1199 1098 ita
1224 1036 1326 1113 suerit
1350 1045 1379 1100 et

232 1150 355 1209 radices
384 1150 494 1229 eperit,
526 1164 645 1206 romum
672 1147 728 1205 snb
752 1149 842 1220 qualo
862 1147 1036 1222 praecidite
1059 1144 1220 1205 iucundus.
1266 1145 1377 1205 rectius

234 1250 346 1336 133,3
375 1257 406 1314 in
435 1256 548 1315 arbore
575 1255 753 1328 relinquito:
785 1254 839 1313 nbi
865 1254 976 1312 bimum
999 1255 1071 1327 erit,
1098 1268 1219 1313 romum
1243 1260 1378 1315 tenerum

233 1360 318 1438 infra
338 1363 520 1437 praecidite.

323 1465 343 1529 2
376 1467 525 1540 Qualem
558 1467 711 1527 incidite
745 1486 784 1527 ex
818 1484 885 1526 urta
918 1475 1020 1545 parte
1053 1474 1267 1547 perpetuum
1300 1469 1379 1528 siue

233 1574 327 1636 calix
351 1577 426 1636 erit
449 1583 691 1654 sorsquassato
715 1592 792 1634 eum
816 1592 855 1634 eo
880 1573 985 1653 qualo
1008 1583 1067 1634 aut
1091 1574 1203 1635 calice
1227 1576 1262 1636 in
1283 1593 1380 1636 sero·

233 1682 311 1743 bem
339 1680 476 1761 ponito]
515 1683 644 1754 Qualem
673 1683 798 1741 incidito
826 1699 865 1741 ex
893 1699 955 1741 erno
980 1687 1072 1757 porte
1096 1699 1194 1759 prope
1217 1685 1320 1743 imum.
1356 1686 1383 1743 si

234 1807 306 1850 nero
331 1792 416 1850 calix
439 1792 507 1862 erit,
531 1793 731 1863 conquassato
755 1805 823 1847 cnm
847 1805 881 1848 eo
905 1790 995 1862 qrrnlo
1019 1794 1073 1848 ortt
1095 1791 1193 1850 colice
1216 1792 1249 1850 in
1271 1792 1382 1852 scrobe

231 1899 331 1973 posito
355 1894 483 1976 Merula,
509 1894 558 1956 ubi
577 1893 740 1955 Politianus
760 1901 941 1971 perpetuum
963 1912 1018 1973 pro
1038 1913 1136 1972 prope
1159 1899 1250 1957 imum
1272 1915 1312 1958 ex
1335 1916 1382 1959 co-

236 2002 301 2063 dice
325 2002 487 2083 adnotavit,
516 2006 544 2063 si
569 2020 641 2063 vero
664 2018 724 2061 non
747 2003 885 2080 correxit,
909 2000 1015 2062 deinde
1039 2005 1070 2062 in
1093 2006 1201 2065 scrobe
1221 2009 1323 2081 posito
1346 2025 1382 2066 ex

235 2117 335 2169 vetere
359 2109 461 2170 codice
485 2110 556 2169 item
580 2127 639 2169 non
664 2110 803 2187 correxit,
827 2108 878 2168 sed
903 2106 994 2168 rubro
1018 2108 1126 2191 coloro,
1149 2128 1208 2189 quo
1228 2112 1258 2172 in
1278 2111 1383 2175 iectio-

237 2216 326 2278 nibus
345 2214 471 2303 Medieei
495 2215 606 2276 codicis
626 2217 670 2275 uti
694 2216 857 2294 consuerit,
880 2213 994 2274 litteras
1017 2233 1045 2274 m
1069 2224 1099 2275 et
1117 2235 1137 2277 n
1157 2221 1383 2299 superscripsit,

236 2331 270 2385 ut
292 2332 373 2385 esset
396 2326 427 2383 in
450 2325 587 2384 scrobem
606 2326 724 2398 ponito,
753 2340 812 2382 non
836 2323 866 2381 in
889 2324 997 2383 scrobe
1019 2325 1143 2400 monito,
1171 2331 1204 2383 ut
1228 2324 1383 2386 Gesnerus

235 2431 392 2492 adnotavit.
438 2432 501 2490 sine
529 2432 613 2490 eolis
641 2437 671 2488 et
699 2432 730 2488 e'n
757 2431 893 2490 scrobem
917 2433 1035 2509 ponito,
1063 2431 1142 2509 quod
1171 2429 1282 2492 habent
1314 2451 1383 2512 apo-

235 2538 354 2618 grapha,
375 2535 453 2596 haud
473 2534 562 2595 dubie
582 2537 611 2595 in
632 2534 791 2614 archetypo
812 2537 875 2596 luit.
904 2540 933 2596 sr'
950 2555 1021 2598 nero
1040 2556 1075 2597 ex
1095 2539 1231 2617 principe
1250 2539 1384 2601 editione

236 2644 271 2705 ab
296 2642 461 2705 editoribus
485 2651 639 2722 receptum
664 2651 740 2723 erat3
764 2645 794 2702 in
817 2642 941 2722 reliquis
965 2654 1032 2705 ante
1055 2643 1219 2706 Victorium
1238 2646 1384 2727 Angelius

236 2769 324 2811 manu
359 2752 540 2829 scriptorum
574 2748 718 2810 librorum
751 2747 908 2811 lectionem
942 2751 1072 2813 dederat.
1122 2772 1162 2815 cac
1195 2757 1255 2815 ima
1289 2764 1385 2832 perte

233 2865 415 2936 perpetuum
448 2855 659 2933 Rottboeliius,
693 2876 732 2919 ex
764 2876 827 2919 nna
856 2866 947 2935 porte
971 2878 1030 2936 per
1058 2864 1147 2921 imum
1178 2860 1384 2923 Schneiderus

235 2964 426 3027 scribendum
450 2966 651 3025 coniecerunt.
698 2974 816 3044 recepta
845 2965 1050 3026 emendatione
1073 2966 1244 3029 Rottboeliii
1271 2972 1384 3050 scripsi

236 3076 360 3149 qualum
383 3075 508 3134 incidilo
534 3075 576 3133 'err
605 3074 666 3132 imo
686 3079 778 3149 porte
797 3080 990 3149 perpetuum,
1016 3077 1186 3136 sineretis
1209 3079 1281 3152 erit,
1310 3097 1382 3141 con·

237 3187 398 3256 qrrnssnto:
421 3197 490 3241 cnm
512 3197 546 3240 eo
565 3182 656 3254 qualo
676 3186 731 3239 out
749 3182 846 3240 colice
865 3183 895 3239 in
914 3182 1022 3241 scrobe
1037 3185 1150 3258 ponito.
1179 3200 1246 3243 nam
1265 3185 1384 3269 qualus,

235 3305 290 3366 per
314 3305 401 3367 quem
425 3289 456 3347 in
480 3288 537 3346 ima
561 3294 646 3365 parte
666 3304 766 3347 ramus
785 3287 927 3346 traiectus
946 3296 1019 3368 erat,
1042 3289 1099 3348 iam
1118 3288 1155 3349 ab
1174 3291 1276 3352 eadem
1297 3304 1383 3372 parte

234 3403 408 3475 perpetuus,
438 3393 467 3455 h.
487 3413 512 3454 e.
536 3395 577 3453 ita
600 3402 634 3454 ut
657 3392 730 3454 nihil
754 3395 982 3474 intermittatur,
1010 3396 1152 3457 inciditur
1175 3396 1234 3479 vel,
1258 3401 1282 3459 si
1308 3400 1384 3462 calix

237 3511 297 3585 est,
325 3503 482 3582 frangitur.
532 3502 572 3561 ita
604 3519 672 3560 cum
702 3500 789 3579 qualo
818 3510 869 3562 aut
896 3501 986 3562 calice
1015 3520 1114 3563 ramus
1143 3506 1172 3564 in
1201 3505 1309 3567 scrobe
1331 3526 1384 3587 po·

235 3611 325 3670 nitur.
350 3641 392 3653 —
417 3612 448 3668 in
471 3609 588 3682 scrobe,
613 3625 666 3687 pro
691 3626 751 3687 quo
775 3612 805 3669 in
829 3611 966 3671 scrobem
985 3609 1041 3669 hoc
1060 3609 1125 3671 loco
1145 3615 1290 3692 scriptum
1310 3624 1385 3697 erat,

235 3716 292 3776 luit
320 3718 349 3775 in
378 3714 538 3794 archetypo
563 3710 660 3790 28,2
688 3719 720 3776 in
747 3718 854 3778 scrobe
882 3735 950 3777 cnm
977 3735 1072 3793 pones
1100 3726 1130 3778 et
1158 3716 1250 3799 49,2
1276 3727 1386 3799 ponito

236 3826 267 3882 in
290 3823 399 3882 scrobe
422 3829 476 3882 ont
501 3825 532 3882 in
559 3826 652 3884 sulco.
699 3841 796 3903 neque
826 3842 966 3904 umquam
994 3823 1080 3885 aliter
1108 3844 1175 3887 cum
1203 3827 1260 3890 hoc
1291 3831 1384 3892 verbo

235 3929 487 4007 praepositionem
516 3933 547 3989 in
575 3948 591 3989 a
622 3929 732 3990 Catone
760 3933 886 4010 positam
916 3950 981 3992 esse
1009 3941 1095 4011 puto:
1134 3937 1164 3995 in
1191 3939 1254 3997 sole
1276 3942 1386 4014 ponito

237 4033 266 4116 7,
280 4033 310 4097 4.
335 4033 386 4098 87.
411 4033 565 4117 88‚1;2.
591 4033 663 4117 112,
679 4035 708 4099 2.
734 4034 806 4119 113,
825 4034 856 4098 2.
881 4034 952 4101 116.
980 4036 1050 4100 130.
1076 4038 1149 4123 151,
1168 4037 1204 4122 23
1227 4051 1385 4121 praeterea

236 4161 304 4203 eum
331 4145 417 4202 variis
442 4141 624 4225 nominibus,
653 4140 704 4225 37,
724 4142 744 4206 3
769 4148 799 4205 in
823 4152 901 4207 tecto
921 4151 1074 4225 posueris,
1107 4145 1197 4228 76,3
1221 4152 1252 4210 in
1275 4153 1386 4214 tabula

233 4268 317 4327 puro
342 4267 421 4324 qrrne
440 4257 548 4325 puteat
562 4270 593 4328 p.
609 4252 629 4310 I
645 4253 689 4311 ibi
706 4253 835 4313 balteum
851 4251 965 4329 ponito,
990 4252 1063 4335 113,
1084 4253 1100 4314 1
1118 4259 1223 4332 ponito
1242 4260 1274 4318 in
1293 4262 1385 4337 dolio,

240 4351 312 4436 156,
333 4353 353 4416 3
374 4359 478 4433 ponito
498 4361 642 4434 pocillum
667 4361 697 4419 ln
721 4378 843 4435 sereno,
873 4356 951 4442 161,
970 4359 989 4422 3
1014 4365 1045 4422 r'n
1069 4380 1127 4437 qno
1150 4367 1216 4425 loco
1234 4373 1385 4441 posterus

238 4466 308 4544 eris,
331 4464 402 4524 item
426 4460 479 4545 46,
501 4462 516 4524 l
542 4466 596 4526 nbi
616 4469 732 4528 semino
751 4471 909 4545 positurus
932 4472 1003 4530 eris.
1045 4472 1212 4531 accuratius
1235 4472 1317 4536 idem
1340 4475 1384 4537 di·
