2874 4994
282 329 332 385 DE
350 330 440 386 Aoni
458 329 630 386 CVLTVRA
650 331 791 387 LIBRVM
810 331 838 387 C.
856 329 1028 388 161-162
1163 321 1224 386 189

77 484 158 544 edita
191 484 259 544 inde
288 502 303 544 a
332 487 466 564 principe
495 463 624 547 editione
653 486 839 566 exemplaria.
889 491 953 548 saie
983 493 1090 546 neutro
1118 503 1226 564 genere

76 590 193 652 dictum
218 591 365 652 Victorius
389 593 594 672 adnotaverat,
618 594 697 673 quod
721 594 894 655 mutandum
918 612 977 654 non
1000 595 1108 672 putari.

170 697 191 759 2
217 699 281 759 Ubi
305 701 370 759 iam
395 719 514 760 omnes
538 704 788 779 composueris
812 700 884 761 sale
910 703 1057 779 iusuper
1081 718 1122 758 ne
1146 717 1227 759 earo

76 815 250 884 appareat
273 806 420 884 aequale
444 802 567 887 laeito]
593 811 727 883 nequire
746 808 844 883 facito
868 807 934 868 libri
958 826 1047 868 manu
1072 808 1177 884 scripti
1197 816 1226 864 et.

78 914 172 973 editio
196 917 335 993 princeps
359 933 374 972 a
394 913 537 974 Politiano
561 934 621 975 non
646 927 787 996 correcta,
811 919 968 990 aequalem
986 914 1084 989 facito
1105 914 1227 974 dederat

76 1018 245 1102 iucundus,
268 1021 347 1100 quod
371 1021 478 1082 deinde
502 1025 532 1082 iu
557 1021 686 1102 reliquas
710 1023 854 1083 editiones
878 1031 1070 1101 propagatum
1096 1032 1149 1081 est.

170 1126 190 1188 3
223 1126 306 1188 Post
338 1127 429 1189 diem
462 1132 604 1190 omnino
633 1129 686 1190 Xll
716 1149 847 1210 pernas
875 1128 1032 1206 eximito]
1064 1131 1134 1189 Post
1163 1131 1226 1187 dies

74 1238 198 1295 omnino
218 1237 376 1295 duodecim
391 1234 511 1316 Merula,
527 1244 595 1313 post
614 1239 692 1296 diem
711 1240 832 1298 omnino
847 1239 1055 1297 duodecimam
1074 1235 1225 1296 iucundus

75 1350 109 1402 et
132 1341 238 1401 deiude
263 1342 369 1422 reliqui
389 1344 527 1404 editores.
564 1352 692 1422 utroque
711 1361 819 1422 genere
839 1343 956 1402 dicendi
975 1341 1116 1402 Catonem
1136 1359 1222 1400 usum

75 1467 144 1508 esse
169 1449 321 1528 apparebit
345 1469 379 1509 ex
404 1452 441 1510 iis
465 1469 540 1529 quae
566 1469 654 1529 supra
679 1447 766 1531 65,2
790 1453 951 1529 composui.

169 1555 228 1615 [lie
253 1558 363 1616 tertio
383 1559 565 1635 extergito
585 1575 739 1636 spongea
760 1556 862 1633 bene]
888 1559 1048 1631 Exterpito
1067 1565 1096 1616 et
1115 1556 1222 1616 deinde

74 1681 212 1740 sponpea
234 1666 265 1723 in
289 1663 450 1743 archetypo
474 1666 618 1743 scriptum
643 1673 714 1724 erat.
761 1672 917 1739 exterqeto
942 1662 1105 1744 iucundus,
1129 1667 1221 1724 etita

74 1773 107 1829 in
128 1770 231 1830 codice
250 1768 422 1831 Parisinob
442 1771 557 1832 ridetur
577 1774 722 1850 scripturn
741 1790 816 1850 esse,
840 1773 987 1832 constanti
1007 1773 1037 1832 iu
1056 1771 1112 1831 boo
1132 1771 1221 1831 verbo

78 1893 146 1954 usu,
171 1885 205 1935 ut
227 1874 289 1936 dixi
308 1894 396 1955 supra
417 1873 446 1957 2,
461 1875 491 1937 4.
528 1880 655 1954 sponpic
675 1877 806 1958 plurimq
819 1878 994 1959 apographa,
1018 1878 1069 1938 sed
1088 1896 1222 1954 sponpeo

75 1981 241 2042 Politianus
265 1992 295 2043 et
319 1985 411 2043 codex
435 1983 626 2045 Florentinus
651 1987 673 2064 l,
701 2004 863 2062 sponpeam
888 1985 1037 2045 Mediceos
1061 2004 1102 2067 m,
1127 2004 1222 2063 neque

75 2088 209 2149 dubitari
232 2088 268 2149 de
293 2109 326 2150 ea
350 2093 497 2168 scriptura
522 2090 659 2171 debebat,
683 2092 719 2151 de
745 2111 801 2171 qua
825 2091 886 2152 diri
910 2089 961 2173 23,
976 2090 1006 2153 3.

168 2195 291 2256 Tertio
319 2198 375 2256 die
404 2193 550 2279 demito]
584 2200 700 2259 Demito
730 2198 797 2259 libri
826 2217 912 2259 manu
942 2201 1047 2276 scripti
1074 2209 1103 2259 et
1131 2201 1221 2259 editio

76 2306 218 2383 princeps
250 2322 266 2363 a
294 2302 438 2364 Politiano
472 2323 531 2365 uon
561 2316 708 2384 correcta,
740 2310 885 2367 demittite
914 2306 1035 2365 dederat
1062 2305 1222 2367 iucundus.
1315 2386 1318 2391 Ι

76 2406 193 2471 ‘Tertio
216 2411 264 2471 die
288 2411 412 2471 demite:
434 2411 477 2471 lta
499 2411 608 2472 babent
627 2415 741 2492 antiqui
760 2393 887 2492 codices,
910 2421 940 2472 et
959 2415 997 2472 ita
1017 2412 1146 2472 arbitror
1165 2413 1222 2491 legi
1313 2404 1316 2413 '

77 2517 200 2595 debere,
219 2536 288 2599 non,
307 2529 339 2577 ut
359 2520 388 2578 in
408 2520 525 2581 excusis
545 2518 691 2594 omnibus,
711 2519 871 2581 Demittito.
908 2520 945 2580 bl.
961 2518 1100 2579 Varronis
1119 2521 1221 2598 optimi

76 2623 199 2684 codices
223 2627 261 2684 ita
282 2644 400 2703 quoque
420 2625 516 2686 locum
537 2626 618 2686 illurn
639 2626 740 2706 legunt
760 2630 837 2687 circa
857 2628 946 2688 linem
965 2628 1055 2706 primi
1075 2622 1248 2707 [168,1]:t

76 2731 111 2791 Si
136 2751 194 2791 non
219 2732 384 2810 dempseris
407 2733 444 2793 ad
468 2733 614 2793 edendum
639 2744 694 2794 etc.
732 2733 864 2814 loquitur
883 2746 981 2795 autem
1001 2736 1037 2795 de
1056 2734 1221 2813 pensilibus

76 2837 269 2918 quibusdam,
302 2857 469 2918 quanquam
502 2839 562 2900 illic
591 2843 679 2900 etiam
707 2843 845 2919 impressi
873 2842 1021 2903 habebant
1050 2837 1222 2902 Demiseris'

76 2944 236 3006 Victorius.

168 3051 238 3113 Neo
261 3054 351 3113 tinia
375 3072 439 3114 nec
463 3071 603 3114 uermes
623 3054 782 3133 tangent]
812 3055 904 3115 Tinea
923 3054 999 3114 edita
1019 3056 1087 3115 inde
1108 3075 1122 3114 a
1144 3056 1222 3133 prin·

76 3163 146 3241 cipe
171 3160 300 3221 editione
324 3160 509 3239 exemplaria.
549 3165 643 3222 tiniae
666 3161 855 3225 scribendum
879 3180 944 3220 esse
968 3161 1075 3240 plurali
1098 3180 1222 3223 numero

75 3266 212 3345 intellegi
239 3276 356 3346 poterat
384 3287 419 3329 ex
448 3270 485 3329 iis
513 3287 588 3348 quae
617 3268 653 3328 de
682 3270 866 3329 vestimentis
894 3271 1004 3347 scripta
1032 3278 1102 3328 sunt
1125 3266 1177 3350 98,
1204 3267 1218 3329 1

40 3371 47 3384 '
85 3375 268 3436 Vestimenta
292 3394 330 3436 ne
353 3379 449 3436 tiniae
472 3383 601 3450 conponi
624 3385 653 3436 et
676 3380 771 3437 tiniae
793 3395 852 3436 non
876 3378 1033 3437 nocebunt.
