2874 4994
140 301 184 365 24
501 306 691 364 COMMENT.
710 308 751 363 IN
771 307 930 365 CATONIS

140 465 271 546 videtur,
299 472 330 525 et
356 462 493 525 similiter
521 482 612 543 supra
640 465 672 524 in
695 465 781 525 initio
809 466 916 543 capitis
941 466 1087 544 scriptum
1110 471 1157 525 est
1180 478 1290 540 numm

140 575 250 649 quibus
273 576 346 634 locis
370 590 523 648 consuas,
546 575 593 633 sic
615 573 776 634 observari
796 555 921 649 oportet.
958 571 1151 633 indicativum
1173 576 1291 648 oporto

141 678 292 741 Reolrerus
314 679 352 740 de
375 681 492 760 syntaxi
510 680 778 757 interrogationum
797 677 985 758 obliquorum
1005 677 1193 741 Studemund
1214 677 1290 740 stud.

141 790 173 848 in
200 790 290 867 prisc.
314 789 418 867 script.
441 786 489 849 lat.
513 806 539 847 v.
563 787 576 847 1
599 805 626 866 p.
647 783 712 848 313
744 787 784 846 ita
818 785 963 866 defendit,
995 787 1080 864 quasi
1110 787 1141 846 in
1168 783 1291 847 relativo

141 895 295 955 enuntiato
323 893 396 955 baec
421 895 517 972 posita
541 901 655 973 essent,
683 895 701 953 i.
721 912 746 955 c.
770 910 874 971 agrum
897 894 927 953 in
952 912 1010 973 quo
1034 895 1150 954 vincam
1172 892 1293 953 conseri

142 1009 260 1081 oportet
288 1003 332 1061 sic
360 1000 530 1082 observato3
558 1000 720 1061 Varronem
749 1003 828 1061 enim
857 1019 893 1060 ex
919 1019 990 1061 suae
1014 1002 1118 1062 aetatis
1141 1017 1202 1061 usu
1225 1017 1292 1060 cou-

142 1110 307 1170 iunctivum
332 1107 532 1169 substituisse.
568 1106 719 1187 obliquam
741 1108 1005 1187 interrogationem
1026 1107 1185 1169 indicativo
1205 1104 1293 1167 modo

143 1215 249 1276 elatam
277 1214 413 1294 probarit
440 1214 724 1276 Schoendoerllerus
752 1214 788 1275 de
816 1217 944 1294 genuina
974 1214 1036 1276 Cat.
1055 1214 1092 1275 dc
1115 1216 1207 1292 agric.
1226 1212 1295 1273 libri

144 1324 237 1383 torma
260 1340 289 1401 p.
309 1318 360 1383 81.
405 1323 492 1382 cuius
515 1322 634 1400 generis
657 1320 824 1400 exemplum
849 1323 879 1381 in
903 1322 960 1383 boc
983 1321 1059 1382 libro
1083 1340 1143 1383 non
1164 1321 1295 1384 invenio.
1336 1390 1338 1399 Ι

144 1430 327 1491 coniunctivi
355 1430 488 1508 exempla
512 1427 796 1489 Schoendoerllerus
819 1428 960 1490 indicarit
984 1447 1042 1490 una
1065 1447 1133 1490 eum
1156 1431 1195 1489 iis
1219 1446 1295 1508 quae

144 1555 204 1597 non
228 1535 328 1597 addito
352 1535 452 1617 verbo,
475 1536 554 1596 unde
577 1535 735 1618 pendeant,
758 1538 788 1596 in
808 1537 893 1596 initio
913 1538 1043 1615 capitum
1064 1536 1099 1597 ad
1118 1543 1296 1617 argumenta

144 1651 372 1724 praeceptorum
395 1643 551 1705 indicanda
575 1645 686 1722 scripta
710 1651 781 1704 sunt
799 1645 926 1722 saepius.
964 1661 1031 1703 nam
1050 1645 1080 1704 in
1099 1643 1146 1704 bis
1165 1660 1297 1724 quoque,

145 1753 223 1812 sicut
255 1753 286 1811 in
314 1749 444 1812 rubricis
471 1760 501 1811 et
529 1753 560 1811 in
587 1750 684 1811 indice
713 1748 924 1831 capitulorum,
952 1752 1161 1812 coniunctirus
1187 1750 1296 1812 modus

145 1860 294 1920 constanti
318 1875 375 1918 usu
399 1860 529 1937 scriptus
552 1865 605 1919 est.
644 1877 669 1918 c.
688 1853 731 1919 36
755 1876 834 1933 quae
856 1865 986 1934 segetem
1008 1866 1183 1919 stercorant
1202 1860 1297 1937 scrip·

146 1975 210 2026 tum
237 1973 314 2046 erat,
345 1972 516 2026 stercorant
545 1983 579 2024 ex
608 1963 729 2026 rubrica
757 1973 787 2025 ct
815 1964 912 2025 indice
940 1963 1138 2044 capitulorum
1165 1966 1297 2026 restitui.

146 2072 294 2153 relativae,
317 2090 377 2133 non
395 2074 624 2152 interrogativae
644 2074 807 2133 sententiae
827 2073 959 2152 speciem
978 2071 1088 2133 babent
1106 2071 1188 2153 baec,
1212 2090 1239 2135 c.
1256 2069 1298 2134 12

147 2182 185 2241 In
208 2182 409 2241 torcularium
438 2198 517 2255 quae
540 2198 614 2257 opus
636 2188 707 2241 sunt
729 2188 759 2240 et
782 2197 808 2240 c.
829 2177 869 2241 13
894 2181 931 2241 ln
955 2183 1157 2242 torcularium
1182 2183 1217 2242 in
1239 2199 1298 2241 usu

146 2290 229 2362 quod
259 2304 334 2363 opus
365 2295 422 2362 est,
454 2289 525 2347 item
549 2283 624 2367 2‚5
654 2289 764 2364 pabuli
793 2305 891 2349 cuusu
920 2305 1000 2362 quae
1024 2293 1140 2364 paratu
1167 2294 1241 2348 sunt
1268 2296 1299 2348 et

150 2391 260 2475 142,1
293 2394 382 2455 Vilior·
412 2393 518 2469 officio
550 2412 630 2469 quoe
661 2401 742 2468 sunt,
775 2413 855 2470 quae
887 2397 1024 2455 dominus
1050 2396 1227 2475 praecepit,
1260 2413 1300 2457 eu

147 2505 257 2575 omnin,
276 2519 355 2576 quoe
374 2503 405 2561 r'n
422 2499 520 2576 [undo
534 2502 608 2573 fieri
625 2507 743 2575 oportet
760 2517 899 2575 quaeque
914 2503 974 2561 erni
983 2503 1155 2578 pararique
1168 2509 1299 2579 oportet,

147 2610 353 2684 quomodoque
385 2609 520 2681 cidariu,
552 2611 727 2668 vestimentu
756 2605 895 2682 familiae
927 2610 1001 2668 duri
1026 2614 1157 2689 oportet,
1189 2611 1299 2671 eadem

147 2719 195 2776 uti
226 2722 315 2776 curet
338 2711 499 2791 sociatque
526 2731 632 2775 moneo
661 2716 840 2790 dominoque
872 2717 953 2776 dicto
985 2718 1114 2777 auduus
1144 2719 1192 2777 sit.
1239 2719 1300 2779 boc

148 2825 289 2899 amplius,
318 2823 465 2896 quomodo
493 2824 613 2881 uilicum
637 2823 684 2881 uti
705 2829 822 2898 oportet
844 2829 874 2882 et
892 2825 1039 2897 quomodo
1062 2841 1118 2885 ene
1141 2826 1301 2901 imperare

148 2935 273 3006 oportet.
314 2946 382 2989 nam
405 2930 551 3004 quomodo
575 2936 692 3005 oportet
714 2936 837 3008 propter
860 2947 893 2989 oa
917 2948 992 3009 quae
1012 2932 1042 2990 in
1062 2929 1183 2991 relativa
1202 2948 1300 2992 cnun-

150 3037 270 3096 tiatione
294 3036 389 3114 posita
413 3035 593 3096 antecedunt
615 3036 760 3113 scriptum
785 3043 838 3095 est.

239 3140 305 3212 Oui
333 3141 434 3203 locus
461 3160 605 3202 crassus
634 3143 705 3201 erit
731 3149 793 3201 aut
819 3140 1044 3219 nebulosior]
1073 3145 1214 3206 Crassior
1238 3150 1301 3209 err't

152 3247 242 3309 Varro
266 3256 296 3308 et
319 3246 433 3309 Plinius
456 3247 474 3309 l.
494 3267 519 3311 c.
544 3247 687 3327 logeruut.

239 3355 333 3417 VIII
365 3355 523 3418 Fundum
557 3354 801 3416 suburbanum
829 3353 1012 3415 arbustum
1038 3359 1186 3419 maximo
1213 3378 1300 3421 con·

150 3466 252 3525 uenit
292 3463 423 3524 babere
465 3471 500 3523 ot
540 3462 636 3540 ligna
678 3469 712 3521 et
748 3464 872 3541 uirgae
910 3464 1038 3523 uenire
1074 3476 1228 3544 possunt
1266 3478 1303 3529 et

150 3571 293 3631 domino
317 3572 388 3629 erit
412 3571 473 3647 qui
496 3567 632 3646 utatur]
658 3570 765 3629 Fundo
786 3572 961 3631 suburbano
985 3572 1142 3633 arbustum
1165 3577 1302 3637 maxime

151 3681 292 3739 conuenit
319 3678 446 3750 babere,
475 3682 504 3735 et
529 3678 614 3751 liqna
637 3683 667 3736 et
689 3679 795 3752 uirgae
817 3680 957 3738 salictum
980 3681 1027 3739 uti
1048 3683 1153 3742 uenire
1172 3685 1302 3758 possint,

112 3798 119 3805 “
151 3792 180 3844 et
210 3786 329 3844 domino
356 3786 415 3855 fiat
441 3786 494 3858 qui
519 3789 627 3843 ututur
654 3782 778 3863 Merula,
807 3783 906 3860 suado
933 3787 1110 3847 suburbano
1138 3789 1301 3850 arbustum

151 3894 283 3952 maxime
301 3895 441 3953 conuenit
458 3893 581 3965 babere,
603 3894 650 3952 uti
667 3894 751 3966 liano
770 3899 800 3953 et
817 3895 925 3968 virgae
942 3894 1046 3952 salicti
1062 3897 1166 3955 venire
1180 3899 1304 3972 possint

152 4007 181 4060 et
211 4001 329 4059 domino
354 4001 413 4072 fiat
440 4002 494 4073 qui
520 4006 626 4059 ututur
654 3997 820 4079 iucundus,
853 3997 904 4059 ubi
928 3998 1060 4075 standum
1088 4003 1302 4064 suburbanum

152 4105 308 4186 Angelius,
332 4105 447 4185 reliqua
470 4103 619 4167 Victorius
642 4124 677 4166 ex
702 4105 862 4185 archetypo
886 4109 1027 4168 restituit.
1072 4126 1163 4187 pravo
1186 4109 1301 4172 iudicio

152 4213 189 4273 de
212 4212 341 4274 lectione
360 4221 494 4274 veterum
513 4213 677 4274 editionum
697 4230 770 4273 usus
786 4211 988 4274 Schneiderus
1004 4214 1302 4290 sundosuburbnno

153 4322 311 4381 arbustum
330 4324 462 4382 maxime
481 4323 620 4382 conuenit
637 4321 752 4381 bultem
770 4328 799 4381 et
817 4324 965 4395 salictum,
989 4330 1023 4382 ut
1041 4326 1125 4398 ligna
1143 4331 1173 4384 et
1191 4328 1302 4401 virgae

154 4430 258 4489 venire
285 4430 411 4504 possint,
444 4436 474 4489 et
506 4430 625 4490 domino
656 4430 697 4487 sit
727 4429 782 4502 qui
807 4435 914 4488 ututur
941 4428 1133 4490 scribendum
1160 4434 1300 4496 coniecit.
