2874 4994
368 318 499 375 RERVM
517 320 757 376 RVSTICARVM
777 323 843 378 LlB.
865 325 876 376 l
898 324 914 377 1
1195 317 1214 382 7

155 479 281 559 ltaque
314 477 405 558 quod
439 479 463 537 ii
497 485 668 557 parentes
701 479 816 558 magni
847 478 1020 540 dicuntur
1053 482 1214 561 iuppiter

62 596 171 668 pater
200 585 404 666 appellatur
436 584 545 646 tellus
578 594 675 644 terra
708 584 838 662 mater]
874 586 971 649 Tellus
1003 595 1089 648 terra
1116 596 1214 650 mater

62 693 234 774 apographa
260 703 290 754 et
309 712 345 754 ex
363 695 428 773 ipso
448 691 607 772 archetypo
627 690 783 773 Victorius,
811 692 907 754 Tellus
929 711 1000 756 vero
1019 703 1116 756 mater
1135 694 1213 757 edita

63 809 134 862 aute
159 799 321 862 Victoriam
346 798 537 880 exemplaria,
567 797 645 877 qnod
674 797 837 860 Politianus
865 802 896 861 in
923 803 1057 881 principe
1082 801 1211 862 editione

63 927 126 969 non
152 911 291 970 correxit.
325 916 469 986 parentes
493 915 522 969 et
548 910 655 983 maeni
681 906 816 968 Ursinus.
853 916 940 970 terra
965 908 1122 972 delendum
1146 928 1212 971 esse

61 1014 216 1076 adnotavit
230 1015 372 1076 lardanus
392 1014 426 1074 ad
442 1013 566 1074 Prelleri
586 1013 704 1093 mythol.
720 1013 803 1075 Rom.
823 1034 847 1076 v.
863 1014 889 1075 ll
908 1035 935 1095 p.
952 1014 980 1076 2.
1013 1033 1131 1095 pravam
1148 1035 1209 1077 ver·

61 1121 172 1183 borum
188 1130 377 1202 structuram,
392 1139 467 1200 quae
482 1120 551 1181 olim
566 1129 638 1200 erat,
652 1124 735 1197 quod
748 1125 772 1181 ii
781 1129 925 1199 parentes
939 1126 1044 1198 maarai
1056 1126 1211 1205 dieantur,

60 1228 255 1289 distinctione
270 1237 337 1308 post
348 1235 494 1306 parentes
504 1228 580 1288 iacta
594 1230 720 1289 correxi.
742 1246 809 1288 nam
823 1238 979 1309 propterea
996 1229 1074 1308 qnod
1090 1231 1210 1312 Iupiter,

60 1344 96 1396 et
114 1334 217 1396 Tellus
235 1344 373 1416 parentes
398 1343 480 1417 sunt,
505 1335 575 1395 dnm
595 1334 711 1397 tructus
735 1335 962 1418 agriculturae,
985 1355 1059 1416 qnos
1081 1337 1161 1398 caelo
1181 1348 1211 1400 ct

61 1454 147 1504 terra
170 1445 336 1523 continent,
363 1445 501 1523 gignunt,
530 1444 594 1503 iure
623 1442 654 1503 hi
677 1445 864 1522 potissimum
893 1447 989 1523 magni
1016 1444 1209 1524 appellantur.

57 1550 99 1611 de
120 1550 226 1611 iisdem
245 1549 336 1611 Varro
356 1549 392 1611 de
411 1549 480 1628 ling.
501 1549 547 1610 iat.
566 1546 647 1611 v58
671 1549 742 1609 dicit
765 1550 861 1612 Terra
880 1554 1002 1612 enimet
1024 1552 1154 1626 Caelum,
1177 1560 1212 1612 ut

58 1660 298 1720 Samothracum
317 1660 405 1719 initia
424 1660 630 1732 decertassent
649 1660 700 1718 dei
716 1661 828 1732 meant.
869 1657 965 1719 Terra
988 1666 1086 1719 mater
1111 1668 1209 1719 antem

58 1775 187 1846 propter
215 1773 386 1826 consuetam
415 1781 518 1825 eonrm
548 1763 705 1825 verborum
739 1766 982 1844 compositionem
1016 1765 1126 1825 dictum
1155 1774 1209 1826 est.

156 1874 319 1934 Necessari
351 1871 477 1951 simplici
511 1875 524 1931 i
549 1871 647 1932 littera
678 1890 714 1932 ex
746 1871 904 1952 archetypo
932 1871 1094 1933 Politianus
1122 1872 1209 1932 adno-

59 1981 138 2041 tavit
165 1987 195 2039 et
221 1975 335 2058 115,9
359 1981 519 2059 eupatori,
550 1996 625 2057 quae
653 1996 688 2039 ex
717 1979 880 2039 imitatione
910 1978 1036 2057 vulgaris
1064 1981 1209 2040 sermonis

58 2086 155 2147 Varro
178 2087 313 2165 recipere
332 2087 438 2163 potuit.
474 2102 541 2145 narn
561 2082 586 2144 ll
610 2083 671 2166 1‚2
691 2088 862 2162 pecuariae
881 2087 1012 2148 athletae
1030 2089 1136 2167 scripsi
1155 2104 1209 2166 pro

52 2197 200 2272 peccari,
224 2192 302 2272 quod
326 2194 357 2254 in
377 2192 479 2252 codice
499 2193 563 2265 fuit,
588 2200 617 2252 et
640 2190 665 2250 ll
687 2189 714 2271 1,
733 2187 773 2251 14
796 2195 877 2252 asini
898 2194 1048 2274 arcadici,
1075 2212 1133 2254 non
1158 2213 1208 2255 ar-

56 2305 143 2363 cadi.
181 2303 212 2361 in
235 2299 368 2360 ablativis
393 2300 503 2360 retinui
527 2295 645 2379 114,2
673 2301 810 2374 tenearis
834 2308 863 2359 et
886 2296 1001 2381 119‚4
1031 2302 1208 2376 intercedis,

56 2409 181 2470 correxi
204 2404 345 2487 1112,1't
369 2409 503 2467 sestertls
527 2416 556 2466 et
579 2405 619 2465 lll
634 2400 697 2487 5,t
724 2407 835 2466 Pontis.

153 2512 174 2575 6
206 2515 348 2575 Necnon
371 2517 462 2575 etiam
477 2531 593 2591 precor
616 2512 683 2572 libri
707 2530 795 2573 manu
820 2515 924 2592 scripti
942 2521 973 2573 et
993 2531 1029 2574 ex
1049 2514 1207 2595 archetypo

56 2621 239 2700 Politianus,
263 2638 321 2680 non
345 2639 402 2682 aee
424 2637 485 2681 non
508 2628 538 2681 et
563 2638 690 2696 precor,
718 2629 752 2681 nt
779 2619 929 2682 Gesnerus
953 2620 1116 2683 adnotavit:
1152 2640 1209 2684 nee

56 2747 123 2790 riom
143 2745 257 2806 precer
280 2727 371 2788 editio
394 2729 542 2807 princeps.

152 2831 170 2894 ”l
199 2832 369 2895 indicabo
393 2852 408 2894 a
433 2833 565 2913 quibus
584 2833 830 2914 scriptoribus
855 2833 1037 2914 repertas]
1058 2837 1209 2913 Repertus

57 2941 243 3023 apographa,
266 2944 406 3019 reperias
432 2942 464 3001 in
486 2942 621 3021 principe
647 2941 777 3001 editione
800 2940 963 3003 Politianus
987 2960 1046 3002 non
1070 2946 1208 3023 correxit,

55 3052 212 3126 reperitas
232 3067 267 3108 ex
290 3048 393 3110 codice
417 3047 567 3108 adnotavit
585 3045 742 3129 Victorius,
766 3066 869 3108 errore
893 3048 1001 3127 aliquo,
1026 3058 1058 3109 ut
1083 3049 1208 3129 videtur,

55 3174 120 3236 quo
140 3155 280 3216 inductus
300 3155 430 3234 Scaliger
450 3158 598 3232 reperites
619 3154 855 3235 commendabat,
880 3159 1025 3231 repetitas
1043 3155 1207 3217 Pontedera

54 3265 151 3342 antiq.
170 3261 218 3324 lat.
238 3282 265 3343 p.
286 3259 338 3324 90.
375 3280 479 3323 verum
508 3261 584 3322 band
614 3261 703 3322 dubie
732 3271 778 3322 est
806 3261 883 3340 qnod
907 3260 1056 3322 Victorius
1081 3265 1208 3324 coniecit

54 3378 191 3448 repetas.

150 3472 170 3538 8
195 3475 325 3537 liieron
345 3475 483 3536 siculus
502 3485 537 3537 ct
555 3473 690 3535 attalus
709 3474 947 3554 philometor]
972 3477 1105 3537 Hierone
1125 3496 1207 3552 reae,

56 3587 163 3647 Attalo
181 3602 263 3660 reae,
283 3585 484 3645 Philometore
502 3601 576 3659 reae
601 3581 715 3643 Plinius
733 3584 764 3642 in
783 3582 880 3644 indice
900 3582 967 3643 libri
987 3581 1059 3664 xit,
1074 3584 1208 3644 Hierone

56 3711 144 3768 reae,
164 3693 363 3752 Philometore
390 3709 476 3766 reae,
505 3691 606 3751 Attalo
629 3708 703 3766 reae
731 3688 809 3751 idenr
833 3691 862 3750 in
892 3689 1038 3751 indicibus
1063 3688 1206 3750 librorum

58 3799 119 3861 XV.
140 3797 225 3859 tivit.
249 3796 352 3879 xvnt3
376 3806 406 3858 et
430 3797 565 3858 similiter
584 3795 744 3858 Columella
766 3794 778 3855 l
799 3793 862 3877 1,8
887 3798 985 3858 Siculi
1006 3815 1124 3872 quoque
1148 3816 1208 3858 non

55 3908 211 3970 mediocri
223 3923 301 3966 cura
315 3909 468 3981 neqotium
481 3907 564 3965 t'stud
573 3907 731 3981 prosecuti
739 3912 817 3977 sunt,
832 3904 946 3964 Hieron
962 3912 991 3964 et
1005 3905 1208 3979 Epicharmus

56 4015 239 4091 discipulus,
254 4013 438 4074 Philometor
456 4020 485 4074 et
499 4014 627 4086 Attalus,
647 4011 802 4071 maniiesto
822 4028 933 4070 errore.
967 4008 1092 4069 Ursinus
1109 4018 1205 4068 tanien

55 4121 137 4204 apud
163 4118 324 4180 Varronem
348 4122 468 4181 Attalus
490 4128 520 4180 et
543 4120 726 4180 Philometor
750 4115 905 4197 legendum
931 4117 1071 4196 coniecit3
1094 4118 1207 4175 rectius

55 4229 198 4309 Cuperus
227 4226 303 4307 apud
333 4226 496 4287 Gesnerum
526 4228 564 4287 de
593 4227 718 4300 reciduo
741 4226 856 4285 Hieron
881 4225 1002 4284 Siculus
1032 4230 1061 4285 et
1088 4224 1207 4282 Attalus

57 4339 255 4399 Philometor.
278 4351 345 4393 nam
361 4331 489 4392 httalum
504 4330 733 4391 Philometorem
748 4330 882 4409 Pergami
903 4347 1001 4408 regem
1017 4328 1076 4389 dici
1092 4337 1205 4389 certum

55 4452 112 4506 est.
154 4441 191 4501 de
220 4440 276 4500 boc
304 4442 333 4500 in
362 4439 483 4500 scholiis
506 4436 676 4498 Horatianis
703 4436 738 4497 ab
767 4436 900 4497 Usenero
928 4434 964 4496 dc
995 4435 1085 4527 schol.
1105 4434 1205 4496 Horat.
