2874 4994
318 348 449 404 RERVM
467 349 709 405 Rvsrrcdevu
725 349 794 405 IdB.
813 350 826 404 1
846 347 975 406 55-57
1160 341 1221 406 119

121 523 188 568 rum
220 503 395 584 corrigenda
427 507 506 567 enim
537 523 596 565 non
633 504 748 566 delerit
794 522 840 566 em
872 507 953 580 quim
985 507 1092 567 adsum
1129 504 1221 565 codex

121 613 283 693 saratinus,
305 619 335 672 et
357 614 412 686 qui
432 614 540 673 odwm
563 610 717 695 Caesones,
740 630 778 673 en
801 613 908 673 edum
931 629 969 692 m,
992 612 1071 691 quod
1094 614 1125 673 in
1144 610 1222 672 Ardi-

121 736 151 779 n
180 716 339 779 editionem
369 727 522 799 receptum
552 726 625 780 erat.
670 736 716 780 em
748 721 802 794 qui
832 719 940 779 αάειιιιι
971 717 1152 780 Ribbeciius
1184 717 1221 779 de

121 824 234 886 rticuiis
267 825 365 886 latinis
392 844 420 905 p.
440 822 480 888 31
515 827 652 889 coniecit.
697 826 807 887 retinui
840 824 997 885 lectionem
1024 825 1177 904 archetypi
1205 843 1221 885 a

121 933 213 993 :torio
236 933 365 1010 primum
388 933 511 1015 editam,
533 935 563 994 in
593 951 648 1012 quia
673 951 741 993 curn
770 930 860 992 verbo
884 934 1003 1006 αάιιιιιι,
1026 931 1106 1011 qood
1133 932 1222 994 habet

121 1055 143 1098 n
164 1038 393 1120 demonstrandi,
416 1044 489 1116 puin
512 1024 662 1119 particula
679 1038 860 1099 adfirmative
883 1040 1041 1100 coniuncta
1064 1047 1117 1099 est.

172 1145 269 1217 Ouod
293 1147 342 1207 ita
366 1147 409 1208 iit
431 1147 626 1209 iucundius
650 1144 830 1226 pabulum]
854 1147 922 1207 Fiet
943 1144 1078 1207 Ursinus.

171 1250 217 1312 Ex
241 1271 281 1313 eo
305 1252 535 1331 intellegitur
554 1253 644 1333 qnod
669 1271 777 1333 pecus
796 1261 950 1333 utroque
969 1254 1088 1334 posito
1106 1251 1221 1313 liben-

121 1375 158 1419 1s
178 1358 243 1437 est]
267 1359 424 1421 Brevitatis
448 1360 574 1440 dicendi,
598 1378 654 1439 qua
679 1359 770 1419 Varro
796 1378 867 1420 usus
891 1368 950 1442 est,
974 1378 1078 1440 parurn
1107 1358 1220 1420 intelie-

121 1482 159 1526 ns
179 1467 233 1527 init
252 1466 410 1549 Gesnerus,
430 1486 498 1529 cnm
522 1470 551 1528 in
575 1467 654 1528 hunc
678 1467 798 1528 modum
817 1466 905 1528 rerba
925 1466 1135 1528 conformanda
1154 1485 1220 1527 esse

124 1578 211 1653 taret,
240 1576 274 1635 iol
299 1593 339 1634 ea
366 1593 400 1636 eo
429 1578 621 1651 intellipitur,
645 1577 727 1650 qood
748 1592 844 1652 pecus
871 1583 1000 1650 utroque
1025 1577 1124 1652 posito
1147 1577 1224 1635 illud

120 1683 221 1741 ’eutius
244 1687 296 1759 est,
317 1681 361 1740 rel
385 1681 457 1742 adeo
476 1684 558 1757 quod
578 1685 618 1743 sit
642 1683 805 1742 iucundius
823 1699 864 1742 ex
882 1698 917 1742 eo
936 1683 1123 1757 interluitur,
1142 1684 1224 1756 qood

121 1791 175 1846 cos
197 1794 326 1863 utroque
345 1791 443 1864 posito
467 1791 543 1850 illud
564 1790 705 1850 libentius
728 1796 779 1849 est.

167 1899 244 1954 LVII
266 1892 282 1954 1
306 1892 348 1955 Et
372 1897 535 1956 triticum
559 1894 664 1957 condi
687 1892 845 1974 oportet]
867 1896 905 1955 At
926 1897 1061 1956 triticum
1084 1912 1120 1955 ex
1141 1897 1222 1973 prin·

120 2015 146 2058 re
165 2000 295 2063 editione
316 2010 470 2082 receptum
490 2011 561 2063 erat
587 2003 622 2063 de
639 2001 800 2063 condendis
819 2000 967 2062 fructibus
985 2001 1089 2063 eodem
1109 2002 1222 2083 ordine,

120 2104 130 2162 ἰ
158 2126 249 2188 supra
279 2127 303 2170 c.
322 2106 364 2169 49
384 2128 449 2190 sqq.
481 2109 517 2171 de
546 2108 693 2192 fructibus
726 2110 851 2170 maturis
883 2108 1034 2188 capiendis
1068 2111 1222 2171 institutus

120 2219 152 2292 tt,
176 2215 359 2296 disputatur,
382 2218 511 2296 primum
535 2217 570 2277 de
596 2219 689 2297 pratis
714 2225 742 2277 et
766 2216 939 2296 faenisiciis,
962 2215 1067 2276 deinde
1096 2216 1132 2277 de
1161 2217 1222 2278 iru-

121 2329 188 2403 nto,
213 2333 275 2384 tum
301 2323 337 2384 de
361 2325 425 2384 uvis
449 2332 480 2385 et
502 2326 608 2406 pomis,
631 2330 782 2402 postremo
806 2321 842 2383 de
866 2321 948 2382 oleis.
985 2323 1015 2382 in
1039 2341 1096 2402 qua
1120 2323 1219 2404 dispu-

120 2427 189 2490 lone
214 2448 281 2490 cunr
305 2439 372 2509 post
396 2431 561 2491 faenisicias
580 2430 616 2491 de
637 2431 785 2492 iromeuto
805 2428 958 2490 condendo
978 2429 1220 2509 praecipiendum

120 2541 168 2616 et,
191 2555 289 2616 neque
313 2545 342 2598 et
365 2556 461 2617 neque
486 2545 517 2598 et
540 2537 637 2598 locum
661 2537 757 2600 habet
803 2554 894 2616 quare
919 2534 1012 2596 deleri
1036 2536 1222 2619 particulam,

120 2655 151 2701 te
180 2662 268 2724 saepe
292 2646 322 2704 iu
346 2643 497 2706 codicibus
522 2663 624 2706 errore
648 2644 806 2706 scribentis
829 2643 926 2704 addita
950 2651 1022 2704 erat.

168 2750 331 2812 Parietes
359 2762 392 2812 et
421 2751 534 2813 soiurn
562 2772 670 2832 opere
698 2753 855 2813 tectorio
890 2761 1103 2813 marmorato
1134 2751 1220 2812 lori-

120 2857 196 2936 idi]
221 2858 429 2920 Lorieendum
452 2861 571 2940 scripsi,
596 2859 674 2939 quod
703 2861 777 2919 ratio
801 2867 831 2918 et
853 2876 925 2919 usus
951 2859 1097 2918 sermonis
1120 2866 1221 2938 postu·

120 2969 171 3045 it,
203 2966 264 3025 sive
297 2967 462 3025 accusativo
497 2984 565 3026 casu
599 2965 710 3026 dictum
739 2972 785 3025 est
813 2968 950 3041 parietes
978 2971 1007 3025 et
1034 2967 1128 3025 coliem
1159 2966 1220 3025 sive

119 3070 273 3133 ninativo:
305 3068 429 3153 113,4
456 3075 543 3133 caius
570 3076 671 3133 latero
698 3079 728 3132 et
753 3087 898 3156 summum
925 3073 1021 3144 vireis
1044 3088 1083 3130 ee
1108 3069 1221 3145 fronde

119 3176 265 3240 dicatum
289 3197 308 3239 ιι
331 3183 400 3240 sole.

168 3284 215 3346 Ex
244 3283 372 3363 argilla
401 3287 510 3345 mixto
538 3283 655 3361 acere]
688 3285 787 3345 Mrkete
815 3283 930 3361 scripsi.
976 3299 1043 3341 nam
1071 3280 1126 3342 hoc
1150 3281 1221 3361 legit

119 3393 249 3452 scianus
272 3390 295 3448 V
318 3409 345 3469 p.
368 3388 439 3473 162,
463 3388 499 3451 li
525 3394 678 3452 invenitor
701 3393 792 3451 etiem
815 3391 872 3450 doc
896 3405 971 3449 ecus
997 3390 1087 3449 huius
1110 3393 1221 3464 aceris,

119 3498 163 3557 td
191 3500 305 3560 Graeci
336 3492 505 3578 σκύβαλον
533 3500 650 3574 dieunt,
679 3501 712 3558 id
738 3505 782 3559 est
806 3503 1040 3574 porpomentum
1065 3494 1221 3570 frumenti,

121 3617 188 3667 rro
210 3623 315 3666 rerum
339 3611 525 3668 rusticorum
550 3606 605 3665 III
625 3600 716 3666 ‘aeus
738 3606 988 3666 substernendum
1004 3605 1128 3679 pellinis
1146 3620 1220 3679 per·

119 3707 276 3774 ·ientious’
302 3714 391 3784 (ocus
415 3717 445 3773 ιἰι
468 3731 544 3774 aree
568 3713 754 3785 caecutirem:
787 3714 864 3772 idem
888 3714 919 3770 ιἰι
939 3710 958 3769 I
978 3712 1120 3785 orqillem
1141 3713 1218 3770 mic-

119 3829 144 3874 n
171 3837 270 3881 acere.
316 3838 349 3879 ea
377 3821 456 3879 euim
484 3837 559 3899 quae
588 3821 665 3879 inter
693 3817 752 3878 duo
780 3816 920 3877 Varronis
950 3815 1082 3894 exempla
1110 3818 1220 3894 scripta

119 3933 232 3987 utnon
257 3934 327 3986 sunt
349 3924 498 4006 Varronis,
522 3926 573 3987 sed
597 3944 612 3986 a
636 3925 827 4005 grammatico
851 3921 956 3983 addita.

172 4030 193 4094 2
227 4031 374 4103 Quidam
406 4034 572 4112 granario
605 4030 738 4092 hahent
774 4028 838 4090 sub
872 4030 981 4089 terris
1015 4025 1220 4107 speluncas]

119 4143 143 4201 td
166 4150 253 4203 terra
277 4138 466 4200 scribendum
490 4147 566 4200 erat:
589 4135 663 4201 163
686 4140 742 4199 sub
766 4145 852 4198 terro
875 4139 929 4211 qui
950 4136 1062 4196 debent
1082 4133 1219 4209 frumen-

119 4269 142 4310 m
166 4252 198 4309 ιἰι
223 4249 260 4307 iis
282 4264 356 4322 quos
379 4254 489 4309 vocent
510 4250 604 4326 sirus,
627 4240 751 4325 145‚2
773 4246 829 4305 sub
852 4250 938 4304 terre
962 4250 1117 4318 crescunt,
1139 4239 1220 4304 1123

119 4359 135 4419 d
157 4364 245 4417 terro
268 4357 412 4417 calescant.

131 4461 238 4523 ·-...diii
263 4469 299 4522 ut
322 4464 359 4523 in
383 4459 545 4541 hispania
569 4460 741 4520 citeriore
765 4466 895 4541 puteos
918 4464 955 4517 ut
977 4457 1012 4516 in
1035 4473 1120 4536 agro
1144 4474 1215 4517 car·
