2874 4994
548 327 753 386 PRAEFATIO
1188 335 1226 388 Xl

71 500 191 567 partem
205 491 328 551 inutiles
342 509 396 551 nec
412 493 484 551 satis
502 491 605 570 dignas
620 512 695 572 quae
710 498 869 556 memoriae
885 497 1092 575 proderentur.
1122 516 1225 557 noxam

72 587 237 648 editionem
265 591 446 667 scriptorum
476 591 521 649 rei
544 593 673 651 rusticae
697 593 768 652 lecit
792 592 1007 672 Schneiderus,
1037 596 1148 672 inqua
1173 593 1224 654 Ca·

73 687 156 744 tonis
181 694 211 745 et
234 685 375 746 Varronis
398 686 468 746 iibri
496 705 563 746 cum
593 698 735 766 apparatu
760 692 864 759 critico
888 709 923 751 ex
948 690 1076 750 editione
1101 689 1224 751 Gesneri

73 787 204 862 repetito
233 793 262 843 et
290 803 359 845 cum
387 786 601 845 commentario
630 786 753 847 editoris
781 786 854 848 editi
883 797 953 849 suot
978 807 1001 848 a.
1027 784 1122 849 1794.
1169 790 1225 850 luit

72 890 174 941 autem
199 881 401 943 Schneiderus
426 884 504 943 varia
532 882 701 943 eruditione
726 892 755 944 et
778 886 903 944 scientia
926 902 1028 944 rerum
1052 886 1163 962 optime
1187 886 1222 945 ad

72 967 138 1039 eam
167 999 231 1041 rem
259 989 394 1061 paratus,
422 981 473 1041 sed
502 1000 592 1060 prava
620 981 729 1042 fiducia
757 983 1031 1060 antiquissimarum
1059 982 1223 1043 editionum

72 1080 103 1137 in
131 1096 267 1138 errorem
296 1078 436 1139 inductus
464 1098 551 1158 saepe
584 1079 791 1157 interpolatam
825 1079 981 1140 lectionem
1013 1098 1067 1158 pro
1094 1083 1221 1158 genuina

71 1175 227 1253 amplexus
247 1185 293 1236 est
312 1185 349 1254 et,
368 1175 550 1254 ubicumque
564 1195 580 1237 a
596 1176 721 1237 Gesneri
740 1176 869 1237 editione
888 1177 1036 1256 discessit,
1055 1176 1140 1255 plura
1158 1197 1222 1238 cor-

71 1276 155 1352 rupit
188 1292 275 1353 quam
310 1273 484 1335 emendavit.
530 1285 649 1353 praeter
682 1273 828 1335 editiones
861 1284 959 1335 autem
992 1276 1223 1356 antiquissimas,

71 1371 183 1450 quibus
198 1390 272 1432 usus
286 1380 341 1451 est,
355 1370 517 1450 plurimum
533 1371 639 1432 tribuit
652 1375 813 1451 excerptis,
828 1392 903 1452 quae
914 1372 1020 1433 Petrus
1031 1371 1221 1434 Crescentius

71 1468 271 1530 Bononiensis
295 1471 326 1528 in
354 1468 447 1528 libros
476 1469 619 1529 ruralium
646 1472 869 1532 commodorum
894 1473 974 1531 circa
997 1489 1107 1531 annum
1131 1472 1221 1532 mille·

71 1569 183 1628 simum
203 1568 446 1627 trecentesimum
466 1569 596 1645 scriptos
615 1585 649 1628 ex
670 1569 821 1629 veteribus
841 1567 1040 1647 scriptoribus
1058 1578 1222 1651 receperat,

70 1684 147 1743 qxrae
172 1672 239 1724 ante
264 1682 333 1724 enm
355 1663 519 1724 Pontedera
544 1673 574 1724 et
592 1664 744 1726 Gesnerus
769 1676 998 1747 usurpaveraot3
1022 1665 1073 1726 sed
1095 1668 1219 1727 maxime

72 1761 276 1823 Schneiderus
300 1780 334 1822 ea
357 1762 496 1840 adposuit
519 1769 550 1820 et
568 1761 603 1821 ad
628 1763 714 1822 fidem
739 1762 876 1824 lectionis
900 1763 1148 1842 comprobandam
1172 1764 1220 1824 ad·
1266 1769 1277 1786 ⁹

71 1858 178 1920 hibuit.
223 1859 270 1919 his
298 1877 353 1920 cur
380 1858 453 1919 nihil
481 1857 671 1920 tribuendum
704 1863 882 1941 putaverim,
915 1863 945 1920 in
974 1864 1219 1922 commentatione

69 1956 238 2016 academica
267 1957 304 2016 de
332 1956 413 2017 Petri
441 1954 478 2015 de
502 1954 683 2019 Crescentiis
712 1958 796 2019 libris
824 1958 967 2019 ruralium
997 1959 1220 2019 commodorum

69 2053 152 2114 Halis
172 2073 197 2115 a.
216 2052 300 2117 1885
319 2055 396 2114 edita
421 2056 554 2131 exposui.
593 2074 658 2115 nam
683 2059 822 2134 quoniam
846 2056 984 2117 meliores
1008 2056 1108 2136 libros,
1132 2075 1219 2135 quam

70 2151 183 2230 quibus
202 2171 256 2213 nos
275 2172 354 2214 nunc
375 2154 495 2232 utimur,
515 2150 720 2214 Crescentium
739 2173 798 2214 non
818 2154 956 2214 babuisse
971 2153 1104 2213 videbam
1123 2173 1220 2233 neque

70 2268 103 2309 ea
120 2268 196 2328 quae
211 2269 246 2310 ex
267 2253 304 2310 iis
321 2252 520 2329 exscripserat
539 2259 678 2311 accurate
697 2251 733 2311 ab
753 2271 788 2311 eo
808 2251 909 2333 relata,
928 2251 981 2311 sed
1000 2269 1088 2330 saepe
1109 2260 1219 2312 mutata
1362 2322 1365 2329 ¹

69 2356 98 2407 et
123 2346 332 2409 additamentis
355 2348 532 2427 quibusdam
556 2357 642 2408 aucta
666 2355 763 2428 erant,
791 2347 864 2408 baec
893 2367 973 2409 nune
1000 2356 1135 2426 repetere
1159 2368 1219 2408 mo·

70 2444 181 2507 lestum
209 2456 273 2507 erat
301 2455 332 2506 et
358 2445 473 2507 inutile.
519 2454 586 2525 post
615 2445 831 2506 Schneiderum
855 2445 995 2507 Varronis
1028 2445 1120 2506 libros
1150 2465 1218 2507 cum
1286 2434 1323 2517 ,’

71 2544 209 2604 versione
229 2543 436 2622 francogallica
455 2544 549 2604 edidit
568 2544 726 2605 Rousselot
744 2543 865 2605 Parisiis
884 2563 908 2606 a.
929 2541 1022 2624 1843,
1046 2562 1139 2622 aquo
1159 2562 1218 2605 non
1266 2530 1281 2627 l

68 2643 164 2720 magis
188 2659 276 2720 quarn
300 2641 336 2701 ab
358 2644 395 2702 iis
420 2644 471 2721 qui
490 2640 610 2703 Catonis
634 2650 664 2702 et
683 2640 823 2702 Varronis
846 2641 938 2701 libros
962 2643 992 2700 in
1016 2645 1218 2720 germanicum
1243 2722 1247 2727 Ι

69 2756 239 2799 sermonem
273 2738 489 2800 transtulerunt
521 2748 552 2799 et
584 2740 692 2799 additis
724 2739 962 2799 adnotationibus
995 2726 1241 2800 illustraverunt'

69 2835 117 2897 vel
140 2835 178 2896 ab
201 2836 280 2918 aliis,
308 2839 359 2916 qui
383 2837 419 2897 de
443 2836 589 2897 machinis
613 2846 642 2898 et
665 2837 807 2897 aedificiis
831 2838 952 2897 rusticis
975 2837 1051 2915 apud
1077 2837 1216 2901 Catonem
1287 2843 1291 2851 '

67 2943 98 2994 et
113 2933 276 2995 Varronem
298 2938 492 3014 scripserunt,
516 2934 687 3017 quidquam,
711 2933 789 3014 quod
815 2952 909 2994 meam
933 2952 1053 3013 operam
1077 2934 1215 2995 adiurare

66 3041 180 3111 posset,
202 3033 351 3112 prolatum
376 3051 441 3093 esse
466 3034 574 3092 inveni.

159 3130 257 3191 Novae
281 3132 420 3191 editionis
448 3132 593 3190 rationem
622 3129 693 3190 olim
720 3132 751 3189 in
775 3129 1031 3191 observationibus
1055 3128 1168 3193 criticis
1192 3150 1217 3193 a.

69 3226 157 3289 1849
182 3229 270 3289 editis
293 3228 494 3289 demonstravi
516 3237 547 3289 et
570 3228 662 3288 libros
684 3246 774 3288 manu
798 3229 934 3307 scriptos,
959 3246 1086 3307 quorum
1109 3229 1146 3290 ad
1169 3249 1216 3290 me

67 3328 175 3387 notitia
197 3338 388 3407 pervenerat,
417 3326 571 3405 descripsi.
616 3326 723 3386 deinde
748 3325 799 3386 diu
823 3327 1026 3385 intermissum
1050 3326 1126 3405 optus
1149 3339 1217 3406 post

67 3425 191 3504 longum
215 3429 358 3506 temporis
382 3426 511 3505 spatium
535 3425 633 3486 denuo
657 3425 776 3503 suscepi
800 3432 829 3483 et
853 3421 889 3483 ad
913 3423 1001 3483 linem
1024 3424 1159 3507 perduxi,
1184 3436 1217 3487 nt

67 3525 162 3602 potui.
199 3542 266 3584 nam
291 3543 339 3585 res
357 3544 373 3585 a
393 3523 503 3585 Catone
523 3533 553 3584 et
567 3522 698 3584 Varrone
722 3529 862 3583 tractatas
886 3520 1034 3602 explicare
1058 3539 1113 3584 nee
1132 3528 1215 3602 potui

72 3640 123 3681 uec
153 3621 245 3702 volui,
274 3623 326 3683 sed
354 3621 457 3702 verba,
486 3640 561 3700 quae
590 3621 733 3682 ineditis
761 3620 858 3682 adhuc
887 3620 1105 3699 exemplaribus
1134 3623 1216 3684 valde

73 3728 212 3797 corrupta
234 3716 418 3798 ferebantur,
442 3717 476 3778 ad
496 3718 585 3778 fidem
605 3721 715 3779 veteris
734 3729 764 3780 et
782 3721 928 3798 genuinae
948 3721 1114 3796 scripturae
1134 3739 1216 3781 revo-

68 3819 141 3897 cari,
166 3835 241 3896 quae
260 3819 291 3877 in
310 3816 366 3877 bac
385 3817 464 3877 vitiis
483 3815 672 3878 librariomm
692 3827 832 3897 corrupta
852 3826 937 3877 erant
956 3819 1118 3900 emendavi,
1140 3838 1215 3899 quae

65 3933 158 3993 pravo
191 3915 361 3993 corrigendi
392 3914 491 3975 studio
529 3923 670 3993 temptata
704 3922 788 3975 erant
820 3913 939 3974 delendi
972 3923 1002 3974 et
1035 3916 1215 3978 confirmavi.

64 4014 187 4073 interim
220 4011 284 4073 aliis
317 4013 427 4091 largam
459 4011 630 4091 disputandi
663 4013 815 4072 materiem
846 4011 876 4071 bi
907 4009 975 4070 libri
1004 4013 1212 4090 praebuerant.

64 4111 103 4171 de
132 4110 253 4171 Catonis
283 4109 402 4171 dicendi
434 4127 543 4188 genere
576 4108 652 4171 libro
680 4110 716 4171 de
744 4112 807 4190 agri
836 4108 952 4170 cultura
980 4129 1048 4170 cum
1078 4112 1211 4190 reliquiis

64 4218 238 4269 ceterorum
257 4207 399 4270 librorum
413 4211 788 4287 comparatoscripserunt
802 4207 969 4268 Ludovicus
984 4206 1084 4269 llietze
1098 4209 1211 4270 de'ser·

64 4325 153 4367 mone
173 4306 333 4367 Catoniano
353 4303 653 4386 Tanglimia.1870,
673 4307 742 4368 Otto
762 4305 1008 4366 Schoendoerller
1027 4307 1063 4366 de
1082 4311 1209 4386 genuina

64 4403 186 4465 Catonis
220 4404 256 4463 de
287 4403 467 4481 agricultura
498 4402 567 4464 libri
596 4405 689 4466 lorma
717 4405 896 4481 Regimoutii
924 4424 948 4465 a.
975 4402 1073 4487 1875,
1101 4405 1209 4468 Paulus
