2874 4994
355 371 485 425 RERVM
503 370 827 451 01001000101010.
847 372 872 425 ll
893 369 910 425 2
1146 362 1206 424 147

158 522 179 588 6
212 525 321 587 Extra
346 527 446 587 lusca
471 527 615 587 surdam
639 527 764 586 minam
790 524 823 584 id
849 535 903 586 est
926 532 1051 585 ventre
1070 523 1207 604 glabro]

63 633 200 694 Luscum
228 632 350 695 Merula.
394 637 428 695 id
459 641 504 696 est
530 641 634 695 uentre
659 635 768 709 010100
798 642 945 710 tamquam
973 650 1090 711 pravam
1118 633 1209 692 inter·

62 742 266 819 pretationem
299 740 393 802 deleri
424 740 516 802 voluit
545 740 745 801 Schneiderns
778 747 807 799 et
840 748 906 800 anta
937 738 1015 799 hunc
1044 738 1207 799 Pontedera

63 866 94 926 p.
113 844 191 928 421,
216 849 354 928 quoniam
378 866 453 929 quae
477 841 579 909 ventre
604 847 704 928 glabro
729 855 808 907 esset
831 849 893 906 ovis
916 864 974 907 000
1000 848 1077 905 mina
1096 845 1207 905 dicere·

63 961 132 1034 tur,
162 954 213 1014 sed
241 957 337 1035 apiea,
370 957 448 1016 sicut
475 972 563 1035 supra
595 954 706 1015 dictum
735 962 807 1014 erat.
845 952 896 1013 sed
925 952 961 1012 de
990 954 1076 1012 minis
1105 952 1209 1012 ovibus

64 1069 190 1140 praeter
213 1061 292 1122 hunc
312 1060 450 1123 Varronis
474 1061 573 1122 locum
596 1060 670 1122 nihil
693 1063 851 1121 memoriae
876 1058 1025 1140 proditum
1049 1067 1102 1119 est.
1142 1077 1207 1118 nam

62 1165 186 1229 diversa
219 1176 265 1228 est
295 1171 372 1229 mina
405 1186 529 1230 mamma
557 1171 587 1228 in
616 1169 764 1248 excerptis
792 1167 872 1228 l‘esti
899 1163 1062 1248 p.122,8
1093 1167 1207 1226 Minom

61 1277 174 1336 Aelius
201 1280 361 1337 vocitatam
390 1279 435 1335 uit
461 1292 622 1336 mammem
653 1279 782 1336 alteram
811 1279 890 1335 10010
922 1275 1123 1354 deficientem,
1158 1271 1208 1332 nbi

59 1381 230 1443 Muellerus
253 1386 364 1443 minam
388 1380 522 1443 obsoleto
547 1383 672 1461 positivo
692 1380 783 1460 gradu
809 1380 915 1440 dictam
940 1397 1005 1439 esse
1026 1387 1055 1439 et
1076 1397 1159 1439 ovem
1180 1388 1209 1439 et

57 1506 226 1551 mammam
249 1489 408 1551 adnotavit.
443 1491 473 1549 in
499 1491 617 1549 nomine
644 1488 716 1548 lusit
739 1487 859 1547 Plautus
883 1485 1003 1547 Trucul.
1024 1482 1088 1547 654
1112 1490 1210 1546 atinus

53 1600 129 1657 0010
155 1600 186 1658 in
209 1601 350 1659 crumino
373 1599 433 1658 1000
456 1601 487 1657 in
513 1599 616 1657 urbem
641 1598 743 1657 detuli.

157 1703 368 1785 Spondesne
392 1724 469 1766 cum
492 1704 525 1765 id
551 1705 683 1764 iactum
708 1710 763 1762 est
787 1710 902 1763 tamen
925 1718 1010 1780 grex
1030 1699 1207 1761 dominnm

51 1828 136 1871 non
162 1815 317 1874 mutauit
340 1814 409 1873 nisi
434 1820 488 1873 est
510 1807 798 1887 adnumeratum]
823 1810 957 1885 Spondes
980 1826 1036 1869 nec
1061 1827 1101 1889 rn,
1130 1806 1207 1886 quod

51 1919 91 1978 in
120 1919 288 2000 principem
307 1921 467 1982 editionem
487 1930 639 2000 receptum
660 1928 690 1979 et
708 1918 814 1980 deinde
835 1921 864 1978 in
884 1927 998 1978 ceteras
1017 1926 1207 1996 propagatum
1297 1977 1300 1986 ,

51 2033 141 2105 0001,
171 2028 317 2103 spondes?
349 2047 405 2090 nec
438 2046 506 2089 cnm
535 2025 567 2088 id
586 2027 705 2104 suctum
728 2035 784 2106 est,
817 2024 937 2085 notabili
971 2043 1086 2104 errore,
1119 2043 1206 2104 quem

51 2133 199 2213 primum
223 2132 363 2216 Ursinus,
391 2144 459 2215 post
481 2134 561 2195 hunc
581 2133 732 2194 Gesnerus
756 2135 893 2194 correxit.
912 2165 955 2176 —-
975 2135 1124 2192 dominnm
1148 2150 1207 2191 000

52 2245 173 2321 mutat,
196 2244 258 2302 0101
278 2246 306 2302 si
326 2246 368 2302 sit
387 2261 439 2304 aes
459 2245 691 2303 adnumeratum
716 2240 873 2301 lucundus.
912 2239 984 2299 haec
1004 2257 1120 2318 qtroqne
1141 2248 1207 2298 ante

54 2345 234 2408 Gesnerum
258 2349 403 2411 editiones
426 2360 653 2430 occupaverant.

160 2451 179 2514 'l
212 2453 320 2535 lelagis
344 2457 384 2518 ad
409 2458 586 2518 orientem
611 2475 712 2537 qnam
740 2456 780 2516 ad
810 2453 1043 2515 meridianum
1071 2459 1210 2530 tempus

56 2559 128 2621 ubi
152 2560 270 2641 stent]
298 2564 421 2641 Tempus
445 2563 648 2624 Schneiderns
671 2562 802 2643 inclusit,
826 2564 893 2642 qnia
919 2569 1035 2638 tempus
1055 2560 1153 2639 inepte
1174 2558 1209 2618 de

57 2669 189 2747 regione
213 2668 371 2732 diceretur.
409 2680 523 2749 tempus
547 2672 601 2730 011
621 2678 700 2731 stent
723 2667 849 2730 Ursinus
873 2668 1028 2728 deleverat.

158 2774 201 2836 Ut
232 2780 353 2838 000001
386 2778 494 2838 100110
527 2778 642 2856 possit
669 2754 713 2836 'ac
746 2777 831 2836 lieri
864 2792 989 2853 purum
1019 2793 1086 2834 non
1117 2775 1209 2834 enim

61 2882 183 2943 solum
207 2902 244 2944 00
269 2884 365 2963 uligo
389 2884 502 2945 lanam
527 2886 731 2964 corrumpit
750 2885 868 2943 ouium
889 2880 949 2941 sed
969 2882 1073 2941 etiarn
1099 2898 1210 2960 ungu·

61 2987 138 3065 las]
175 2991 285 3051 11000νί
316 2990 405 3051 editio
439 2992 580 3070 princeps
611 3010 626 3049 0
657 2989 799 3050 Ρο1111000
828 3006 887 3047 000
916 2996 1049 3047 correcta
1083 2996 1112 3047 et
1144 2986 1210 3047 libri

62 3096 266 3178 antiquiores,
294 3101 394 3159 enerti
423 3096 589 3177 apographa
617 3096 765 3156 ltalorum.
809 3097 883 3168 fieri
909 3095 947 3153 nh
976 3097 1068 3153 urina
1097 3111 1209 3169 porum

62 3201 234 3262 Pontedera
258 3223 285 3283 p.
309 3200 382 3265 422.
423 3203 585 3263 cavendnm
610 3221 674 3262 esse
704 3220 740 3261 ne
766 3204 849 3261 00100
874 3203 903 3259 iu
928 3197 1043 3259 stabulo
1070 3201 1212 3258 consistat

64 3309 161 3369 Varro
190 3312 333 3389 praecipit
364 3309 384 3387 ξ
408 3308 446 3371 19
476 3318 506 3370 et
535 3312 701 3370 accuratius
729 3305 888 3369 Columella
912 3304 960 3364 Vll
984 3302 1061 3385 4,5
1090 3307 1211 3365 stabulo

64 3434 141 3478 vero
162 3416 341 3493 frequenter
365 3422 536 3479 everrenda
569 3426 597 3478 01
617 3419 783 3494 perpendo
810 3429 956 3489 00100000
984 3417 1078 3474 omm's
1101 3416 1212 3473 minae

65 3527 286 3600 deverrendus,
305 3529 359 3600 qni
376 3528 611 3586 commodissime
631 3528 768 3584 01000100
783 3520 952 3599 perforatis
967 3523 1085 3600 lucedis,
1103 3522 1211 3595 quidm

65 3635 162 3692 001110
185 3639 429 3705 consternuntur,
454 3640 487 3692 01
508 3649 590 3706 prex
613 3632 803 3712 0000000101.
841 3628 877 3688 de
898 3626 999 3687 eadem
1019 3646 1050 3687 00
1071 3627 1127 3687 hoc
1147 3626 1210 3686 loco

66 3738 151 3818 uligo
179 3739 296 3799 dicitur.
334 3757 425 3818 qnare
461 3757 497 3799 00
531 3737 632 3798 delevi.
675 3737 752 3797 idem
786 3733 959 3795 vocabulum
992 3737 1022 3795 in
1053 3734 1212 3814 archetypo

64 3844 202 3906 additum
227 3855 290 3906 erat
314 3843 453 3927 114,13.

161 3951 180 4015 8
214 3951 390 4013 Subicere
424 3961 567 4032 oportet
601 3950 760 4012 uircnlta
794 3946 875 4024 alia]
918 3947 1055 4022 Virpolto
1088 3952 1117 4004 et
1149 3950 1211 4005 0110

64 4060 230 4122 Iucundus.
268 4069 397 4120 veterem
421 4060 599 4138 scripturam
624 4057 773 4118 Victorius
797 4056 937 4114 restituit.
975 4056 1120 4132 nirpaaltu,
1149 4055 1212 4112 ulia

62 4167 114 4229 nel
135 4171 267 4242 nirpulta
282 4170 345 4226 0110
360 4164 523 4245 Nettlesnip
539 4165 632 4224 annal.
653 4163 750 4243 philol.
769 4159 934 4238 Cantabrig.
951 4179 975 4220 a.
994 4156 1077 4221 1877
1094 4178 1121 4238 p.
1139 4156 1209 4219 174.

66 4274 252 4336 detrahenda
281 4291 345 4333 esse
375 4278 473 4332 vetera
503 4270 642 4350 virgulta,
676 4273 705 4330 in
735 4269 842 4350 quilius
873 4286 943 4326 oves
971 4266 1092 4345 cubant,
1126 4275 1155 4326 et
1182 4267 1212 4326 in

66 4400 175 4444 eornm
199 4380 295 4440 100000
320 4376 492 4439 subicienda
516 4377 569 4437 0110
594 4395 648 4457 per
671 4395 703 4436 se
728 4376 918 4455 intellegitur.

162 4487 268 4566 Septa
285 4495 424 4546 secreta
444 4483 485 4545 ah
500 4484 581 4544 aliis
596 4503 664 4563 qno
680 4485 872 4544 inicientis
888 4480 1076 4542 secludere
1093 4481 1213 4558 possis

948 4580 1002 4637 10*
