2874 4994
288 338 337 394 DE
355 339 446 395 aaut
465 339 638 395 GVLTVRA
656 339 797 395 LIBRVM
817 336 1038 397 (1.155-156
1178 331 1239 395 169

82 501 223 576 apparet
239 501 336 556 autem
355 494 428 557 haee
447 494 545 577 verba,
562 495 670 575 3311333
684 504 891 574 argumentum
905 515 1008 557 rerum
1022 516 1096 576 3333
1111 503 1238 556 1333133-

85 609 132 662 133
149 601 328 662 indicatum
348 612 402 683 331,
424 606 462 665 dc
481 606 621 665 brassica
639 606 722 678 quod
739 608 907 679 concoquit,
927 604 961 663 ad
982 606 1107 683 primam
1126 613 1239 682 partem

80 718 334 790 praeceptorum,
358 712 497 772 brassica
521 719 565 771 est
584 745 624 753 —
646 712 787 786 bibesque
805 719 951 786 quantum
969 716 1057 788 voles,
1080 714 1240 794 pertinere,

88 831 142 874 333
161 814 220 875 ad
242 834 274 877 33
298 834 373 896 3333
397 817 504 878 deinde
528 817 564 878 de
588 817 651 877 alvo
675 818 816 879 movenda
841 827 871 879 et
895 819 931 879 de
954 818 1132 880 torminibus
1156 820 1240 880 etde

89 918 141 980 ibis
168 922 293 1002 quibus
320 941 408 1003 aegre
432 923 537 985 lotium
560 927 584 985 it
607 927 717 1003 scripta
741 933 819 986 3331.
866 926 912 986 bis
936 926 1070 987 subiecta
1094 926 1241 987 33313113

89 1034 117 1087 31
140 1028 293 1092 uberiora
316 1038 474 1110 praecepta
499 1032 535 1091 de
559 1030 697 1110 brassica,
724 1027 833 1111 157,1
855 1036 1042 1110 principium
1066 1043 1095 1096 te
1118 1053 1241 1109 capnos·

86 1150 152 1195 cere
183 1148 309 1216 oportet
335 1172 368 1181 -
400 1137 439 1200 11
464 1143 581 1200 circum
605 1143 779 1200 vestimenta
803 1158 868 1201 eam
892 1144 973 1204 dato.
1018 1143 1053 1202 ad
1077 1142 1150 1202 haee
1174 1160 1237 1222 por-

85 1241 189 1304 tinent
221 1245 278 1325 1113,
308 1265 384 1324 3333
408 1248 438 1306 13
463 1265 550 1307 manu
574 1249 694 1326 seriptis
717 1245 802 1307 libris
826 1266 885 1307 333
910 1248 1046 1309 rubricae
1070 1249 1135 1309 loeo
1159 1269 1241 1328 prae·

81 1350 221 1433 3331313,
243 1352 293 1415 sed
317 1354 348 1413 in
372 1355 437 1432 ipso
461 1360 601 1414 contextu
626 1353 783 1414 verborum
807 1356 903 1432 posita
927 1358 1078 1435 3333113
1102 1359 1241 1418 brassica

73 1457 289 1535 pythagorea
308 1464 384 1536 quid
401 1465 431 1521 in
451 1480 488 1522 ea
508 1463 579 1522 boni
595 1465 635 1522 sit
652 1465 910 1538 salubritatisque.
948 1462 1128 1542 Pythagoras
1143 1472 1241 1523 331333

76 1575 136 1619 333
160 1584 245 1629 cum
263 1567 373 1630 Catone
393 1570 423 1628 in
443 1570 480 1628 iis
499 1570 550 1647 qui
570 1567 731 1629 brassicam
750 1568 975 1630 celebraverunt
994 1589 1009 1630 a
1025 1570 1119 1630 Plinio
1136 1569 1241 1633 111178

71 1669 272 1742 appellatur.
319 1675 387 1734 inde
411 1674 625 1754 Pythagoream
653 1676 767 1736 dixerat
793 1679 928 1738 isarnus
951 1685 1110 1756 333333313
1134 1679 1163 1737 13
1188 1677 1242 1737 1333

53 1859 58 1869 Ι
68 1784 171 1845 33313
213 1781 282 1842 Cato
316 1782 438 1843 rettulit.
489 1783 617 1862 denique
648 1782 684 1843 ab
713 1782 759 1843 bis
788 1785 902 1845 diversa
931 1794 1001 1845 sunt
1029 1804 1075 1866 33,
1109 1804 1183 1864 3333
1212 1786 1241 1845 13

67 1867 232 1950 eitrema
253 1896 338 1968 parte
363 1886 568 1969 157,12333.
592 1889 628 1951 de
653 1890 782 1951 brassica
807 1894 931 1953 erratica
956 1894 1066 1972 scripta
1091 1901 1169 1952 sunt.

179 1996 314 2057 Aluum
338 1995 462 2057 bonam
487 1998 574 2058 iaeit
598 1996 796 2078 loliumque
820 2000 859 2059 ad
881 2018 1001 2060 omnes
1021 1999 1243 2060 3333313533

62 2088 145 2176 est]
196 2103 238 2164 De
266 2102 438 2164 salubritate
466 2103 530 2164 lotii
558 2122 660 2164 eorum
689 2107 740 2184 qui
764 2105 926 2166 brassicam
950 2103 1243 2186 31133331333131333

61 2205 114 2257 331
153 2207 206 2270 in
232 2214 398 2290 posteriore
426 2217 509 2290 33313
538 2219 765 2289 praeceptorum
796 2208 937 2290 157,10.
983 2212 1019 2271 ad
1047 2213 1120 2274 13333
1149 2233 1185 2274 ue
1210 2234 1243 2274 33

60 2321 158 2380 ‘luae
183 2316 326 2380 13331333
341 2321 450 2399 3331313
465 2325 535 2379 3331
550 2319 743 2399 33133333133,
758 2327 869 2379 mutata
884 2319 1043 2380 verborum
1053 2320 1243 2381 distinetione
1347 2366 1352 2379 .

61 2427 264 2488 cavendum
288 2428 402 2506 putavit
424 2425 594 2486 Eussnerus
617 2445 646 2505 p.
665 2422 744 2506 301,
773 2431 872 2486 aluum
896 2429 1004 2488 bonam
1024 2425 1105 2502 sacit
1128 2431 1242 2488 totitem-

60 2534 146 2598 que,
190 2537 235 2594 ad
255 2552 358 2595 omnes
380 2552 430 2594 res
452 2535 576 2594 salubre
599 2541 651 2608 331,
674 2532 702 2592 b.
726 2552 751 2593 3.
776 2532 907 2593 brassica
930 2532 1058 2594 salubris
1081 2541 1134 2594 est.
1177 2554 1244 2595 nam
1272 2612 1276 2617 .

60 2621 103 2681 de
137 2630 293 2702 brassica
316 2642 354 2700 iis
378 2639 486 2720 quibus
510 2640 614 2700 lotium
638 2657 725 2718 aegre
748 2643 771 2701 it
795 2640 889 2702 danda
908 2640 1124 2719 praescribitur
1143 2626 1272 2721 posteat

60 2727 81 2804 5
109 2732 154 2801 7·
208 2748 500 2809 animadvertendum
523 2750 623 2827 potius
647 2756 710 2808 erat
734 2767 767 2808 33
792 2767 866 2827 3333
891 2748 926 2808 do
950 2748 1006 2809 hoc
1030 2750 1244 2810 medicamento

60 2836 102 2896 ³1¹
148 2858 262 2917 varios
287 2855 406 2916 morbos
430 2855 595 2916 adhibendo
619 2856 696 2916 13133
720 2857 829 2934 3331313
854 2865 925 2916 3331
948 2856 1003 2917 1333
1027 2855 1091 2917 1333
1115 2856 1245 2917 53331133

59 2942 269 3025 signinum.

192 3069 211 3131 2
230 3070 358 3131 Postea
372 3070 477 3130 311333
492 3072 642 3131 31313113
658 3089 734 3130 eum
750 3090 837 3150 3333
854 3071 913 3131 3131
928 3072 1087 3149 33313131
1103 3073 1245 3135 1333333

59 3172 287 3259 Paulisper
320 3178 495 3239 dimittito
530 3197 633 3238 unum
666 3176 882 3257 manipulum
916 3178 1059 3238 1333333
1092 3179 1247 3239 desistet

58 3276 225 3346 P⁰stea
253 3286 314 3347 ubi
342 3288 500 3366 occipiat
527 3285 884 3364 1333333333113333
907 3286 1088 3346 (1333111113
1112 3287 1152 3346 ad
1177 3305 1245 3348 mo·

57 3364 180 3449 dum
210 3393 288 3454 dum
316 3396 473 3474 3313333
498 3412 662 3454 numeres
686 3389 938 3453 eximito'item
963 3393 1070 3454 133113
1094 3393 1245 3454 alterum

54 3489 321 3579 manipqum
352 3503 437 3561 item
471 3494 632 3581 tertium]
661 3503 823 3578 Paulisper
855 3504 1000 3563 demittito
1033 3519 1125 3561 unum
1152 3504 1245 3561 maai·

50 3595 214 3668 pulum.
256 3607 382 3685 [emere
405 3611 533 3670 desistet.
576 3615 681 3685 333133
705 3612 834 3685 33313131
855 3607 991 3680 feruere:
1014 3612 1173 3686 paulisper
1196 3611 1245 3669 de·

51 3697 212 3777 mittito
234 3734 329 3792 usque
352 3719 513 3778 admodum
536 3719 607 3777 dum
629 3716 655 3774 V
674 3734 821 3777 numeres.
867 3725 929 3776 tum
953 3719 1075 3777 eximito
1100 3732 1163 3795 sqq.
1187 3714 1246 3775 113-

50 3800 181 3896 sula,
197 3827 353 3900 paulisper
372 3825 511 3885 dimittito
530 3842 622 3885 unum
636 3827 831 3904 manipulum,
847 3823 971 3900 seruere
985 3826 1114 3884 desistet.
1141 3831 1248 3899 333133

49 3904 131 3971 “b‘'
184 3934 290 3992 iterum
313 3935 443 4008 occipiat
462 3931 599 4008 1333333,
623 3935 782 4009 paulisper
806 3933 945 3991 dimittito
968 3948 1064 4005 usquc
1086 3932 1247 3991 admodum

49 4007 179 4093 dum
210 4042 368 4115 quinquies
399 4041 532 4115 quiaque
563 4056 711 4101 numeres.
761 4045 824 4097 tum
855 4040 991 4117 eximito,
1025 4043 1054 4098 el
1081 4039 1126 4095 ita
1149 4033 1248 4111 facito

50 4122 236 4208 “lterum
262 4150 461 4224 manipulum,
494 4152 524 4208 31
550 4149 619 4208 dem
647 4149 769 4207 latium
796 4143 956 4205 iucundus.
1007 4143 1166 4225 demittite,
1193 4160 1248 4223 pro

53 4235 155 4299 (1Πο
191 4256 288 4332 pn‘ore
312 4254 376 4315 1333
399 4256 431 4315 13
450 4252 609 4334 archetypo
629 4255 768 4314 dimittito
786 4253 931 4331 scriptum
951 4259 1024 4333 3331,
1047 4248 1249 4312 Schneiderus

56 4340 233 4440 ¹¹¹¹⁸0que
257 4361 322 4422 loeo
346 4379 381 4421 ex
405 4361 540 4440 principe
560 4360 689 4420 editione
708 4360 852 4439 restituit3
876 4360 907 4418 in
925 4356 1049 4437 reliquis
1068 4375 1158 4420 manu
1177 4360 1248 4419 seri-

60 4446 227 4532 mul'um
240 4468 385 4531 librorum
398 4467 557 4531 lectionem
571 4465 701 4529 exhibui
731 4474 887 4545 praeterea
900 4465 1070 4528 coniunctio
1080 4464 1248 4546 verborum,
