2874 4994
345 339 475 396 RERVM
493 338 731 394 RVSTICARVM
749 339 816 394 LlB.
836 339 860 392 Il
882 337 920 393 11
1136 330 1199 394 217

53 500 202 560 vocabulo
229 515 402 579 mammam,
425 515 446 557 o
469 513 528 571 quo
550 497 689 556 sudromi
711 498 801 556 etiem
825 512 907 555 onoc
930 497 1076 555 dicontur
1099 489 1198 569 ogni'.

54 607 128 667 item
152 608 248 665 rumis
265 603 343 664 Fest.
362 623 391 684 p.
411 600 485 684 306,
504 600 547 665 32
571 604 757 663 Sudrumori
779 605 924 663 dicuntur
946 605 1047 676 hoedi,
1071 604 1201 663 eumad

54 730 216 774 mammam
234 715 442 786 admoventur,
461 713 534 786 quic
550 728 594 770 <eo
617 712 713 769 rumis
736 711 903 770 vocabatur
922 713 970 770 vei
985 712 1057 785 quio
1081 711 1200 769 rumine

55 821 187 879 trahem
207 822 287 879 lecte
309 825 449 892 sugentes
472 825 502 876 el
525 815 598 876 Plin.
618 814 667 874 XV
688 812 728 875 ti
760 819 832 892 lupo
857 815 1024 892 insontibus
1048 816 1200 891 praebens

54 929 177 1006 rumim,
201 929 244 986 ito
268 927 417 987 vocabant
440 941 606 985 mammem.
651 929 813 1001 utrumque
837 925 935 984 estin
963 921 1069 1001 glossis
1096 920 1198 981 latino·

54 1034 172 1113 graecis
204 1051 227 1093 v.
246 1031 272 1092 ll
295 1052 323 1112 p.
346 1028 456 1114 list
481 1040 511 1091 et
536 1027 585 1091 11.
631 1037 734 1090 contra
762 1048 882 1105 rumen,
910 1048 926 1089 a
953 1048 1012 1109 qno
1040 1031 1200 1089 ruminare

55 1133 249 1218 dictumest,
272 1139 345 1201 Non.
365 1159 392 1220 p.
415 1136 524 1218 18,11
550 1139 668 1200 Remea
693 1140 808 1198 dicitur
831 1142 915 1199 locos
942 1141 973 1198 in
1000 1145 1117 1210 ventre,
1141 1154 1199 1212 qno

54 1250 145 1309 dhus
167 1252 297 1308 sumitur
319 1256 349 1309 et
371 1249 452 1309 uode
470 1249 619 1327 redditur,
638 1248 719 1306 unde
742 1252 772 1306 et
794 1248 953 1305 ruminare
975 1248 1099 1319 dicitur,
1119 1243 1198 1304 Paul.

55 1373 121 1416 exc.
145 1354 224 1415 Fosi.
247 1373 274 1434 p.
293 1352 368 1436 271,
387 1351 408 1414 6
432 1355 549 1415 Romen
574 1362 713 1430 estpars
736 1355 818 1426 colii,
842 1370 902 1427 quo
930 1371 1001 1414 esca
1026 1355 1200 1426 devoratur,

57 1464 141 1523 code
155 1479 280 1524 rumore
295 1463 464 1535 dicebatur,
479 1463 561 1535 quod
574 1463 837 1539 concretionem,
852 1458 890 1520 ih.
906 1478 933 1538 p.
943 1455 973 1539 9,
985 1455 1034 1531 14,
1049 1461 1079 1518 in
1094 1457 1200 1538 glossis

58 1567 262 1648 Amplonianis
299 1569 375 1647 apud
414 1567 564 1628 Loesium
598 1565 748 1646 prodrom.
781 1565 868 1644 gloss.
901 1585 928 1646 p.
951 1562 1012 1627 136
1046 1575 1075 1626 et
1111 1564 1198 1644 gloss.

54 1677 169 1736 nomin.
190 1695 218 1755 p.
239 1671 314 1755 140,
336 1673 440 1735 lsidor.
459 1676 531 1753 orig.
551 1672 590 1732 xl
611 1671 640 1755 1,
658 1669 710 1734 59.
748 1673 802 1732 hoc
827 1673 862 1734 de
886 1690 1011 1734 mamma
1035 1690 1050 1732 a
1070 1672 1200 1732 Varrone

53 1782 172 1844 dictum
195 1801 261 1843 esse
285 1781 466 1843 credendum
489 1799 549 1841 non
573 1789 637 1840 erat
662 1780 886 1860 interpretibus.
932 1783 1031 1860 itaque
1055 1783 1084 1841 in
1110 1782 1202 1859 scrip-

54 1900 123 1952 tura
147 1889 300 1970 archetypi
324 1888 413 1949 verha
441 1887 517 1949 hand
548 1886 638 1949 dubie
667 1896 807 1968 corrupta
837 1891 903 1949 siue
926 1892 1097 1962 ruminare,
1127 1906 1201 1967 quae

54 2016 93 2058 ex
118 1999 156 2059 iis
180 2016 254 2077 qnae
278 2015 367 2077 supra
391 1998 501 2076 scripta
525 2004 610 2056 erant
634 1999 722 2056 divae
741 1996 893 2056 Ruminae
916 1995 1053 2056 videntur
1078 1997 1201 2074 repetita

54 2123 134 2186 esse,
158 2103 260 2186 delevi,
284 2104 399 2183 reliqua
422 2105 453 2163 in
477 2102 556 2164 hunc
579 2103 699 2163 modum
719 2103 833 2182 retiari,
852 2121 981 2163 mommo
1000 2107 1078 2164 enirn
1097 2107 1201 2175 rorois,

55 2220 90 2274 ut
114 2220 187 2273 cote
210 2212 366 2272 dicebant:
396 2230 416 2271 c
444 2214 526 2271 rumi
554 2213 645 2272 etiam
672 2228 755 2271 nunc
783 2214 929 2271 dicontur
955 2212 1094 2270 subrumi
1119 2213 1201 2290 egoi,

56 2323 208 2380 iactantes
232 2337 251 2378 a
274 2322 362 2379 tacte.
857 2390 860 2395 ¹

150 2422 170 2486 6
202 2425 274 2497 Qua
307 2426 427 2504 spargi
464 2423 583 2485 solent
620 2423 714 2484 sales
751 2424 878 2485 rnelior
916 2422 1063 2485 fossiles
1100 2442 1201 2504 quam

57 2531 233 2610 nicrinus]
262 2534 320 2606 Qui
343 2536 468 2610 aspergi
488 2535 584 2593 soient
605 2537 698 2593 seles:
728 2536 833 2594 melior
856 2539 871 2592 i
893 2531 1005 2608 fossilis
1027 2550 1117 2608 prtem
1141 2550 1201 2592 mo·

57 2642 147 2700 rinus
174 2638 293 2700 Merula.
340 2645 356 2699 i
384 2639 547 2700 Politianus
582 2657 640 2698 non
668 2639 789 2720 delevit;
818 2639 869 2699 sed
897 2641 927 2700 in
956 2639 1130 2719 apographis
1159 2647 1203 2700 est

58 2765 118 2807 non
143 2745 259 2825 legitor.
304 2750 378 2822 potio
401 2751 527 2824 aspergi
546 2751 643 2808 soient
664 2750 757 2820 seles,
781 2750 887 2808 melior
906 2747 1019 2822 fossilis
1042 2746 1201 2807 lncundns.

58 2858 114 2930 qui
135 2856 272 2931 inspergi
292 2858 387 2915 solent
410 2852 544 2914 Ursinus.
586 2872 641 2933 pro
665 2853 721 2913 hoc
744 2857 798 2929 qui
819 2857 947 2930 aspargi
968 2858 1064 2915 solent
1087 2855 1202 2934 scripsi,

59 2961 88 3021 h.
108 2979 133 3020 e.
159 2979 193 3020 ex
217 2963 254 3021 iis
277 2959 401 3042 salibus,
434 2963 485 3040 qni
518 2960 586 3021 lacti
614 2962 730 3040 aspargi
758 2960 866 3042 solent,
891 2960 999 3021 fossilis
1027 2959 1068 3018 sal
1097 2958 1203 3020 melior

59 3085 148 3146 quam
173 3069 318 3130 marinus:
348 3086 471 3148 geopon.
496 3065 587 3127 XVlll
607 3065 696 3148 19‚2
718 3060 773 3127 καὶ
797 3057 874 3139 ἅλες
897 3060 934 3127 δὲ
957 3060 1099 3147 φρυκτοὶ
1123 3060 1201 3146 crie-

60 3185 159 3235 σοοσι
182 3166 268 3253 μάλα
297 3168 352 3235 καὶ
376 3172 478 3254 συκῆς
507 3165 589 3248 ὀπὸς
616 3168 670 3234 καὶ
699 3164 738 3232 τὰ
767 3163 876 3233 ἁπαλὰ
904 3164 1005 3252 αὐτῆς
1032 3173 1157 3234 κλωνία
1182 3162 1201 3253 ἢ

60 3271 181 3361 φύλλα.

152 3385 170 3448 i
204 3387 332 3450 Eadem
360 3409 397 3450 re
426 3385 685 3469 perinungnnl]
711 3389 892 3463 Peroogunt
914 3386 991 3447 edita
1015 3395 1082 3447 ante
1106 3386 1202 3448 Victo-

61 3497 140 3556 riam
165 3497 351 3578 exemplaria,
370 3501 581 3575 perierandum
605 3515 641 3556 ox
665 3494 766 3556 codice
791 3494 871 3555 dedit
894 3494 1051 3556 Victorius.

151 3600 172 3664 9
206 3603 288 3665 Cum
312 3604 387 3665 sole
412 3602 586 3664 calidiore
610 3613 712 3664 tonsa
736 3620 776 3662 ox
800 3601 932 3662 sudore
957 3603 1033 3663 eius
1058 3603 1135 3663 lana
1160 3602 1203 3664 iit

62 3708 217 3790 mollior]
247 3713 395 3785 Quoniam
418 3715 479 3773 sole
498 3711 575 3771 edita
599 3711 668 3771 inde
687 3708 723 3769 ah
743 3709 845 3770 Aldina
869 3707 997 3770 editione
1017 3710 1202 3789 exemplaria.

60 3835 102 3878 ex
134 3820 247 3879 sudore
279 3821 341 3879 ovis
373 3819 501 3878 coniecit
528 3817 692 3898 Gesnerus,
725 3815 802 3894 quod
833 3814 1032 3877 Schneiderus
1060 3816 1202 3895 probavit.

60 3925 200 3985 restituta
224 3922 350 3985 lectione
379 3924 530 4004 archetypi
554 3941 621 3984 vera
652 3921 809 3983 verborum
838 3924 1012 4001 compositio
1043 3923 1125 3982 lacile
1155 3944 1202 4002 ap-

59 4039 156 4112 paret,
179 4049 248 4092 curn
270 4035 332 4093 sole
355 4035 503 4093 calidiore
526 4039 621 4105 tonso,
641 4049 680 4092 ex
703 4034 815 4091 sudore
837 4033 903 4091 eius
925 4034 998 4091 leno
1018 4033 1055 4103 fii
1077 4034 1202 4090 mollior.

59 4147 136 4218 tum,
159 4156 227 4198 cnrn
251 4141 314 4199 ovis
337 4138 475 4199 calidiore
500 4137 560 4200 sole
584 4148 668 4199 tonsa
693 4147 747 4219 est,
766 4155 800 4197 ex
826 4123 934 4198 sudore
959 4139 1025 4197 eius
1048 4136 1112 4197 lana
1132 4136 1202 4196 mol·

58 4248 119 4309 lior
148 4247 188 4307 lit.
233 4246 335 4307 eadem
366 4249 590 4327 praecipiuntur
623 4248 651 4306 in
684 4247 854 4325 geoponicis
883 4243 974 4304 XVlll
994 4243 1024 4327 8,
1042 4242 1203 4325 tappete

59 4347 100 4416 δὲ
125 4345 187 4434 χρὴ
220 4345 310 4427 ὅπως
337 4339 374 4416 εὖ
402 4349 598 4434 μεμαγμένο
619 4344 698 4434 μετὰ
727 4343 861 4431 πρώτην
890 4343 997 4432 ὥραν,
1024 4342 1204 4431 ἆνεξηραμ-

58 4457 165 4545 μένης
196 4464 254 4540 τῆς
282 4456 318 4522 ἐν
350 4468 418 4534 τοῖς
448 4456 550 4541 ἐρίοις
580 4451 635 4520 διὰ
667 4450 787 4532 νυκτὸς
820 4450 1037 4538 ἐπιπεσούσης
1069 4453 1204 4538 δρόσου,
