2874 4994
146 326 190 391 94
490 336 681 392 COMMENT.
702 337 741 390 ΙΝ
760 335 949 391 VARRONIS

147 493 177 549 in
202 507 236 550 eo
261 508 328 551 ctum
353 490 443 551 verbo
467 494 555 551 nosci
577 493 818 572 coniungeretur,
841 493 982 565 inomni
1004 493 1035 550 in
1054 492 1147 552 medio
1161 492 1243 551 roim

146 600 250 672 alimen
282 601 413 659 moterin
444 601 483 658 sit
516 601 660 675 deporto,
688 605 802 673 nepum
829 605 1000 676 serpentem
1028 599 1124 659 onem.
1160 600 1246 658 mult

145 707 242 764 medio
265 722 319 783 per
343 723 374 764 se
399 706 529 783 positum
554 713 609 785 est,
632 704 669 765 de
693 723 752 784 quo
776 703 841 772 dixi,
862 702 875 764 1
895 701 924 782 8,
944 702 975 767 4.

233 810 379 872 XXXle
407 811 566 871 Sationis
585 819 702 872 atatem
721 810 855 891 gradus
874 809 1061 872 secundus
1080 808 1251 871 hauebaltt

62 950 66 965 ·
146 924 308 977 naturam
332 919 371 978 ad
395 917 488 998 quod
520 926 660 1002 tempus
689 920 865 997 cuiusque
894 918 1044 978 seminis
1071 924 1149 996 apta
1172 916 1251 978 situl

145 1023 350 1102 serendum]
376 1024 417 1085 lta
441 1024 528 1105 haec,
552 1027 630 1085 sicut
653 1026 682 1084 iu
707 1025 940 1103 manuscriptis
967 1022 1053 1085 libris
1082 1024 1186 1103 scripta
1203 1030 1254 1103 nt

145 1131 174 1190 in
200 1131 287 1191 editis
312 1130 529 1210 exemplaribus
554 1130 734 1191 serebantur.
780 1149 878 1210 neque
904 1139 1005 1191 tamen
1029 1132 1200 1192 sententiam
1216 1146 1254 1191 ur·

145 1236 251 1298 borum
271 1256 287 1297 a
306 1256 454 1317 quoquam
474 1237 559 1298 video
578 1237 752 1317 explicatam
772 1256 847 1298 esse.
871 1240 901 1298 in
921 1236 1055 1298 mcuodo
1075 1246 1173 1299 autem
1187 1236 1256 1318 palu

144 1345 195 1422 qui
224 1351 270 1403 est
298 1346 435 1421 sationis,
464 1362 531 1404 curm
561 1352 592 1404 et
620 1344 655 1404 dc
684 1343 845 1423 generibus
868 1344 1016 1405 seminum
1040 1351 1072 1406 et
1101 1342 1139 1405 de
1159 1350 1257 1423 tempe
1301 1390 1304 1427 ,

145 1449 270 1529 locoque
295 1468 354 1529 quio
383 1450 508 1511 serenda
537 1459 607 1511 scrut
635 1450 846 1530 disputandum
870 1453 924 1531 sit,
948 1451 1027 1512 sicut
1049 1460 1153 1531 postet
1174 1450 1258 1527 dicim,

144 1557 173 1614 in
206 1558 310 1635 primis
340 1565 474 1618 naturam
503 1557 648 1636 cuiusque
682 1557 805 1618 seminis
835 1559 866 1618 in
898 1555 953 1617 bac
986 1564 1073 1636 parte
1107 1555 1260 1638 spectaui·

142 1679 209 1722 esse
238 1672 369 1743 apparet.
415 1680 451 1722 ex
481 1664 569 1722 variis
596 1663 688 1741 igitur
716 1661 987 1742 emendationibus,
1016 1660 1128 1741 quibus
1156 1662 1190 1723 ad
1213 1662 1261 1723 bear

145 1771 288 1829 rationem
322 1767 411 1829 verba
448 1768 666 1829 accommodari
703 1778 853 1850 poterant,
887 1767 1015 1848 praetuli
1046 1768 1140 1851 banc,
1168 1772 1261 1830 sorbuit

143 1884 242 1937 mittem
273 1878 392 1951 prades
420 1878 572 1937 secundus
599 1878 677 1937 boec
708 1878 815 1937 babet:
846 1883 961 1936 recture
993 1878 1037 1936 ad
1068 1880 1152 1951 qnod
1179 1886 1261 1953 remo

144 1987 291 2058 cuiusque
313 1986 434 2043 seminis
457 1991 530 2060 opto
552 1987 591 2043 sit
615 1986 658 2043 ed
678 1986 849 2045 serendum.
896 1999 963 2043 uam
987 1984 1120 2062 genetivi
1148 1987 1260 2057 (stimme

142 2094 265 2151 seminis
287 2109 303 2151 a
328 2108 381 2151 suo
406 2093 526 2151 nomine
546 2092 731 2170 interpositis
750 2089 849 2150 verbis
869 2092 912 2149 od
929 2092 1012 2164 quod
1028 2096 1146 2168 tempus·
1165 2089 1260 2170 seponi

143 2205 226 2278 saint,
250 2199 328 2258 sicut
351 2195 440 2278 1112,
464 2194 503 2258 15
527 2206 561 2259 ut
588 2202 751 2273 serapium
778 2201 862 2258 milio
890 2215 928 2258 eo
952 2216 1030 2274 pars
1060 2199 1260 2259 reddiderim

144 2322 225 2364 antro
249 2307 346 2365 oiiloe.
392 2303 499 2365 similia
523 2306 612 2365 etiam
636 2303 709 2365 haec
733 2301 942 2384 sunt,14,3
972 2307 1004 2364 iu
1028 2307 1184 2381 pestilenti
1203 2307 1260 2364 mlo

143 2414 231 2470 mites
254 2396 390 2486 quamuis
414 2414 445 2471 iu
465 2410 571 2486 feroci
593 2430 680 2486 apro,
704 2407 833 2491 1115‚t
858 2413 896 2472 de
919 2413 970 2471 illo
987 2428 1105 2485 periere
1122 2419 1188 2471 sunt
1202 2411 1261 2470 mli

145 2520 328 2591 ttdeentieim
362 2514 494 2597 1116,6
527 2520 610 2592 quod
636 2521 737 2594 potius
767 2516 887 2592 sectum
919 2524 981 2577 tum
1017 2520 1173 2578 luxuriosi
1196 2533 1257 2592 qum

147 2626 247 2684 seueri
269 2625 341 2683 boni
362 2626 423 2683 viri
445 2626 622 2684 tondebant.
659 2623 714 2684 alia
737 2623 886 2685 liberioris
906 2622 1069 2684 verborum
1092 2622 1256 2685 collocationis

147 2729 280 2809 exempla
299 2729 366 2790 dedi
390 2727 469 2809 120,
483 2728 513 2791 5.
542 2738 644 2791 contra
664 2730 853 2791 librariorum
872 2732 944 2791 vitio
967 2729 1069 2792 tribuo
1087 2749 1162 2810 quae
1182 2726 1254 2792 deiude

144 2837 174 2895 in
198 2835 350 2896 codicibus
374 2838 484 2915 scripta
508 2845 579 2897 stunt
601 2838 645 2897 nd
665 2839 748 2911 quod
775 2854 914 2912 quaeque
937 2843 1054 2914 tempus
1076 2855 1127 2898 res
1145 2835 1279 2913 fartim·

144 2952 278 3017 crescet,
302 2961 377 3022 quae
405 2953 501 3023 recte,
526 2952 559 3003 ut
586 2943 716 3024 videtur,
738 2941 891 3004 iucundus
918 2946 1120 3024 transposuit,
1142 2946 1183 3005 nd
1200 2939 1252 3018 mod

143 3058 259 3126 tempus
294 3068 433 3125 qrtoeqne
469 3070 519 3111 res
552 3049 701 3125 facillime
737 3060 866 3113 creseat.
916 3050 1027 3112 ibidem
1064 3053 1096 3112 iu
1132 3049 1249 3126 arebetpt

139 3155 318 3231 [mitissime
351 3156 467 3218 videtur
499 3159 643 3236 scriptum
673 3158 779 3238 luisse,
807 3167 909 3236 postea
937 3166 1108 3219 correctum
1135 3157 1248 3234 soeilbm

148 3281 214 3322 uam
243 3263 423 3339 foedissime
455 3262 565 3325 habent
593 3264 615 3324 B
644 3274 674 3325 et
702 3265 892 3327 Florentinus
919 3264 1026 3345 codex,
1047 3261 1248 3341 fecilitssineb

47 3437 53 3448 ,
142 3366 289 3445 facillime
313 3369 402 3430 editio
427 3373 566 3450 princeps
591 3390 607 3431 a
631 3371 775 3433 Politiano
800 3391 858 3433 non
882 3381 1025 3434 correcta.

232 3474 252 3536 2
286 3475 369 3535 Cum
401 3475 575 3560 pleraque
611 3497 696 3539 urere
726 3498 826 3559 quam
859 3487 1031 3541 autumno
1060 3466 1246 3545 inserantur]

149 3582 225 3643 i'ere
252 3584 357 3642 melius
384 3600 475 3657 qnam
503 3592 648 3645 autumno
677 3604 712 3645 cx
741 3584 844 3646 Aldina
876 3585 1005 3647 editione
1034 3593 1182 3665 receptum
1201 3584 1246 3640 etti

142 3706 231 3761 prtem
261 3706 320 3747 nou
349 3688 448 3750 addito
477 3694 676 3772 comparativo
710 3692 769 3774 vel,
797 3700 831 3754 ut
863 3691 933 3753 oiim
959 3692 1151 3773 credebatur,
1174 3689 1245 3751 oum

139 3797 240 3868 potins
264 3794 321 3854 dici
344 3794 381 3855 dc
405 3799 442 3856 iis
462 3815 537 3877 quae
561 3798 626 3859 aliis
645 3799 856 3878 praeferuntur
879 3806 983 3859 notum
1007 3807 1063 3861 est.
1094 3818 1131 3860 ox
1151 3791 1244 3859 bitlti

143 3901 223 3960 ronis
247 3900 331 3963 libris
350 3902 483 3988 exempla
503 3907 567 3965 eius
587 3923 660 3966 usus
679 3904 815 3966 adnotavi
835 3905 917 3985 baec,
939 3903 980 3964 lll
999 3902 1031 3987 4,
1051 3904 1069 3967 1
1090 3907 1129 3968 ni
1145 3907 1184 3966 itis
1198 3908 1243 3961 teti·

138 4011 265 4083 poribus
288 4028 378 4083 prtem
402 4014 620 4092 superioribus,
644 4021 674 4072 cl.
701 4029 769 4072 cum
793 4010 909 4072 duobus
933 4014 1140 4092 comparativis
1159 3994 1243 4085 liii

142 4118 174 4175 in
196 4119 253 4175 boe
276 4118 353 4175 enim
378 4119 531 4178 umidiore
554 4136 643 4193 quom
664 4121 815 4193 aridiora,
838 4114 955 4200 115,9
980 4120 1018 4179 de
1041 4122 1145 4181 mediis
1163 4113 1241 4178 mm

139 4224 228 4294 prior
246 4237 336 4292 quom
351 4227 514 4304 posterior,
529 4225 725 4303 praecedente
741 4228 843 4301 potius
861 4221 933 4307 ΙΙΙ,
950 4222 992 4286 14
1011 4228 1056 4288 ita
1070 4224 1240 4303 pmissmm

142 4332 242 4384 emunt
264 4329 409 4389 cornibus
431 4333 626 4405 uiprantibns
654 4349 745 4405 quom
772 4334 863 4407 olbis,
886 4348 1026 4407 capram·
1043 4335 1163 4409 nmpiert
1178 4333 1237 4402 tw

138 4449 276 4508 pmvom.
