2874 4994
146 319 212 385 236
488 326 680 383 COMMENT.
698 327 738 382 IN
757 325 947 383 VARRONIS

147 481 159 542 l
182 478 267 561 1‚95
286 529 293 542 .
312 501 330 543 e
352 485 452 544 uicina
471 485 598 556 flumine
621 480 777 546 iucundus,
800 499 837 544 ex
860 478 1024 544 Columella
1041 479 1108 544 vul
1125 479 1200 564 lbi
1220 482 1255 546 all

147 588 184 648 de
208 588 310 649 eadem
333 606 367 649 re
391 591 500 669 scripta
524 599 595 650 sunt
616 589 699 669 haec,
722 592 863 652 lautitiae
883 591 1080 667 locupletium
1100 593 1193 653 maria
1208 593 1257 668 ipa

146 696 375 772 Neptunumque
389 700 568 757 clauserunt
582 699 642 757 iam
662 704 724 758 tum
747 712 873 759 avenam
891 698 1048 773 memoria,
1071 705 1141 759 aum
1156 699 1258 759 ciream

142 802 283 878 furetur
301 803 421 865 Marcii
438 805 573 881 Piritippi
589 807 670 866 retu
687 805 930 880 urbanissimum,
948 805 1034 879 quad
1051 811 1122 866 erat
1132 805 1261 866 neem

143 909 262 985 sactum
285 919 377 986 atque
400 913 522 972 dictum.
559 928 630 971 uam
657 911 786 988 referte
811 911 917 972 Oasitai
942 927 1013 973 cum
1040 911 1128 989 apud
1145 911 1263 987 mnam
1308 940 1311 945 v

146 1024 274 1079 cenaret
296 1019 526 1094 adpositumque
549 1035 566 1078 e
589 1019 688 1079 uicina
708 1019 836 1091 flumine
858 1019 961 1094 lupum
987 1017 1178 1092 mammea
1194 1022 1264 1092 mara
1313 1063 1316 1071 ,

146 1127 313 1204 expuisset,
342 1125 501 1200 inprobum
521 1122 641 1200 sactum
665 1126 746 1185 dicta
765 1131 964 1201 prosecutus,
992 1115 1159 1200 ‘paream’,
1184 1124 1266 1201 mari,
1313 1122 1316 1176 ἓ

146 1224 222 1290 ‘uisi
240 1233 354 1307 piscem
365 1225 494 1307 putaai’.
532 1229 609 1309 apud
631 1228 793 1291 Varronem
816 1237 868 1292 tua
886 1232 1016 1306 flumine
1037 1227 1172 1291 delendi
1190 1226 1266 1289 lietu
1313 1252 1316 1300 τ

145 1337 209 1398 rius
237 1335 381 1416 adpositis
404 1338 441 1397 iis
464 1354 540 1416 quae
564 1336 601 1398 de
625 1355 660 1398 ea
687 1337 810 1399 flumine
833 1338 946 1416 scripta
973 1344 1046 1398 sunt
1071 1333 1113 1397 lll
1130 1331 1160 1416 5,
1177 1332 1198 1397 9
1216 1351 1268 1397 aaa

146 1445 275 1504 babeam
297 1446 353 1505 sut
377 1447 486 1521 oppida
514 1445 623 1506 Casina
642 1447 767 1519 flumen,
790 1446 873 1520 quad
889 1462 949 1521 per
971 1446 1076 1505 uillam
1095 1446 1183 1520 pluat.

237 1548 278 1610 10
310 1549 368 1612 Sic
397 1560 520 1613 nostra
544 1559 642 1613 aetas
675 1552 710 1611 in
739 1568 839 1631 quam
867 1549 1051 1612 luxuriam
1079 1551 1269 1630 propagarit

145 1656 347 1737 leporariae
375 1676 414 1718 ac
436 1659 598 1738 piscinas
622 1656 780 1737 protulit
802 1656 842 1718 ad
866 1653 981 1737 mare]
1010 1657 1198 1735 leporarius
1217 1673 1269 1734 apo

74 1765 76 1768 ’
145 1763 269 1844 grapha,
297 1767 454 1842 leporario
483 1766 512 1824 in
540 1765 676 1844 principe
710 1764 840 1824 editione
867 1763 1032 1825 Politianus
1064 1781 1125 1824 nan
1157 1763 1268 1824 mutam

146 1873 269 1946 iuquam
297 1872 327 1930 in
360 1873 494 1951 principe
523 1869 652 1931 editione
681 1888 856 1951 expressum
884 1881 956 1932 erat
996 1873 1043 1932 sic
1072 1878 1178 1932 uaetra
1203 1877 1270 1931 aaa

145 1980 278 2057 iuquam,
296 1981 425 2038 luxuria
435 1979 622 2054 prapapauit
635 1976 796 2058 ineundus,
814 1980 861 2039 sic
879 1985 995 2059 uastra,
1010 1980 1146 2055 iuquam
1164 1979 1271 2037 luxuria

142 2088 328 2163 propapuuit
360 2084 494 2145 Ursinus.
545 2088 669 2161 iuquam
706 2086 746 2145 ita
784 2083 916 2145 delendit
949 2082 1117 2163 Gesnerus,
1153 2092 1187 2144 ut
1214 2081 1271 2142 brea

145 2189 270 2252 Varroni
297 2193 460 2252 orationem
489 2189 619 2252 blernlae
647 2190 848 2270 interpellanti
881 2189 1089 2252 tribuerentur
1121 2197 1153 2251 et
1183 2187 1271 2250 deinde

145 2306 213 2359 ante
232 2315 331 2373 quare
349 2315 457 2358 nomen
472 2296 602 2358 Merulae
622 2299 873 2377 interponeretur,
891 2282 997 2375 pa'rum
1012 2303 1090 2378 apta,
1108 2304 1144 2357 ut
1159 2303 1274 2375 apparet,

146 2403 365 2465 distributione.
403 2405 502 2484 itaque
526 2405 634 2484 scripsi
655 2407 702 2466 sic
723 2412 830 2466 uastra
853 2411 939 2465 aetas
962 2406 994 2464 iu
1018 2421 1111 2479 auam
1133 2404 1274 2464 luxuriam

140 2513 328 2589 prapapauit
349 2515 516 2590 leporario,
543 2514 604 2573 baa
623 2513 761 2588 piscinas
785 2513 914 2588 protulit
941 2512 985 2571 ad
1008 2527 1106 2572 mare.
1147 2511 1179 2571 in
1200 2525 1274 2589 quau

144 2616 292 2679 luxuriam
324 2617 398 2678 haee
430 2626 510 2679 aetas
537 2616 683 2696 leporaria
711 2618 896 2698 propagavit,
924 2614 1027 2677 eadem
1056 2633 1111 2677 usa
1135 2623 1196 2695 est,
1220 2632 1275 2676 eam

145 2726 274 2803 piscinas
297 2723 333 2785 ad
358 2741 437 2784 mare
461 2724 619 2802 proferret
984 2768 992 2809 ,

235 2830 321 2901 Quis
345 2831 437 2890 enim
460 2839 611 2909 propter
634 2830 849 2892 nobilitates
866 2831 1011 2909 ignorat
1028 2832 1193 2910 piscinas
1210 2828 1277 2909 plri-

145 2935 234 3016 lippi
258 2935 423 2998 hortensi
446 2936 686 3016 lucullorum]
711 2935 904 3000 labilitatem
922 2935 1001 2999 edita
1019 2935 1090 2998 inde
1115 2955 1133 2997 a
1156 2939 1278 3018 principe

145 3042 274 3105 editione
303 3044 489 3124 exemplaria.
532 3047 651 3106 restitui
683 3044 826 3125 pluralem
855 3061 1027 3126 numerum,
1060 3061 1154 3123 quem
1180 3046 1211 3106 in
1238 3041 1279 3102 ab

144 3153 264 3212 stractio
287 3150 456 3213 nominibus
486 3154 605 3231 saepius
633 3154 734 3231 posuit
756 3149 862 3233 Varro,
889 3147 980 3231 144,
996 3147 1020 3212 4
1039 3154 1281 3228 praeparationes,

144 3255 291 3340 111144
313 3261 582 3334 mapuimdinibus.

232 3371 272 3425 IV
298 3364 312 3425 1
349 3365 421 3444 Ego
455 3384 541 3426 nera
573 3367 694 3445 inquit
725 3375 764 3426 ut
795 3365 897 3426 aiunt
927 3372 1010 3443 past
1036 3365 1225 3444 principia
1251 3366 1281 3425 in

144 3473 276 3532 castris
299 3469 334 3530 id
358 3479 413 3531 est
435 3471 476 3531 ab
499 3475 545 3533 iis
569 3471 794 3550 temporibus
818 3487 919 3550 quam
939 3470 1224 3549 superioribas]
1242 3472 1282 3532 m

143 3580 191 3638 bis
218 3578 401 3653 temporibus
428 3576 554 3659 llerula,
587 3580 625 3639 ab
654 3581 701 3639 lu's
729 3580 832 3655 patius
863 3578 1071 3654 incipientium
1104 3580 1282 3656 teutparsbus

145 3681 304 3744 iucundus.
350 3702 369 3744 a
388 3688 632 3762 postprincipiis,
660 3687 694 3746 id
715 3693 761 3746 est
782 3685 822 3745 ab
844 3685 892 3746 ists
917 3685 1129 3760 incipiendum
1152 3687 1282 3762 tempori

145 3790 200 3849 bus
224 3788 357 3851 Ursinus.
393 3791 545 3871 archetypi
568 3794 747 3872 scripturam
770 3790 919 3852 Victorius
941 3791 1089 3870 restituit,
1115 3790 1169 3853 sed
1189 3794 1283 3870 potius

144 3913 180 3956 ex
202 3894 306 3957 Aldina
327 3897 455 3959 editione
479 3899 612 3978 retinuit,
635 3899 674 3958 alr
698 3901 736 3958 iis
755 3901 857 3974 patius
880 3898 1074 3974 tenporibus,
1103 3896 1160 3959 ubi
1181 3900 1220 3960 ab
1239 3899 1282 3959 ta

143 4001 225 4064 dedit
247 4003 406 4065 Gesnerus.
443 4021 499 4080 epa
523 4022 603 4078 uera,
627 4007 732 4084 iuquit,
756 4005 1034 4081 apastpriucipiis,
1063 4011 1099 4064 ut
1123 4007 1282 4068 incastris

144 4109 284 4189 Scaliger,
306 4128 363 4184 epa
385 4129 466 4190 aera,
489 4113 595 4187 martit,
622 4129 642 4172 a
661 4113 907 4191 postprincipiis,
934 4117 969 4172 ut
991 4112 1094 4190 aiunt,
1123 4114 1158 4173 iu
1179 4113 1283 4174 saure

143 4216 310 4275 Gronovius
338 4216 374 4276 de
402 4219 557 4296 principiis
580 4226 611 4278 et
637 4219 861 4296 postprincipiis
889 4215 1046 4297 disputans
1069 4216 1141 4279 lect
1163 4217 1282 4279 Plautio

144 4339 171 4398 p.
191 4316 256 4382 303
280 4329 310 4380 et
333 4321 479 4384 observat
499 4321 603 4404 4,10;
626 4342 681 4399 epa
703 4341 778 4386 aera
799 4326 910 4403 inquit,
938 4330 973 4384 ut
994 4326 1085 4386 aiunt
1115 4327 1149 4387 iu
1171 4327 1283 4402 castra,

140 4432 209 4504 past
231 4430 388 4506 principia
411 4428 576 4510 Nettleslrip
605 4430 700 4493 annal.
722 4429 825 4511 philol.
847 4427 1144 4494 Gurtabr.a.18'l'l
1167 4451 1195 4513 p.
1214 4425 1280 4493 lta.
