2874 4994
146 332 208 395 134
423 416 426 421 ,
502 336 692 392 caunum.
712 336 752 389 m
771 333 930 390 onroms

141 502 262 573 guntur.
297 512 330 553 ea
350 510 425 571 quae
444 491 501 551 hoe
524 490 589 551 loco
614 493 723 569 scripta
748 498 818 551 sunt
841 488 956 551 Plinius
974 486 1054 551 xvn
1072 484 1118 551 96
1141 490 1276 571 excerpsit

143 611 173 663 et
196 603 259 662 suis
282 600 492 661 additamentis
515 601 611 679 auxit,
646 600 718 660 Ceto
739 601 914 677 propopori
930 604 1061 676 praeter
1084 600 1174 659 uitem
1196 600 1278 659 troiit

141 711 244 783 fieum,
268 711 373 783 oleam,
393 710 549 784 prraiemn,
573 710 722 767 aratorum
743 724 861 782 penora
884 708 994 781 omerio,
1017 708 1136 779 boumn,
1156 722 1277 783 prunus

143 807 296 897 (perunum
319 807 461 895 codices),
484 820 624 891 myrtunt,
648 832 741 875 nuces
760 816 917 875 abellanas
935 822 964 874 et
978 815 1206 889 praenestinos,
1222 816 1277 889 pio

144 928 257 982 tonum.
300 925 505 999 propope’num
534 924 593 981 duo
619 939 752 995 ponera:
785 937 870 981 rome
894 921 933 980 ob
956 920 1071 981 orbare
1095 921 1235 995 depresso
1253 922 1277 979 in

143 1028 281 1088 scrobem
313 1034 458 1102 qaeuttnor
490 1030 603 1105 peebun
637 1044 756 1103 utroquo
788 1035 817 1088 et
851 1036 920 1103 post
950 1027 1106 1087 biennium
1137 1032 1278 1103 amputato

140 1137 226 1209 sieuu
251 1138 420 1212 plantaque
447 1139 599 1196 annuato
623 1142 692 1212 post
725 1137 893 1195 trimatum:
925 1152 1001 1209 quos
1028 1126 1136 1216 (quasi
1161 1126 1279 1215 coena)

144 1244 263 1317 loupius
282 1241 371 1319 ferre
393 1245 493 1316 libeni,
519 1246 549 1302 in
573 1245 672 1318 qualis
690 1245 791 1302 statim
810 1224 864 1303 out
884 1244 963 1301 ensis
979 1242 1128 1315 fictilibus
1148 1238 1279 1317 defodere

141 1352 329 1425 propropines
353 1353 546 1426 aptissimum,
574 1357 608 1409 ut
632 1352 661 1409 in
686 1352 733 1410 bis
756 1346 997 1424 transferentur.
1043 1351 1176 1409 alierum
1196 1366 1279 1423 penus

145 1459 335 1517 luxuriosius
359 1460 389 1516 in
415 1460 480 1533 ipse
504 1458 617 1517 arbore
635 1458 758 1517 radices
776 1458 967 1517 sollicitando
986 1458 1127 1517 traiectis
1142 1473 1202 1533 per
1218 1474 1279 1517 roso

142 1566 252 1636 fictitio
281 1566 329 1623 rel
354 1566 459 1637 areolos
487 1566 582 1622 ramis
610 1570 756 1637 terreque
779 1560 989 1637 circumfertis
1012 1569 1106 1638 atque
1127 1564 1188 1624 boe
1209 1564 1279 1623 bion·

146 1672 276 1729 (limenio
305 1671 465 1745 inpetratis
493 1671 652 1730 radicibus
681 1672 762 1729 iuter
786 1686 877 1745 poam
905 1672 971 1746 ipso
999 1676 1029 1730 et
1055 1673 1220 1731 eacumina
1245 1702 1278 1713 -

147 1778 250 1837 eodem
280 1794 338 1850 queo
361 1792 457 1852 supro
481 1777 596 1835 biennii
617 1778 715 1852 spatio
739 1776 859 1835 absciso
879 1778 1052 1852 propropine
1074 1784 1105 1837 et
1127 1794 1198 1837 enm
1218 1794 1279 1851 qun·

146 1886 222 1944 siliis
244 1890 322 1943 soto.

234 1987 254 2049 2
282 1988 427 2049 Mirtum
457 1987 665 2049 nannialnm
694 1998 728 2049 et
757 1990 902 2050 mirtnm
931 1987 1047 2051 albiam
1075 1998 1112 2051 et
1140 1991 1280 2072 nigrum]

149 2098 324 2157 Corneiolurn
339 2094 516 2176 apographa,
535 2100 705 2157 eoniuoiurn
721 2095 886 2157 Politianus
900 2116 935 2157 ex
955 2097 1117 2179 astiretypa
1136 2096 1282 2178 adnotavit,

146 2223 205 2264 raon
231 2207 399 2283 ceraunium,
423 2211 457 2262 nt
481 2210 525 2262 est
550 2203 626 2282 apud
652 2202 825 2264 Gesnertnn.
862 2212 993 2281 myrtum
1017 2209 1214 2281 eoniupulum
1236 2206 1282 2267 ite-

147 2308 220 2391 rnla,
240 2310 319 2390 quod
339 2312 369 2370 in
389 2328 477 2370 manu
498 2311 619 2388 seriptis
638 2309 722 2371 libris
741 2310 849 2390 legitur
869 2308 898 2391 8,
914 2308 934 2372 2
953 2322 1086 2373 murium
1101 2316 1284 2390 eoniupuiun

148 2428 176 2479 et
199 2420 301 2480 album
325 2426 355 2479 et
378 2421 509 2494 niprum.

235 2523 255 2585 3
278 2524 348 2584 Ubi
372 2524 503 2584 bimum
527 2526 599 2584 erit
623 2543 756 2585 ramum
779 2534 943 2586 tenerum
963 2526 1057 2586 inira
1077 2528 1285 2606 praecidite]

152 2633 267 2691 litorum
291 2630 455 2691 Politianns
478 2650 546 2692 cutm
570 2632 756 2713 apographis²
781 2652 839 2692 non
862 2636 997 2713 biemum,
1021 2643 1054 2694 nt
1073 2632 1226 2697 Gesnerus
1247 2636 1287 2697 ad·

149 2740 270 2799 rratavit.
300 2741 452 2799 biennium
473 2757 507 2798 ex
529 2741 662 2819 principe
682 2740 812 2800 editione
828 2739 1029 2801 Seltneitierns
1044 2744 1170 2824 recepit,
1188 2745 1288 2805 bimum

148 2864 183 2905 ex
212 2864 300 2905 mann
330 2847 451 2924 seriptis
479 2844 563 2905 libris
592 2845 744 2908 ltreundus
772 2850 953 2921 restituerat.
999 2847 1127 2910 similem
1158 2852 1289 2913 usumin

148 2960 256 3013 rretrtra
279 2970 389 3031 genere
414 2952 626 3013 adieetivorum
651 2951 702 3035 35,
722 2953 743 3016 2
767 2957 873 3016 notari.

235 3060 386 3120 CXXXIV
415 3056 431 3119 1
462 3059 675 3139 Priusquam
703 3065 846 3122 messim
875 3062 988 3123 iacies
1020 3082 1169 3142 peream
1198 3084 1292 3147 prae·

146 3166 330 3227 cidaneam
356 3165 420 3227 hae
445 3166 545 3227 moda
570 3167 656 3228 iieri
680 3159 837 3246 oportet]
863 3168 990 3229 Rubriea
1016 3172 1122 3249 capitis
1148 3174 1180 3234 in
1198 3174 1292 3235 arciu-

146 3282 216 3354 typo
241 3276 334 3352 spatio
360 3294 452 3334 stieuo
476 3273 597 3354 relicto,
622 3277 699 3336 sient
723 3278 753 3334 in
777 3275 911 3336 Parisino
936 3276 1038 3337 codice
1061 3278 1084 3337 Α
1109 3278 1223 3342 iactum
1246 3292 1294 3362 est,

145 3383 253 3441 emissa
283 3388 353 3442 erat.
401 3383 430 3441 in
460 3380 638 3460 apographis
665 3392 767 3460 postea
797 3384 881 3442 frictis
912 3392 942 3443 et
965 3385 995 3442 in
1020 3383 1154 3447 editione
1179 3386 1293 3450 Victorii

146 3490 351 3566 inscriptionis
376 3486 440 3547 ioco
465 3490 559 3566 posita
584 3497 655 3548 sunt
678 3488 758 3570 irase,
784 3491 951 3565 Antequam
970 3508 1094 3552 messem
1113 3497 1248 3573 inoiprios
1264 3506 1293 3557 ut

144 3614 271 3671 porram
293 3596 534 3671 proeririnnemn
555 3593 666 3676 serires,
691 3614 765 3675 (litae
790 3615 825 3656 ex
849 3596 946 3657 indice
970 3597 1170 3677 capitulorum
1189 3602 1225 3664 ab
1244 3600 1289 3663 de·

148 3702 257 3761 ier-titur
283 3700 481 3780 supplendum
504 3704 630 3781 repetita
650 3711 727 3764 sunt.
752 3706 990 3781 proesidoneom
1010 3706 1040 3765 in
1059 3705 1182 3769 rubrica
1201 3708 1289 3771 eodm

147 3806 297 3868 tirbuens
322 3827 359 3867 m.
386 3843 423 3851 —
445 3813 625 3886 priusquam
650 3815 766 3873 ntessiru
786 3809 887 3887 [aries
911 3811 1079 3893 apographa
1097 3812 1240 3877 Italorum
1261 3824 1287 3877 et

147 3933 182 3974 ex
211 3918 276 3994 ipso
305 3915 465 3996 archetypo
490 3916 652 3998 Victorius,
679 3922 859 3996 priusquam
883 3922 985 3980 messis
1005 3919 1105 3995 socies
1130 3922 1168 4003 A,
1191 3926 1287 4001 prieu-

146 4041 236 4096 quum
269 4043 395 4085 pressum
425 4024 526 4100 socies
555 4044 601 4104 m,
630 4030 811 4102 prinsquam
839 4046 960 4089 messem
985 4027 1091 4103 socios
1118 4028 1197 4091 edita
1225 4040 1287 4091 aute

148 4126 308 4189 victorium
338 4129 530 4212 exemplaria,
559 4131 637 4210 quau
667 4131 829 4194 Potitiamts
858 4135 887 4193 in
916 4137 1050 4214 principe
1079 4134 1211 4199 editione
1233 4156 1285 4199 uon

146 4239 284 4296 correxit.
330 4256 452 4299 messem
486 4241 515 4298 in
546 4240 642 4298 iiidice
671 4239 869 4319 capitulorum
896 4244 926 4301 in
955 4240 1117 4323 archetypo
1148 4247 1284 4325 seriptum

147 4351 223 4402 erat:
243 4347 358 4403 messim
378 4345 454 4422 apud
476 4344 636 4406 Varronem
658 4366 680 4406 r.
700 4366 723 4408 r.
743 4347 783 4407 lll
803 4346 832 4429 2,
853 4346 881 4429 6,
903 4367 1025 4410 messem
1045 4348 1083 4411 ib.
1103 4348 1143 4411 ΙΙΙ
1162 4348 1192 4415 8.
1214 4352 1282 4431 apud

147 4450 287 4509 Catonem
316 4455 502 4513 aeettsatirus
531 4458 569 4514 im
598 4457 774 4515 terminatus
802 4465 955 4536 praeterea
983 4459 1013 4517 in
1044 4457 1092 4520 his
1121 4458 1280 4521 nominibus
