2874 4994
150 312 216 377 290
279 341 280 344 ¹
492 321 682 377 COMMENT.
702 321 741 375 IN
759 320 949 377 VARRONIS

152 477 297 552 expediat
318 479 476 551 meltiorio,
496 495 564 537 cum
584 479 643 537 atrro
662 484 732 537 sunt
751 478 856 538 eodem
875 479 952 550 aleo,
970 476 1147 548 interficere
1161 477 1259 552 ιιὶμιιν,

150 599 237 656 quem
259 585 318 643 scit
340 601 408 643 cum
432 586 529 644 altero
552 602 626 658 repe
649 602 713 645 esse
730 585 905 644 seditiosum
928 580 1052 663 Merula,
1069 589 1100 643 et
1116 589 1151 643 ot
1168 586 1260 658 qeitoe

151 691 257 749 dicant
279 721 322 731 -
346 696 380 749 ut
402 692 547 767 expediat
569 692 706 751 mollario
729 707 794 769 sqq.
818 688 969 751 iucundus
997 698 1028 750 et
1058 687 1163 750 deinde
1183 688 1260 770 reliqui

149 794 288 857 editores.
335 795 372 856 de
396 796 557 876 generibus
580 815 668 876 apum
693 805 723 857 et
746 796 856 858 docum
879 813 982 857 earum
1006 795 1084 876 apud
1108 795 1261 858 Aristotelen

149 901 216 963 hist.
241 903 327 963 anim.
348 901 458 984 1x40,
479 899 543 965 175
567 906 678 984 scripta
703 911 774 965 sunt
796 902 884 984 haec,
907 920 984 982 quae
1011 916 1073 964 non
1095 901 1178 983 piane
1201 921 1261 965 acco

149 1018 211 1070 rate
231 1029 248 1070 a
268 1009 397 1071 Varrone
417 1029 558 1091 expressa
578 1021 657 1091 sunt,
677 1004 742 1072 εἰσὶ
761 1003 799 1072 δὲ
816 1004 897 1090 γένη
915 1007 985 1072 τῶν
1003 1006 1164 1090 μελιττῶν
1178 1009 1262 1087 sisio,

147 1109 300 1195 καθάπερ
324 1120 451 1198 εἴρηται
469 1111 644 1199 πρότερον,
665 1110 728 1179 δύο
747 1110 809 1198 μὲν
828 1107 1016 1199 ἡγεμόνων,
1035 1107 1054 1179 ὁ
1074 1109 1135 1198 μὲν
1152 1115 1261 1197 βελτίων

148 1219 290 1305 πυρρός,
315 1215 332 1286 ὁ
358 1218 395 1286 δὲ
419 1221 529 1304 ἔτερος
551 1221 650 1305 μέλας
672 1217 728 1286 καὶ
751 1215 1003 1306 ποικιλώτερος,
1024 1215 1059 1286 τί
1094 1215 1131 1285 δὲ
1152 1216 1263 1303 μέγεθος

148 1327 324 1405 διπλάσιος
349 1329 408 1413 τῆς
435 1330 578 1413 χρηστῆς
605 1331 765 1413 μελίττης.
810 1322 831 1413 ἡ
856 1324 894 1393 δὲ
916 1323 1035 1413 ἀρίστη
1059 1321 1158 1412 μικρὰ
1178 1343 1264 1410 tepor

146 1433 232 1520 γύλη
256 1433 311 1501 καὶ
334 1438 478 1519 ποικίλη,
502 1431 587 1519 ἄλλη
611 1431 720 1520 μακρὰ
744 1430 844 1521 ὁμοία
866 1436 906 1522 τῇ
930 1429 1104 1520 ἀνθρήνῃ·
1142 1429 1263 1518 &epoti

146 1538 221 1626 φὼρ
245 1538 453 1636 καλούμενος
475 1540 575 1627 μέλας
597 1539 848 1627 πλατυγιὶστωρ.
885 1544 933 1607 ἔτι
952 1535 986 1605 δ’
1009 1535 1027 1606 ὁ
1047 1536 1172 1625 κηφήν·
1192 1528 1264 1615 orire

146 1647 298 1733 μέγιστος
325 1645 476 1731 πάντων,
504 1644 665 1731 ἅκεντρος
693 1646 730 1713 δὲ
756 1646 813 1713 καὶ
841 1644 986 1733 νωθρός.
1032 1645 1219 1730 διαφέρουσι
1240 1641 1261 1709 t’

146 1756 184 1821 ori
203 1753 380 1842 γινόμεναι
403 1758 471 1821 τῶν
493 1757 655 1841 μελιττῶν
679 1756 717 1820 αἵ
735 1752 765 1821 τ’
786 1751 851 1822 ιἰιιό
875 1757 944 1822 τῶν
965 1750 1007 1820 τὰ
1031 1749 1137 1839 ἥμερα
1159 1750 1264 1837 νεμομέ-

145 1887 217 1929 νων
239 1862 294 1929 κιιὶ
317 1858 382 1929 ιἰιιὸ
407 1864 474 1928 τῶν
496 1858 537 1929 τὰ
555 1858 680 1949 ὀρεινά.
718 1860 782 1928 εἰσὶ
802 1857 865 1949 γὰρ
885 1862 923 1926 αἱ
944 1856 1010 1927 ἀπὸ
1028 1862 1098 1927 τῶν
1116 1855 1264 1942 ὑλονόμιιν

145 1966 405 2057 &contepescat
429 1966 586 2046 ἐλάττους
613 1967 667 2033 καὶ
696 1964 950 2053 {processissem
976 1964 1033 2032 καὶ
1062 1963 1263 2051 χαλεπώτεραι.

146 2099 325 2162 quamquam
345 2084 435 2160 igitur
456 2079 515 2140 duo
535 2098 644 2159 genera
663 2080 773 2141 ducum
792 2079 829 2140 ab
848 2079 1006 2140 Aristotele
1025 2077 1175 2159 dicontur,
1191 2085 1263 2137 nmen

146 2188 253 2269 Varro,
277 2208 344 2250 cum
375 2191 431 2249 tria
460 2189 579 2248 nomina
603 2187 746 2267 appeiiata
771 2189 945 2266 invenisset,
969 2188 1026 2247 tria
1053 2203 1161 2266 genera
1183 2185 1264 2265 posuit,

147 2298 279 2379 nigrum,
302 2296 443 2376 rubrum,
466 2297 592 2377 varium,
617 2304 648 2355 et
675 2295 733 2355 his.
749 2302 871 2356 anctore
894 2293 1063 2355 Menecrate
1091 2291 1198 2353 addidit
1216 2308 1263 2351 sen

145 2405 267 2465 tentiam
292 2421 396 2464 eorum
420 2404 472 2482 qui
495 2403 554 2463 duo
577 2421 686 2482 genera
710 2419 776 2463 esse
800 2400 951 2479 dicebant,
974 2402 1092 2480 nigrum
1117 2409 1147 2460 et
1169 2400 1264 2477 ramum,

145 2515 321 2588 etquidem
345 2514 459 2591 dieunt,
479 2513 541 2570 trio
562 2527 680 2585 periero
704 2527 772 2570 cum
794 2510 855 2569 sint
878 2511 990 2568 ducum
1013 2511 1044 2567 ιἰι
1068 2509 1182 2584 apibus,
1199 2509 1265 2580 nicer

144 2621 241 2680 ruber
268 2622 389 2700 varius,
412 2626 446 2678 ut
470 2617 663 2678 Menecrates
689 2618 810 2690 scribit,
834 2618 906 2690 duo,
930 2618 1020 2726 piper
1043 2622 1073 2675 et
1099 2617 1209 2687 νατίνι,
1227 2614 1265 2687 pti

144 2729 188 2784 tto
212 2729 330 2799 metior,
354 2732 388 2784 ut
415 2727 560 2800 expedint
586 2726 736 2804 mellaria,
760 2740 829 2783 cum
852 2725 912 2783 duo
939 2726 1001 2782 sint
1028 2725 1059 2782 in
1088 2724 1189 2782 eodem
1208 2722 1264 2790 ciro,

145 2834 320 2905 interficere
348 2835 483 2910 reiorum,
512 2847 581 2891 cem
607 2833 646 2889 sit
674 2848 742 2891 cum
770 2834 867 2890 altero
899 2848 985 2905 repe,
1013 2847 1078 2889 esse
1109 2831 1264 2889 seditiosum.

144 2955 213 2997 cnm
238 2936 370 2997 meliario
394 2935 558 2997 cavendnm
583 2938 622 2997 sit
645 2955 682 2996 ne
704 2938 735 2997 in
760 2955 817 2997 orna
842 2934 907 2996 airo
929 2935 1031 3015 piures
1052 2934 1147 3015 reguli
1165 2937 1225 3013 sint,
1239 2949 1264 2991 ne

144 3043 305 3105 seditiones
339 3044 423 3125 iiant,
457 3062 493 3104 ex
527 3046 614 3103 variis
647 3042 806 3120 generibus
839 3051 936 3104 autem
970 3044 1097 3103 maxime
1131 3041 1265 3102 seditiosos

143 3152 228 3231 niger
251 3153 299 3234 sit,
317 3151 397 3212 hunc
416 3153 605 3231 potissimum
624 3149 862 3211 interficiendum
882 3167 948 3210 esse
967 3148 1081 3211 dicunt
1114 3148 1265 3227 compositio

143 3265 242 3321 autem
265 3258 425 3319 verborum
455 3259 640 3338 interpositis
670 3258 839 3338 sententiis,
867 3256 902 3317 ad
931 3273 1006 3341 qnas
1035 3255 1148 3336 reliqua
1175 3271 1266 3316 accon·

143 3365 260 3425 modata
284 3374 363 3445 sunt,
381 3364 539 3426 obscurata
563 3372 617 3425 est.
653 3382 721 3424 nam
745 3365 902 3444 primariae
926 3365 1091 3424 sententiae
1115 3364 1266 3438 etquidem

142 3473 249 3532 dicunt
272 3476 395 3547 ιιὶμνννι
413 3490 477 3532 esse
495 3475 669 3532 seditiosum
688 3473 818 3549 primurn
841 3471 1015 3551 interposita
1036 3478 1108 3531 sunt
1126 3470 1205 3551 haec,
1220 3470 1268 3528 trio

140 3597 258 3653 periero
278 3597 346 3637 cum
365 3581 476 3638 sint-
489 3582 665 3652 interficere
688 3581 819 3654 ntorum,
838 3576 946 3638 deinde
970 3576 1052 3658 haec,
1071 3595 1140 3638 cum
1161 3580 1199 3637 sit
1215 3591 1270 3636 ινιτ

143 3689 240 3744 altero
264 3703 345 3758 repe.
391 3683 575 3746 Menecrates
607 3693 694 3764 poeta
724 3683 873 3764 Ephesius
901 3683 1068 3763 appellatus
1098 3694 1145 3745 est
1173 3679 1272 3764 11,9:

142 3788 222 3851 hunc
246 3790 282 3850 de
306 3790 411 3870 apibus
434 3794 590 3871 scripsisse
615 3791 727 3851 Plinius
752 3789 791 3850 XI
812 3789 852 3852 17
876 3798 1100 3853 commemorat.

237 3895 275 3958 19
309 3898 379 3958 Fur
403 3901 461 3977 qni
491 3897 681 3960 uocabitur
709 3898 750 3959 ab
781 3898 862 3959 aliis
892 3899 997 3959 iucns
1027 3908 1081 3959 est
1113 3899 1202 3960 aiter
1229 3906 1276 3960 est

142 4003 212 4064 iato
237 4003 381 4082 uentre]
401 4006 534 4066 Vocatur
548 4006 668 4066 Merula.
684 4006 777 4081 sucus
791 4010 870 4066 olter
883 4004 1046 4068 iucundus.
1064 4015 1135 4067 ater
1150 4007 1278 4087 Scaliger.

138 4109 194 4184 sor
217 4115 270 4183 μνι·
292 4115 460 4193 vocabitur,
479 4115 519 4173 ab
542 4113 796 4188 attestationem
819 4122 935 4174 atteret
957 4117 1019 4174 loto
1043 4122 1151 4176 ventre
1172 4115 1279 4194 scripsi,

141 4233 318 4292 quamquam
351 4217 386 4276 dc
417 4218 518 4279 iutnro
548 4228 680 4297 tempore
712 4222 872 4281 rrocnoitar
900 4219 1004 4281 dubito
1033 4230 1063 4282 et
1090 4240 1194 4283 rerum
1219 4239 1277 4280 esso

141 4328 214 4397 poto
238 4329 374 4385 vocatur.
421 4335 556 4385 ceterum
581 4325 663 4386 iures
687 4336 717 4386 et
745 4328 829 4388 iocos
852 4327 1028 4389 Aristoteles
1051 4326 1069 4388 i.
1088 4346 1116 4388 c.
1140 4337 1278 4408 tamqnam

140 4426 275 4490 diversos
297 4432 410 4512 posuit3
435 4429 596 4492 Varronem
615 4431 813 4494 Menecratem
837 4443 974 4495 secutum
993 4452 1075 4518 osse,
1098 4452 1160 4496 non
1175 4437 1276 4496 Aristo·
