2874 4994
146 321 189 386 60
491 325 682 382 COMMENT.
700 326 741 380 IN
763 323 951 384 VARRONIS

146 486 258 545 tentiae
281 480 428 564 1112,18
452 486 511 558 ille,
534 484 590 558 qui
610 484 738 543 simulac
753 483 933 559 promiseris
954 481 1115 558 minerual,
1137 480 1268 558 incipian

147 595 253 667 inquit,
273 590 324 652 ubi
342 593 415 666 quin
434 609 470 650 en
490 589 594 649 Aldina
613 588 743 649 editione
763 595 916 668 receptum
936 595 1010 648 erat.
1043 585 1142 648 Plauti
1158 587 1267 667 exempla

146 707 214 776 post
243 700 392 777 copiosam
420 696 651 775 disputationem
679 694 864 756 Fleckeiseni
891 695 923 755 in
954 692 1152 755 miscellaneis
1177 695 1266 756 utana

145 824 174 883 p.
197 801 241 866 23
267 822 330 883 sqq.
368 805 535 883 composuit
569 801 793 863 Scboemannus
825 819 927 881 opusc.
950 801 1032 862 acad.
1057 819 1082 862 r.
1105 798 1142 860 IV
1168 819 1195 881 p.
1211 797 1264 864 300.

146 911 283 972 similiter
312 910 425 971 dictum
453 928 519 971 esse
548 919 581 971 ut
613 913 667 986 qui
694 908 800 969 llunro
833 909 864 969 in
896 906 1015 970 Lucret.
1039 907 1052 968 l
1077 902 1142 970 755
1170 906 1264 969 denon-

147 1019 258 1079 stravit.

233 1128 327 1184 XVIII
345 1121 366 1184 2
398 1123 655 1203 indiligentiae
678 1121 711 1201 l.]
737 1124 951 1199 ludulaentiae
969 1121 1110 1184 Licinius
1132 1139 1167 1182 ex
1184 1118 1264 1182 tltiu

146 1230 276 1292 editione
300 1231 449 1310 vulgatum
474 1238 545 1291 erat.

234 1336 255 1399 3
288 1335 450 1399 blodulos
474 1336 654 1418 relinquit
671 1330 794 1420 nobis]
815 1338 952 1413 Reliquit
969 1335 1084 1397 llerula
1102 1342 1190 1397 reete.
1217 1352 1264 1396 mn

145 1443 279 1523 perfecto
304 1453 436 1524 tempore
461 1463 537 1525 opus
561 1450 625 1505 erat
648 1444 684 1504 de
711 1445 749 1504 iis
773 1462 848 1523 quae
872 1445 903 1504 in
930 1441 1016 1504 libris
1041 1444 1154 1523 scripta
1175 1450 1205 1504 et
1222 1459 1263 1503 ne

146 1553 257 1611 moriae
282 1552 418 1613 mandata
441 1560 536 1630 erant,
559 1570 619 1612 non
642 1552 801 1631 praesenti.

235 1658 333 1730 Quod
367 1668 446 1719 cato
475 1661 506 1719 si
533 1658 650 1719 uoluit
679 1664 718 1719 ut
745 1657 872 1719 debuit
903 1659 951 1718 sit
980 1657 1214 1738 proportione
1239 1654 1267 1715 ad

145 1767 315 1826 maiorem
340 1764 486 1826 fundum
510 1775 544 1826 et
567 1766 739 1825 minorem
768 1763 983 1825 adderemus
1007 1770 1042 1824 et
1068 1763 1269 1825 demeremus

145 1880 333 1952 praeterea
357 1879 458 1934 extra
481 1870 651 1932 familiam
679 1869 805 1931 debuit
829 1870 951 1931 dicere
976 1869 1127 1931 uilicum
1149 1876 1184 1930 et
1204 1869 1270 1930 ulli·

145 1979 236 2058 cam]
266 1982 354 2053 Quod
383 1982 456 2040 Cato
485 1983 513 2040 si
539 1981 632 2040 ualuit
659 1980 708 2051 (ut
736 1970 852 2060 debuit)
880 1980 927 2038 uti
949 1980 1162 2054 proportione,
1189 1984 1221 2037 ut
1241 1979 1273 2036 od

144 2066 289 2148 maiorem
310 2086 441 2162 fundum
464 2089 513 2147 oei
533 2089 678 2146 minorem
703 2087 885 2146 adderemus
908 2087 956 2145 oei
977 2087 1175 2159 demeremus,
1199 2091 1274 2145 estro

141 2192 293 2269 [amilium
317 2196 419 2254 debuit
443 2196 547 2254 dicere
565 2195 698 2253 uillicum
717 2198 746 2252 et
765 2195 897 2253 oiltieam
915 2190 1076 2271 lueundus,
1096 2190 1150 2252 ubi
1167 2199 1201 2252 ut
1219 2196 1274 2252 aute

145 2302 189 2360 ad
200 2304 346 2361 maiorem
365 2299 515 2360 Victorius
533 2300 642 2360 omisit.
680 2298 732 2358 sed
752 2301 782 2359 iu
801 2298 848 2358 bis
867 2297 1049 2378 explicandis
1068 2298 1183 2359 frustra
1197 2300 1276 2359 inter·

144 2415 246 2487 pretes
268 2405 488 2486 laboraverunt,
516 2424 613 2484 neque
637 2405 753 2467 felicius
781 2424 831 2467 res
861 2407 953 2466 cessit
981 2404 1147 2486 Scaligero‚
1175 2406 1280 2485 quiite

145 2513 303 2595 legendum
323 2516 459 2597 coniecit,
478 2517 560 2590 quod
581 2515 654 2574 Cato
673 2516 701 2573 si
718 2516 819 2588 uoluit,
838 2518 872 2573 ut
891 2513 1001 2586 debuit,
1023 2515 1070 2573 uti
1084 2515 1281 2590 proportione,

147 2625 191 2681 ad
208 2624 353 2681 maiorem
373 2621 505 2696 [undum
524 2625 572 2681 oei
592 2623 737 2681 minorem
761 2622 878 2680 addere
901 2623 949 2680 oel
969 2621 1105 2694 demere,
1129 2626 1221 2681 extra
1239 2617 1282 2696 s·

147 2731 260 2788 milium
279 2745 342 2805 sqq.
381 2726 456 2787 duae
480 2745 529 2786 res
553 2729 582 2786 in
611 2726 721 2788 Catone
749 2724 1025 2808 reprehenduntur,
1053 2725 1282 2806 primumquod

145 2833 181 2893 ad
206 2841 322 2893 certium
342 2833 427 2893 lundi
446 2833 565 2894 modum
586 2851 742 2894 numerum
763 2834 979 2911 mancipiorum
998 2834 1166 2914 constituit,
1184 2831 1282 2893 deinde

144 2939 224 3020 quod
247 2938 366 3000 vilicum
390 2948 420 3001 et
443 2940 558 3001 vilicum
582 2958 641 3001 non
665 2948 747 3001 entra
772 2940 910 3000 familiam
935 2939 1017 3000 dixit.
1055 2939 1202 3019 adquam
1224 2958 1283 3000 sen·

144 3048 266 3108 tentiam
286 3054 456 3126 corruptam
476 3048 630 3128 archetypi
649 3050 828 3127 scripturam
846 3049 877 3107 in
897 3046 977 3107 bunc
992 3045 1114 3107 modum
1129 3045 1285 3125 emendari,

143 3156 226 3230 quod
255 3154 328 3215 Coto
356 3159 385 3216 si
411 3160 515 3230 ualuit,
545 3155 649 3216 debuit
675 3160 734 3236 sio,
762 3162 796 3215 ut
818 3172 879 3231 pro
902 3157 1045 3232 portione
1076 3155 1120 3214 ad
1145 3156 1285 3215 maiorem

141 3261 272 3336 siendum
295 3268 324 3322 et
346 3265 492 3325 minorem
515 3265 698 3324 adderemus
721 3268 751 3322 et
779 3264 974 3323 demeremus.
1008 3266 1179 3337 praeterea
1201 3267 1285 3321 esua

140 3367 291 3442 familiam
315 3386 388 3449 sqq,
412 3368 440 3429 h.
461 3371 530 3431 esi
551 3369 622 3430 Cato
646 3367 773 3429 dilucide
792 3367 896 3427 modos
916 3368 1100 3428 corastituere
1121 3365 1225 3441 voluit,
1246 3366 1284 3424 sio

143 3476 316 3552 praecipere
332 3474 443 3556 debuit,
463 3482 495 3535 ut
510 3476 545 3536 ad
560 3478 702 3536 maiorem
721 3483 751 3536 et
770 3476 915 3536 minorem
935 3472 1060 3534 luendum
1079 3491 1135 3553 pro
1154 3474 1285 3554 portione

144 3580 320 3642 adderemus
345 3589 374 3642 et
398 3581 595 3643 demeremus.

232 3684 254 3747 4
286 3687 359 3748 lluo
384 3688 485 3748 uilici
514 3698 573 3749 aut
601 3697 676 3750 tres
704 3686 862 3749 habendi
890 3689 967 3747 lere
996 3688 1162 3767 operarii
1190 3684 1283 3747 modo

144 3801 179 3852 et
203 3791 350 3853 bubulci
373 3812 436 3873 pro
459 3796 626 3873 portione
651 3794 804 3855 addendi
828 3793 868 3854 ad
892 3793 1044 3854 minoris
1067 3791 1108 3852 ad
1144 3794 1284 3853 maioris

143 3897 264 3958 modos
284 3898 493 3977 fundorum]
514 3902 657 3962 Habendi
671 3900 762 3975 suere
781 3899 901 3961 Merula.
938 3900 1074 3960 habendi
1087 3898 1197 3974 suere
1221 3916 1283 3976 ope·

143 4009 225 4066 rarii
251 4010 337 4067 modo
366 4015 395 4068 et
427 4009 552 4068 bubulci
575 4027 634 4084 pro
658 4012 799 4084 portione
831 4009 973 4068 demendi
1004 4009 1052 4066 oei
1083 4008 1222 4068 addendi
1245 4007 1284 4066 od

142 4115 274 4173 minores
301 4116 469 4174 maioresve
496 4116 599 4175 modos
626 4114 705 4174 edita
736 4114 803 4173 inde
836 4112 873 4173 ab
901 4111 1005 4173 Aldina
1033 4112 1165 4173 editione
1193 4128 1281 4173 exem·

142 4218 243 4296 plaria.
277 4221 412 4277 restituta
428 4223 575 4298 scriptura
592 4221 744 4301 archetypi
759 4220 980 4281 distinctionem
995 4216 1159 4280 verborum
1173 4218 1279 4280 correxi

145 4330 175 4382 et
198 4326 241 4383 ad
262 4326 387 4384 minoris
411 4324 514 4408 delevi,
538 4329 598 4388 duo
621 4331 706 4389 oilioi
728 4336 781 4388 aut
805 4335 867 4388 tres
886 4328 1028 4388 iubendi.
1062 4326 1135 4402 sere
1153 4326 1280 4404 operarii

144 4431 230 4490 modo
255 4437 283 4489 et
307 4432 430 4493 bubulci
449 4452 507 4510 pro
528 4437 669 4511 portione
692 4437 828 4496 addendi
846 4436 890 4495 ad
905 4437 1037 4495 maiores
1056 4437 1161 4496 modos
1176 4433 1274 4511 sundo-
