2874 4994
246 316 289 382 28
466 364 471 371 ·
605 324 795 382 COMMENT.
815 326 855 381 IN
873 326 1032 382 CATONIS

241 479 339 556 serre,
361 476 405 543 58
427 482 511 542 oleae
529 484 669 543 caducae
687 485 959 559 quamplurimum
977 485 1108 559 condito,
1130 479 1182 564 64,
1203 480 1222 544 1
1241 485 1291 543 cti
1307 484 1386 546 nicee

245 590 384 649 caducae
418 605 508 663 quom
537 592 702 665 plurimum
733 592 787 670 sit,
824 586 888 651 129
920 591 1064 651 conbibat
1094 607 1186 666 quom
1213 591 1385 671 plurimus,

246 692 324 776 161,
342 693 364 755 4
386 703 505 756 stereus
527 698 647 756 ovillum
670 713 760 771 qoem
780 699 946 773 plurimum
964 695 1021 772 sec
1044 700 1176 773 inperce.
1222 695 1296 757 olim
1319 714 1384 759 coc·

241 804 346 879 pluria
375 802 497 862 conieci.
545 819 612 862 nem
637 819 728 878 quom
749 807 842 879 ploro
866 804 1065 882 comparativo
1088 803 1182 882 gredo
1204 822 1261 884 pro
1286 821 1384 884 super·

244 907 331 970 latino
355 910 466 987 posito,
490 908 569 987 quod
594 927 609 968 a
633 926 771 970 sermone
795 910 946 971 inferioris
969 911 1074 971 aetatis
1097 909 1226 998 ahenum
1249 928 1313 972 oon
1335 920 1385 993 ost

244 1016 347 1076 (letoni
366 1025 486 1075 nonest
505 1013 705 1078 tribuendum.
742 1034 840 1096 neque
859 1018 952 1096 magis
971 1016 1157 1096 probandum
1175 1036 1267 1095 quom
1281 1022 1385 1097 ptores

243 1121 320 1201 opud
339 1121 486 1182 Isidorum
510 1124 583 1203 orig.
602 1121 657 1182 XX
676 1119 741 1205 3,8
764 1125 837 1185 Coto
861 1127 899 1186 de
922 1127 1096 1186 innocentio
1113 1142 1172 1186 soa
1190 1119 1277 1187 ‘curn
1296 1144 1386 1188 esscot

244 1233 275 1290 ic
295 1233 465 1310 provincie,
488 1248 578 1305 quom
596 1234 704 1307 ptores
727 1232 771 1291 od
788 1239 950 1307 praetores
972 1237 1003 1292 et
1020 1212 1157 1293 consules
1176 1234 1279 1293 vinum
1297 1234 1385 1295 nono

243 1340 364 1398 rorium
386 1339 511 1419 debant,
533 1355 696 1413 numquam
719 1342 828 1415 accepi
848 1357 887 1400 ne
907 1341 1047 1415 privatus
1066 1334 1213 1416 quidem',
1236 1338 1291 1400 ubi
1309 1356 1384 1402 corn-

239 1447 345 1520 plures
367 1442 509 1505 Arevalus
532 1444 632 1506 edidit

325 1549 437 1610 oleas
474 1551 636 1612 orchites
673 1553 793 1632 posias
830 1570 890 1613 eae
927 1554 1060 1632 optime
1094 1554 1302 1616 conduntur
1331 1552 1387 1617 uel
1427 1562 1429 1587 ³

244 1656 383 1718 ttirides
416 1659 451 1717 in
484 1661 597 1719 muria
630 1658 688 1719 uel
716 1661 751 1719 in
779 1658 933 1720 lentisco
962 1668 1136 1723 contusae
1164 1661 1221 1723 uel
1249 1663 1386 1724 orcites

243 1763 304 1824 ubi
333 1765 455 1843 nigrae
485 1773 591 1825 erunt
614 1774 649 1826 et
672 1767 790 1826 siccae
814 1765 887 1826 sole
911 1767 1090 1828 conirieto
1113 1767 1190 1829 dies
1213 1767 1240 1829 U
1262 1777 1387 1848 posteo

243 1870 352 1932 selom
380 1873 541 1933 excutito
569 1873 605 1933 in
633 1872 707 1934 sole
736 1875 859 1953 ponito
882 1872 1028 1936 biduum
1058 1874 1116 1936 uel
1144 1876 1221 1937 sine
1249 1874 1326 1937 sele
1352 1878 1386 1939 io

243 1979 424 2040 defrutum
453 1977 611 2058 condito]
642 1981 759 2042 Orcites
786 1982 952 2061 posteriore
980 1981 1044 2043 loco
1072 1984 1183 2062 optimo
1210 1983 1388 2067 apographa,

242 2088 375 2148 orchites
407 2087 437 2146 in
471 2087 606 2166 principe
638 2086 768 2148 editione
800 2086 963 2150 Politianns
995 2108 1054 2151 non
1087 2093 1225 2152 correxit.
1278 2090 1387 2153 deinde

242 2196 306 2255 dico
330 2195 368 2254 II
392 2191 567 2275 Politienus,
602 2197 714 2256 rectius
742 2194 891 2258 Victorius
923 2198 1102 2276 scripturam
1130 2198 1283 2278 archetypi
1312 2198 1387 2260 indi·

242 2303 331 2381 cavit,
359 2296 444 2363 ‘Dies
467 2301 504 2363 V:
537 2303 577 2363 ite
605 2301 715 2381 legitur
741 2305 773 2363 in
801 2302 952 2364 veteribus
979 2303 1078 2386 libris,
1110 2324 1179 2367 com
1206 2307 1238 2367 in
1266 2308 1389 2369 excusis

237 2416 322 2469 antea
343 2411 441 2470 minor
459 2426 575 2468 summa
594 2408 711 2470 dierum
731 2418 821 2489 esset,
840 2409 892 2469 sed
912 2411 1000 2470 etiam
1019 2409 1057 2472 Μ.
1072 2409 1164 2472 Varro
1183 2412 1263 2473 hunc
1282 2430 1387 2475 nume-

237 2534 304 2591 rum
324 2517 469 2596 sequitur,
488 2514 558 2575 dum
575 2518 767 2593 praeceptum
781 2515 838 2575 hoc
854 2516 972 2576 Catonis
988 2512 1119 2608 recitet’.
1155 2523 1237 2581 oleos
1251 2522 1387 2583 orchites

232 2625 352 2699 posiae:
380 2641 435 2683 coc
463 2625 593 2699 optimae
620 2625 795 2683 conduntur
818 2626 866 2684 oet
887 2627 1000 2686 virides
1024 2629 1055 2686 in
1077 2628 1178 2687 morio
1202 2630 1250 2688 oct
1271 2629 1305 2689 in
1323 2630 1386 2691 ten-

237 2732 312 2790 tieco
341 2727 497 2803 confusae.
542 2731 688 2803 orchites,
712 2730 766 2790 uhi
787 2733 897 2805 niprne
920 2740 1011 2792 erunt
1033 2741 1063 2793 et
1085 2735 1200 2808 siccae,
1223 2737 1289 2797 scic
1313 2752 1384 2797 con·

232 2835 350 2912 fricato
374 2838 439 2896 dies
458 2837 542 2898 dnos.
577 2844 684 2912 posteo
702 2841 795 2898 solem
814 2841 957 2913 excutite,
981 2842 1011 2900 in
1031 2842 1121 2901 solem
1136 2843 1242 2917 ponito
1261 2838 1386 2907 Merula.

236 2942 356 3004 Catonis
389 2950 547 3022 praecepta
579 2945 719 3022 repetivit
746 2943 839 3005 Varro
863 2962 886 3005 r.
906 2963 929 3006 r.
953 2944 966 3005 1
989 2942 1033 3007 60
1065 2950 1103 3008 de
1135 2950 1270 3009 olivitote
1299 2951 1386 3011 olcas
1425 2964 1429 2975 ·

236 3054 303 3112 esni
329 3053 439 3126 optime
465 3053 558 3111 condi
582 3051 691 3112 scribit
717 3052 791 3113 Coto
818 3055 930 3113 orcites
958 3059 987 3113 et
1008 3071 1121 3129 poscas
1145 3057 1192 3115 vet
1213 3057 1329 3136 virides
1353 3058 1385 3117 in

235 3161 337 3218 morio
365 3161 413 3218 oct
439 3159 470 3218 in
498 3160 622 3219 lentiwo
650 3166 800 3220 contusos.
847 3162 959 3220 oreites
986 3163 1094 3234 utores
1123 3163 1244 3244 critico,
1271 3166 1336 3225 sote
1358 3167 1387 3225 oi

234 3268 296 3326 sint
327 3264 521 3341 conscientae
548 3268 612 3327 dieo
640 3269 773 3342 quinque
804 3273 834 3326 et
866 3274 928 3327 tom
954 3271 1019 3327 sote
1046 3285 1174 3328 excusso
1203 3270 1329 3329 biduom
1356 3272 1387 3331 ei

235 3373 266 3431 in
289 3374 351 3431 sole
370 3374 489 3447 positae
508 3370 637 3447 suerint,
660 3390 784 3433 monere
807 3375 933 3434 idoneos
954 3377 1066 3434 solere:
1090 3375 1211 3434 eosdem
1233 3377 1300 3437 sine
1316 3379 1385 3437 sote

235 3480 266 3538 in
290 3477 412 3554 defruto
436 3481 530 3539 condi
551 3486 642 3540 recte.
680 3496 747 3539 nam
771 3480 812 3539 ite
834 3479 908 3539 haec
932 3481 1040 3559 scripsi
1064 3482 1245 3560 transposito
1269 3500 1294 3543 v.
1318 3485 1384 3543 ari·

235 3586 303 3658 cios,
337 3582 415 3662 qnod
448 3587 479 3644 in
509 3582 595 3645 libris
622 3603 711 3647 manu
740 3587 861 3666 scriptis
889 3594 919 3647 et
947 3595 1031 3647 antea
1060 3586 1148 3648 editis
1175 3594 1243 3668 poet
1264 3606 1385 3666 poscae

234 3691 380 3770 scriptum
400 3698 471 3770 erat,
491 3709 549 3769 quo
568 3690 638 3751 olim
657 3691 806 3754 Meursius
825 3703 991 3754 commotus
1011 3701 1065 3774 est,
1089 3701 1123 3754 ut
1140 3693 1218 3774 apud
1237 3694 1383 3757 Catonem

234 3814 290 3857 coe
326 3799 435 3874 optime
471 3801 646 3859 conduntur
684 3802 795 3862 cridae
826 3804 873 3862 cet
903 3803 1017 3862 virides
1049 3799 1203 3862 scriberet
1258 3800 1384 3865 brevius

235 3902 337 3964 eadem
369 3903 485 3966 rettulit
516 3903 631 3966 Plinius
655 3903 706 3964 XV
728 3904 770 3967 21
805 3910 898 3968 condi
927 3911 1022 3969 olives
1054 3910 1164 3984 optime
1190 3911 1324 3971 orchites
1352 3918 1384 3972 ct

230 4015 336 4088 posiae
360 4016 407 4074 vet
427 4013 542 4072 virides
565 4015 596 4072 in
615 4016 717 4072 morio
737 4016 784 4074 oct
798 4012 920 4088 fractos
940 4017 971 4074 in
990 4017 1122 4075 lentisco.
1159 4016 1259 4094 itaque
1277 4015 1383 4078 lectio

235 4136 302 4178 nem
331 4118 484 4197 archetypi
512 4119 640 4179 restitui.
686 4135 753 4179 nem
782 4119 840 4180 dno
868 4138 977 4198 genera
1005 4120 1136 4181 olearum
1160 4121 1287 4185 serendo
1312 4141 1382 4185 esse

235 4226 306 4286 Cato
331 4227 491 4304 praecepit,
515 4226 625 4285 orcites
649 4234 679 4286 et
701 4227 814 4307 posias;
837 4244 887 4286 eas
908 4228 1018 4305 optime
1039 4227 1084 4287 vel
1104 4229 1213 4289 virides
1231 4231 1262 4290 in
1281 4233 1381 4292 morie

235 4329 280 4393 vel
303 4339 443 4392 contusas
467 4332 497 4391 in
521 4331 646 4393 lentisco
670 4333 766 4407 condi,
790 4332 835 4394 vel
858 4336 967 4394 orcites
989 4333 1077 4410 oleos,
1101 4337 1125 4396 si
1146 4337 1247 4415 nigrae
1266 4337 1381 4402 fuerint

234 4446 264 4499 et
292 4439 402 4521 sicone,
429 4446 481 4499 out
508 4439 567 4501 sele
596 4439 755 4501 confrintes
782 4443 813 4503 in
840 4440 1076 4522 soleponeodes
1099 4451 1150 4504 aut
1173 4445 1238 4505 sine
1262 4445 1379 4510 selein
