2874 4994
243 353 283 419 16
599 358 789 417 COMMENT.
808 360 848 415 IN
867 360 1024 420 CATONIS

239 525 337 578 umen
361 516 486 596 singulis
510 519 633 595 trapetis
657 516 757 595 plures
781 519 919 596 imperat,
945 524 979 577 ut
1001 516 1177 576 commutari
1200 517 1330 596 possint,
1358 516 1386 574 si

238 627 290 703 qui
318 626 438 686 contriti
466 618 551 684 sint'.
596 622 745 702 Scaligero
774 631 895 685 anctore
919 623 1069 684 Gesnerus
1096 624 1225 701 impares
1251 630 1386 701 trapetas

236 732 295 792 dici
324 730 417 792 voluit
444 731 645 792 succedaneos
672 739 703 792 et
730 749 976 813 supervacaneos,
1009 740 1042 792 ut
1065 732 1160 809 impar
1183 740 1264 790 esset
1286 726 1385 809 ‘quod

238 857 292 917 par
325 857 383 898 non
417 833 530 898 lrabet’.
585 839 710 918 rectius,
747 846 781 900 ut
813 848 899 917 puto,
931 837 1041 916 Popma
1073 837 1287 915 interpretatus
1319 846 1386 898 erat

237 941 385 1023 ‘trapetas
409 943 541 1022 singulos
565 946 692 1005 maiores
716 953 746 1004 et
768 946 908 1023 minoreS,
935 951 976 1024 ut,
1000 945 1139 1004 siunins
1163 947 1269 1024 trapeti
1293 943 1384 1004 orbes

238 1052 388 1130 frequenti
411 1053 564 1131 pressione
589 1053 649 1112 sint
672 1054 802 1131 contriti,
825 1053 856 1112 in
878 1050 951 1112 alios
974 1053 1072 1135 possis
1091 1051 1184 1111 oleam
1204 1047 1385 1130 imponere’.

326 1158 553 1237 Medipontos
596 1162 720 1238 priuos
759 1158 878 1219 loreas
915 1157 1113 1218 trochileas
1149 1161 1386 1237 graecanicas

240 1265 335 1327 binis
372 1264 520 1326 funibus
557 1268 715 1344 sparteis
752 1267 884 1328 ducant
916 1264 1096 1327 urbicolis
1129 1265 1387 1344 superioribus

238 1375 379 1435 octonis
412 1372 652 1433 inferioribus
679 1376 776 1434 senis
809 1374 919 1433 citius
947 1372 1056 1433 duces
1087 1375 1118 1432 si
1150 1381 1248 1433 rotas
1282 1372 1385 1433 roles

239 1482 357 1541 lacere
380 1479 520 1540 tardius
544 1479 711 1558 ducetur]
732 1481 921 1557 Medipoatas
942 1488 972 1541 et
991 1482 1154 1542 treclileas
1172 1483 1203 1542 in
1223 1480 1385 1561 archetypo

238 1589 381 1666 scriptum
405 1596 478 1666 erat,
501 1587 552 1647 sed
577 1606 601 1648 c.
620 1585 659 1648 12
684 1591 851 1664 meliparrtis
874 1596 905 1648 et
928 1591 1059 1649 trocleas
1082 1597 1112 1648 et
1135 1584 1177 1650 68
1199 1591 1385 1665 metapontos.

238 1697 387 1756 traclrilea
405 1701 504 1755 autem
523 1693 568 1754 rol
588 1698 698 1756 traelr‘a
718 1712 854 1772 agraeco
870 1697 987 1754 nomine
1003 1692 1151 1776 τροχιλία
1167 1693 1212 1754 vel
1225 1693 1385 1776 τροχηλία

239 1801 360 1861 ductum
371 1818 465 1878 genus
476 1801 623 1881 quoddam
631 1801 784 1863 machinae
793 1802 861 1862 luit:
871 1800 958 1879 gloss.
967 1800 1136 1880 graeco-lat.
1148 1798 1383 1882 v.111p.297,2t

239 1902 450 1988 ἐπιδρομίδες
472 1910 641 1971 tractitius.
682 1912 870 1986 medipontus
894 1908 939 1969 rel
957 1912 1135 1986 melipantas
1153 1926 1247 1986 genus
1266 1909 1385 1969 lunium

239 2015 297 2076 dici
320 2014 446 2095 videtur,
470 2034 566 2095 neque
585 2024 709 2090 constat,
733 2015 812 2076 unde
831 2033 939 2076 nomen
958 2017 1102 2092 originem
1122 2015 1248 2076 duxerit.
1286 2018 1387 2077 loreas

240 2141 276 2183 ex
301 2124 339 2183 iis
362 2141 437 2202 quae
461 2140 550 2203 supra
574 2124 684 2202 scripta
707 2130 792 2184 erant
812 2121 904 2198 sanes
926 2126 1024 2184 loreas
1043 2126 1148 2200 privos
1172 2124 1276 2183 vitiose
1298 2140 1385 2201 repe-

239 2231 326 2290 titum
345 2247 410 2290 esse
429 2228 600 2291 Eussnerus
619 2248 647 2310 p.
666 2226 731 2291 306
751 2232 929 2308 suspicatur.
942 2262 986 2272 —
1001 2230 1153 2291 trochleas
1173 2232 1385 2305 graecanicae

239 2339 318 2398 trinis
341 2336 469 2413 funibus
495 2340 626 2414 sparteis
652 2339 822 2399 ducantur:
849 2338 995 2399 orbiculis
1020 2368 1058 2379 -
1085 2339 1175 2398 citius
1204 2339 1304 2399 daces.
1356 2339 1387 2397 si

239 2452 324 2506 rotas
341 2448 420 2506 voles
431 2443 549 2520 faeere,
569 2447 689 2506 tardius
704 2447 855 2507 ducentur
869 2442 990 2522 Merula,
1009 2445 1162 2506 traelrleas
1173 2447 1384 2519 praecaaieas

239 2552 340 2625 linas,
367 2569 447 2627 qaae
471 2550 598 2627 [unibus
624 2555 755 2629 sparteas
782 2554 937 2613 ducantur
956 2569 1030 2630 sqq„
1045 2550 1196 2612 iucundus
1221 2560 1252 2612 et
1274 2550 1384 2611 deinde

239 2657 347 2737 reliqui
375 2657 517 2739 editores,
545 2677 649 2737 parum
678 2667 744 2738 apta
771 2661 801 2718 in
824 2659 993 2737 praeceptis
1017 2658 1109 2718 lorma
1132 2660 1282 2720 orationis.
1328 2676 1385 2737 pro

239 2765 286 2826 his
314 2767 421 2845 scripsi
444 2768 608 2827 troelileas
628 2769 835 2842 praecursione
858 2769 936 2827 trinis
955 2764 1083 2841 [naidas
1104 2769 1235 2846 sparteis
1258 2768 1386 2826 deleant.

239 2881 393 2951 praeterea
417 2891 452 2932 ax
477 2876 626 2952 scriptura
649 2873 785 2935 codicum
805 2873 1022 2937 restituendum
1042 2882 1088 2934 est
1106 2876 1226 2934 tardius
1244 2875 1388 2944 ducetur,

241 2980 383 3058 singulari
412 2998 535 3041 numero
569 2989 637 3059 post
668 2980 811 3059 pluralem
844 2982 956 3060 posito,
988 2989 1022 3041 ut
1049 2980 1085 3040 de
1114 2998 1171 3041 una
1200 2999 1232 3040 re
1259 2980 1388 3058 dicatur,

240 3087 384 3148 trochilea
407 3088 579 3167 graecanica
604 3086 717 3146 tardius
741 3085 879 3146 ducetur:
903 3083 998 3164 22‚4
1021 3090 1045 3147 ii
1066 3094 1208 3148 emantur
1229 3089 1273 3147 ad
1290 3087 1390 3162 Rasrr'

241 3198 394 3256 macerias
417 3227 458 3237 -
483 3197 629 3255 tantidem
653 3195 789 3270 Pompeis
813 3195 931 3255 emitur.

330 3303 373 3362 IV
395 3300 509 3361 Bonas
537 3302 724 3380 praesepis
748 3298 894 3360 ialiscas
918 3299 1090 3362 clatratas
1114 3301 1249 3363 clatros
1272 3302 1386 3361 inter·

241 3426 322 3468 esse
341 3417 486 3489 oportet
504 3407 606 3488 pede]
630 3408 748 3468 Glatros
767 3410 847 3468 inter
864 3425 897 3469 se
914 3415 1031 3485 oportet
1042 3411 1121 3484 pede
1135 3411 1251 3470 distare
1264 3408 1389 3487 Merula,

241 3515 394 3594 archetypi
421 3514 578 3577 lectionem
607 3513 755 3576 Victorius
783 3516 922 3575 restituit.
965 3518 1073 3592 pedem
1101 3517 1228 3577 coniecit
1256 3515 1388 3577 Dietzius

241 3623 277 3681 de
306 3640 442 3682 sermone
466 3622 627 3684 Catoniana
650 3621 794 3702 Tanglimi
818 3641 841 3684 a.
865 3620 950 3684 1870
968 3642 995 3702 p.
1015 3620 1067 3683 24.
1099 3627 1213 3685 clatros
1241 3627 1389 3684 interesse

241 3729 354 3789 dictum
383 3738 428 3788 est
451 3727 540 3789 verbo
565 3749 580 3788 a
604 3731 713 3810 spatio,
739 3729 818 3808 quod
842 3731 920 3791 inter
944 3728 1052 3792 clatros
1075 3732 1208 3811 interest,
1232 3730 1266 3790 ad
1291 3732 1387 3811 ipsam

242 3854 305 3896 rem
329 3835 484 3916 translato,
512 3838 679 3897 accuratius
702 3834 797 3917 22,1
823 3840 904 3899 inter
926 3839 1028 3899 orlrera
1052 3843 1081 3897 et
1104 3841 1269 3898 miliariam
1292 3855 1387 3898 ararem

242 3946 370 4020 digitum
397 3945 542 4005 interesse
569 3953 693 4022 oportet.
739 3962 897 4023 praesepes
921 3945 1012 4021 igitur
1036 3943 1151 4005 faliscas
1179 3947 1209 4005 in
1233 3943 1387 4005 nubilibus

242 4067 308 4110 esse
340 4058 459 4130 oportet
488 4052 518 4110 in
546 4054 700 4130 superiore
727 4059 811 4130 parte
839 4051 939 4111 clatris
967 4052 1141 4129 instructas,
1173 4050 1257 4111 clatri
1286 4060 1387 4112 autem

242 4160 282 4217 ita
306 4158 468 4234 comparati
491 4176 556 4218 esse
580 4157 702 4237 debent,
730 4166 764 4218 ut
787 4160 876 4219 unius
898 4156 983 4236 pedis
1006 4161 1101 4236 spatio
1124 4159 1248 4239 distent,
1273 4159 1325 4218 ulti
1349 4160 1387 4218 ad

242 4263 389 4323 edendum
414 4263 511 4325 hrrbrrs
534 4269 617 4344 copia
642 4267 689 4324 sit.

331 4368 455 4431 Villam
493 4371 661 4432 urbanam
695 4388 758 4449 pro
795 4372 895 4448 capia
929 4370 1136 4449 aedificato]
1170 4372 1388 4434 Sabrtrlraaam

243 4477 407 4559 lucarndus,
440 4482 591 4541 urbanam
619 4477 767 4538 Victorius
800 4477 931 4538 delendit
963 4477 1028 4539 coll.
1051 4477 1134 4539 Varr.
1157 4497 1181 4539 r.
1205 4496 1228 4538 r.
1253 4477 1264 4536 l
1291 4476 1388 4560 13‚o
