2874 4994
361 109 493 167 uum
514 109 757 168 uvsumtttvu
774 111 840 168 LIB.
860 112 887 167 11
907 111 923 167 1
1151 105 1211 170 141

72 270 136 348 est,⁵
162 264 274 347 Popma
306 269 439 329 removit.
484 275 638 347 praeterea
676 275 817 330 neutrum
849 267 1039 330 scribendum
1073 278 1149 352 orat,
1181 272 1212 331 iu

49 378 52 383 '
78 377 221 451 emptione
252 377 331 436 olius
361 377 567 452 stipulandum
593 391 702 437 sunum
731 393 808 450 esse,
841 378 919 437 otios
946 395 964 438 e
990 395 1066 438 suno
1092 395 1213 453 pecore,

62 480 154 545 utor
175 489 324 544 neutrum.

161 586 202 651 16
230 587 405 650 Pascendi
424 589 576 669 primum
596 588 697 650 locus
717 592 777 670 qui
791 599 845 651 est
864 591 942 651 eius
958 591 1050 651 ratio
1064 589 1212 670 triplex]

96 693 197 757 Primus
209 699 294 758 locus
312 694 389 757 edita
407 694 477 757 inde
496 698 661 776 sprincipe
681 697 809 758 editione
829 697 1005 777 exemplaris
1025 707 1116 759 recte.
1145 716 1212 758 nam

93 805 171 884 putto
193 805 223 863 in
246 802 348 864 alteris
371 811 510 882 quattuor
534 802 686 864 divisionis
705 803 839 884 partibus
857 807 986 884 primum
1006 804 1103 866 locum
1123 814 1212 866 tenet.

163 909 198 970 lu
224 911 430 971 montuosis
459 912 579 990 potius
610 910 701 971 locis
729 924 830 990 quom
864 910 1084 973 fructicibus
1111 931 1211 992 quam

78 1017 123 1079 u
143 1016 300 1079 herbidis
326 1015 480 1099 campis]
514 1019 550 1078 ln
580 1021 721 1079 montosis
749 1021 851 1095 potius
883 1021 958 1080 locis
989 1026 1021 1081 et
1047 1018 1213 1096 fruticibus

95 1120 234 1186 ineundus.
273 1123 370 1186 deleto
399 1126 499 1203 priore
526 1124 591 1186 loco
614 1142 706 1201 quum
729 1126 836 1205 scripsi
864 1129 895 1186 iu
925 1130 1088 1189 montuosis
1111 1129 1213 1203 potius

93 1232 153 1292 loch
176 1229 350 1307 fruticibus.
397 1249 464 1292 num
493 1231 666 1313 fruticibus,
697 1234 748 1312 qui
776 1241 846 1293 sunt
878 1234 909 1293 in
938 1235 1102 1295 montuosis
1131 1232 1212 1313 locis,

92 1353 180 1417 caprae
202 1346 380 1420 pascuntur:
406 1341 462 1400 uisi
485 1341 585 1419 potius
604 1337 794 1400 scribendum
818 1348 882 1400 erat
910 1342 942 1400 iu
964 1343 1126 1402 montuosis
1144 1342 1218 1402 locis

69 1460 147 1506 -tuu
163 1444 336 1522 fructicibus.

164 1551 363 1632 Exiguntur
387 1554 422 1614 in
446 1551 629 1614 burburus
652 1552 745 1614 altos
769 1550 926 1630 montes]
957 1555 1116 1630 Gurpures
1139 1553 1215 1614 editu

10 1702 19 1735 r
88 1667 148 1720 tun
166 1659 328 1722 victorium
355 1659 546 1743 exemplaria,
574 1661 733 1722 Burburus
756 1659 878 1722 Victorii
909 1661 1000 1722 editio
1027 1663 1136 1740 primu,
1164 1658 1215 1720 sed

89 1765 235 1843 Gurpures
254 1767 384 1829 secunda
404 1777 434 1827 et
453 1765 559 1827 deinde
582 1766 713 1846 retiquae
733 1767 885 1828 editiones.
922 1776 1093 1847 corruptam
1115 1766 1216 1827 arche·

87 1875 350 1956 typiscriptursm,
375 1892 433 1954 qus
466 1892 573 1935 nomen
603 1877 746 1934 montium
775 1874 972 1954 significetur,
1001 1875 1119 1935 retinui.
1157 1891 1215 1934 non

85 1976 313 2043 metonomice
337 1979 439 2042 eudem
463 1998 511 2041 res
536 1988 673 2042 narratur
696 1978 723 2040 ll
742 1976 807 2060 8,5
830 1983 859 2041 si
880 1984 985 2042 exacti
1006 1989 1075 2041 suut
1100 1983 1214 2041 aestiuo
1265 1976 1268 1981 ’

84 2088 206 2165 ternpore
229 2092 261 2151 in
284 2096 405 2162 montes,
428 2091 512 2165 quod
530 2091 567 2162 fit
591 2090 621 2148 iu
646 2105 724 2163 apro
747 2088 887 2148 licutino.

165 2193 203 2256 17
237 2194 335 2266 Quod
359 2194 530 2256 hordeum
554 2203 589 2255 et
613 2192 691 2254 loha
719 2193 902 2255 interdum
929 2195 976 2255 sit
1003 2192 1214 2273 quibusdam

10 2333 16 2370 ρ
84 2293 303 2363 obiciendum
329 2312 363 2363 et
385 2302 538 2363 dandum
566 2300 681 2362 bubus
709 2299 869 2380 lupinum
893 2309 927 2361 et
955 2300 1119 2363 lactariis
1146 2320 1215 2362 mc·

83 2398 156 2467 dics
184 2418 218 2471 et
251 2407 423 2490 cytisum]
461 2411 549 2482 (lund
579 2411 704 2470 ordeum
736 2415 765 2470 et
794 2407 901 2485 fohom
934 2411 1085 2470 interdum
1112 2411 1216 2470 ouibus

81 2509 276 2578 obiiciendum
299 2523 330 2578 et
351 2518 486 2578 dandum
509 2518 606 2577 bubus
634 2517 768 2592 lupinum
796 2524 826 2576 et
848 2518 989 2576 lactariis
1015 2518 1163 2576 medicum
1187 2523 1217 2577 et

82 2623 222 2692 syrtium
247 2623 382 2686 Ursinus.
429 2624 568 2684 lenticius
597 2641 664 2684 cum
688 2623 803 2683 neutris
828 2623 984 2683 coniuncta
1012 2625 1159 2685 hordeum
1187 2630 1216 2683 et

77 2715 160 2806 fcta,
180 2734 299 2793 medica
322 2737 352 2792 et
374 2734 503 2808 cytisum
527 2731 718 2791 offensionem
743 2727 886 2808 praebere
907 2747 965 2789 non
985 2727 1140 2790 debebant.
1178 2728 1214 2788 dc

80 2837 261 2899 coniunctim
287 2837 372 2899 modo
397 2855 542 2899 unacum
567 2837 725 2897 indicativo
745 2837 850 2915 posito,
868 2838 907 2894 sit
925 2837 1123 2914 obiciendum,
1146 2854 1212 2894 crum

80 2943 231 3008 sueretu
250 2946 289 3018 fit
309 2951 427 3020 soture,
451 2952 593 3024 sequatur
616 2945 686 3002 item
711 2943 813 3016 dolor,
836 2940 947 3001 dictum
972 2949 1018 3000 est
1041 2939 1169 3023 1212.

165 3048 205 3112 18
239 3051 357 3113 Facere
379 3058 497 3128 oportet
520 3049 610 3110 editio
633 3050 774 3127 princeps
799 3045 977 3108 uPolitiouo
1001 3064 1060 3107 uon
1080 3057 1213 3108 correcta

76 3159 111 3217 et
122 3157 210 3219 codex
226 3157 380 3239 Caesenss,
396 3157 508 3235 facere
526 3161 671 3233 oportent,
691 3153 769 3232 quod
788 3153 901 3232 reliqua
915 3152 1082 3233 apographa
1096 3152 1214 3235 habent,

10 3296 18 3333 r
74 3252 108 3326 iu
128 3264 288 3346 archetypo
312 3265 403 3328 luisse
429 3264 555 3325 ridetur.

10 3336 16 3403 i

165 3369 205 3434 19
243 3374 311 3436 Ouo
333 3375 505 3434 iuuenemiu
528 3371 721 3448 appellabunt
744 3387 780 3429 ex
800 3366 958 3450 archetypo
982 3368 1144 3430 Politisnus
1165 3369 1213 3430 ad·

68 3482 186 3542 noterit
220 3479 264 3540 vel
297 3497 399 3541 errore
428 3479 525 3558 utiquo
554 3476 597 3536 vel
632 3477 701 3555 quis
729 3477 924 3551 appellabunt
951 3474 1021 3536 olim
1053 3478 1084 3537 in
1112 3476 1214 3537 codice

65 3588 228 3667 seriptum,
252 3584 357 3647 deinde
382 3590 550 3646 correctum
575 3590 652 3643 eret:
680 3599 761 3661 nam,
784 3598 843 3642 ooo
867 3583 938 3641 ione
961 3584 1041 3641 nemi
1062 3586 1215 3658 appellant

37 3693 241 3777 ·spogrsphn
270 3694 375 3753 omnio.
417 3682 582 3770 ὑπηνέμια
610 3688 772 3749 Politisnus
805 3693 835 3747 et
863 3696 930 3767 post
959 3685 1038 3747 hunc
1068 3687 1215 3749 Victorius

64 3821 106 3864 ex
133 3800 231 3862 Plinio
254 3798 281 3860 X
301 3797 364 3861 160
388 3808 418 3859 et
440 3795 599 3858 Aristotele
619 3795 685 3856 hist.
705 3797 792 3855 anim.
810 3793 834 3852 V
855 3791 883 3875 1,
897 3792 927 3855 4.
950 3792 987 3853 Vl
1006 3791 1035 3876 2,
1050 3791 1079 3855 8.

151 3907 480 3968 Remanserunt-in
504 3903 624 3966 uoluis
648 3904 790 3963 intimis
819 3910 950 3962 uocant
978 3898 1146 3978 chorion]
1177 3902 1213 3962 lu

62 4017 197 4080 calvolus
221 4017 340 4088 intimis,
363 4031 440 4090 quos
463 4019 573 4085 vocant
600 4007 717 4090 χορίον
745 4007 883 4088 Ursinus,
912 4011 943 4069 iu
966 4012 1058 4070 voluis
1087 4012 1215 4069 intimis:

63 4131 99 4189 iu
121 4128 161 4185 iis
181 4129 291 4183 uocant
309 4119 425 4204 χορίον
444 4117 609 4197 Nettleship
629 4114 723 4176 annui.
739 4114 876 4196 philolog.
896 4114 1062 4195 Cantabrig.
1082 4134 1107 4178 s.
1130 4114 1211 4178 1877

64 4252 97 4316 p.
120 4226 195 4292 174.
242 4228 325 4308 plura
350 4229 474 4308 periisse
497 4235 633 4306 apparet,
663 4241 738 4303 quse
766 4225 796 4283 in
819 4223 899 4283 htrnc
929 4222 991 4283 lere
1019 4223 1139 4285 modum
1168 4243 1212 4285 rc-
