2874 4994
10 40 52 293 V
407 108 538 164 RERVM
556 109 796 167 ursulentium
813 112 879 167 LIB.
899 114 911 167 1
932 111 949 168 9
1209 108 1251 173 39

109 277 171 324 cam
207 264 269 324 sint
292 263 401 325 multae
421 283 455 325 ac
473 263 632 326 dissimiles
650 272 760 347 partes,
783 264 819 326 ab
837 266 884 328 bis
903 267 1046 348 partibus,
1069 287 1137 330 cum
1156 271 1252 351 aliqua

96 383 128 427 re
143 389 198 433 ex
222 368 280 431 illis
299 370 460 450 generibus
478 374 568 434 mixta
587 380 641 454 est,
660 375 748 434 variis
767 372 936 436 nominibus
956 373 1129 454 appellatur.
1160 381 1251 440 varie-

90 478 158 539 tatis
203 486 306 538 autem
333 477 441 540 horum
465 479 670 541 discriminum
693 497 801 559 genera
833 482 873 540 ita
905 491 1071 562 comparata
1105 495 1186 565 sunt,
1220 495 1252 547 ut

80 581 269 646 subtiliora
292 586 382 647 etiam
405 585 574 646 discrimina
594 589 654 647 sint
678 593 707 647 et
730 588 760 647 in
780 605 838 647 una
857 606 975 668 quaque
994 590 1067 651 secie
1088 590 1134 651 vel
1152 595 1250 671 specie

71 690 267 754 minimum
296 701 379 754 terna
403 711 511 772 genera
539 696 735 755 inveniantur.
773 695 968 757 laciesssenim
998 705 1043 757 est
1071 699 1164 759 forma
1188 703 1250 779 agri

63 802 96 854 et
119 802 280 879 species
304 807 439 881 externa,
468 819 542 879 quae
571 803 660 861 variis
684 810 780 863 terrae
802 802 937 881 partibus
965 814 996 865 et
1022 805 1251 868 admixtionibus

58 901 252 969 efficitur:
270 903 372 988 114‚4
391 909 462 969 boni
483 910 605 968 seminis
628 926 697 969 sues
715 912 1001 971 animadvertuntur
1019 929 1039 970 a
1054 911 1147 992 facie,
1167 910 1249 994 t,12

54 1013 217 1076 nidere
237 1032 341 1076 eorum
361 1012 489 1090 facient,
512 1011 541 1094 8,
561 1011 581 1075 3
606 1013 692 1090 socie
715 1017 824 1077 debent
850 1034 914 1077 esse
933 1015 1074 1092 formosi,
1097 1014 1186 1099 1119,
1208 1018 1246 1081 ll

52 1128 235 1192 aspecta
257 1139 297 1182 uc
316 1120 402 1197 socie
425 1125 690 1184 incontaminatae.

195 1225 222 1289 ἕ)
252 1230 305 1291 Sic
328 1247 441 1306 muana
464 1232 527 1289 trio
553 1220 733 1291 discrimina
761 1238 877 1306 terroe,
905 1233 988 1306 qaod
1009 1231 1118 1307 refert,
1146 1241 1248 1294 atrurn

54 1331 96 1388 sit
116 1345 285 1411 macra,
309 1354 350 1397 an
369 1340 504 1413 pinquis,
528 1354 569 1397 an
591 1339 762 1412 mediocris,
785 1340 868 1412 qaod
885 1341 929 1400 ad
952 1342 1104 1399 culturam
1125 1344 1250 1416 pinariis

50 1433 292 1510 foecundior
310 1446 353 1504 ati
369 1447 472 1517 multa,
491 1460 599 1504 macra
618 1452 736 1505 contra.
773 1446 814 1505 ita
832 1443 904 1505 haec
923 1446 1052 1523 primum
1071 1445 1107 1505 ab
1127 1446 1248 1526 Angelio

53 1541 88 1600 in
112 1536 279 1610 lunum
304 1549 433 1612 editione
457 1549 535 1612 edita
559 1558 641 1630 sunt,
668 1549 697 1612 h.
717 1569 742 1613 e.
765 1569 869 1631 magna
897 1559 967 1613 suut
994 1555 1049 1613 tria
1078 1552 1249 1615 discrimina

55 1655 217 1737 terrae,
234 1657 312 1737 quod
333 1657 434 1738 relert,
453 1659 540 1718 errius
559 1659 677 1735 generis
693 1668 771 1718 terra
786 1661 833 1740 sit,
856 1667 1013 1739 propterea
1032 1660 1111 1738 quod
1131 1663 1248 1740 pinguis

57 1753 95 1813 td
121 1764 330 1827 multarum
352 1782 454 1826 rerum
479 1762 624 1826 culturam
651 1764 806 1827 secundior
835 1774 893 1846 est,
921 1785 1009 1846 quam
1037 1785 1143 1828 macra.
1181 1788 1247 1829 nam

57 1859 152 1922 olim
203 1872 324 1933 induas
344 1874 564 1933 enuntiationes
583 1871 657 1933 male
678 1872 769 1934 divisa
789 1883 873 1934 erant
892 1872 990 1955 rerba,
1013 1878 1058 1935 sic
1078 1893 1191 1951 maana
1208 1910 1245 1920 —

58 1969 269 2040 mediocris
292 1989 322 2041 et
344 1982 427 2055 quod
448 1981 492 2039 aci
509 1983 663 2041 culturam
685 2012 720 2022 -
743 1987 861 2055 contro,
886 1979 937 2041 ubi
956 1999 1015 2056 qao
1035 1984 1079 2041 aei
1095 1986 1248 2044 caltarum

59 2091 96 2133 εἰ
128 2078 270 2146 Aldina
294 2085 423 2147 editione
442 2084 591 2147 Victorius
615 2086 744 2147 dederat.
781 2104 878 2165 neque
898 2091 991 2165 magis
1012 2088 1131 2167 probari
1149 2080 1248 2169 potest

59 2186 182 2258 ll¹¹⁰d
211 2191 292 2254 Η.
311 2191 356 2255 W.
374 2190 536 2253 Muellerus
559 2195 592 2253 in
613 2191 854 2272 ephemeridibus
874 2192 1057 2255 scholasticis
1076 2195 1246 2257 Bcrolinen-

61 2284 192 2357 sibus
213 2318 237 2360 a.
259 2295 345 2362 1865
367 2318 395 2379 p.
416 2296 482 2362 800
504 2302 673 2381 proposuit,
701 2303 783 2376 qaod
811 2303 855 2362 ad
880 2304 1033 2363 culturam
1056 2320 1122 2362 esse
1150 2299 1246 2382 ‘quod

61 2392 97 2454 δᾶ
123 2406 310 2499 culturam
327 2402 485 2488 pertinet'.
522 2408 686 2486 geminatae
705 2410 933 2487 praepositionis
952 2408 1083 2488 exempla
1102 2411 1246 2490 adscripsi

61 2499 87 2561 ll
109 2515 246 2583 praet.
265 2511 295 2577 5.

196 2620 319 2701 ltaque
348 2640 414 2683 nus
442 2630 480 2682 ut
507 2623 543 2682 in
573 2623 721 2702 pupinia
754 2640 869 2701 neque
902 2621 1052 2683 arbores
1084 2625 1246 2702 prolixae

63 2735 221 2803 neque
243 2730 340 2790 uites
363 2714 522 2806 leraces]
551 2747 608 2790 nus
636 2747 705 2788 oum
732 2737 833 2789 vetere
862 2729 1066 2790 emendatione
1096 2735 1126 2791 in
1151 2735 1188 2792 iis
1216 2735 1245 2792 in

63 2825 267 2916 archetypo
291 2837 436 2917 scriptum
460 2836 523 2897 luit
561 2840 591 2896 in
615 2839 652 2896 iis
675 2834 801 2914 plurima
829 2835 995 2914 apographa
1023 2845 1053 2897 et
1076 2836 1153 2898 edita
1178 2837 1245 2897 inde

64 2929 276 3005 avictorio
303 2943 494 3024 exemplaria,
523 2947 554 3003 in
583 2960 620 3004 ea
644 2941 783 3021 Ursinus,
811 2944 842 3002 in
871 2945 946 3002 exiii
967 2941 1176 3004 Schneidcrus.
1214 2948 1245 3005 in

63 3044 194 3108 lmus·
217 3053 337 3130 scripsi,
370 3070 428 3131 quo
458 3048 599 3111 vocabulo
630 3048 721 3109 Varro
754 3067 827 3110 usus
859 3058 905 3110 est
931 3045 1059 3128 123,2
1087 3069 1183 3125 neque
1214 3055 1245 3112 in

60 3147 213 3223 pinque
229 3166 317 3220 terra
338 3161 439 3219 omnia
457 3165 603 3218 emantur
621 3163 705 3217 recte
723 3174 820 3232 neque
839 3159 869 3216 in
888 3173 996 3216 macra
1013 3157 1104 3216 nibil:
1131 3161 1246 3218 rectius

63 3254 184 3316 enim
206 3268 237 3326 in
260 3267 401 3326 tenuiore
423 3272 511 3326 terro
532 3283 569 3325 ea
588 3281 667 3339 qaae
691 3281 751 3324 non
769 3266 861 3324 multo
881 3266 1018 3340 indiqent
1036 3282 1118 3324 saca.
1155 3264 1243 3343 Pupi-

64 3356 181 3423 niam
206 3369 318 3432 tribum
345 3371 500 3432 sterilitate
529 3389 667 3450 agrorum
696 3369 854 3431 notabilem
883 3350 974 3432 luisse
1003 3370 1135 3432 indicant
1158 3370 1243 3432 Colu-

62 3461 319 3557 mella‘14,3
347 3479 500 3554 Pupiniae
524 3480 691 3555 pestilentis
717 3481 859 3539 simulet
887 3481 975 3539 exilis
1003 3482 1243 3552 apricationem

58 3565 193 3639 fuisse
221 3603 290 3647 eum
318 3587 485 3661 loquantur
512 3585 659 3645 historiae
686 3591 715 3644 et
739 3583 843 3645 Cicero
872 3584 909 3645 de
933 3583 987 3664 leg.
1007 3603 1067 3663 egr.
1087 3584 1112 3644 ll
1131 3575 1244 3665 35‚‘96

61 3687 188 3744 WOS
214 3709 286 3753 aero
312 3691 492 3753 Vaticanum
511 3697 539 3752 et
558 3692 721 3768 hoininm
741 3709 809 3753 eum
828 3694 891 3753 suis
910 3694 1015 3769 opimis
1034 3697 1125 3765 atqcue
1143 3694 1243 3752 riberi-

63 3776 134 3836 Μ
168 3801 298 3876 campis
321 3797 522 3874 conserendas
540 3801 658 3859 scilieet
679 3818 738 3860 non
759 3801 919 3876 patebunt.

180 3898 211 3963 6
235 3905 273 3965 ln
293 3905 469 3966 mediocri
483 3912 599 3966 auteur
615 3915 710 3965 terra
725 3915 762 3966 ut
776 3908 811 3966 in
827 3904 960 3966 tiburti
980 3905 1071 3983 quod
1093 3905 1243 3984 propius

64 4003 243 4074 “medic
267 4020 304 4074 ut
326 4031 394 4073 non
414 4014 462 4073 sit
482 4030 599 4072 macra
618 4029 721 4090 quam
739 4020 777 4072 ut
796 4013 843 4073 sit
862 4014 981 4072 ieiuna
1003 4031 1041 4071 co
1061 4013 1100 4072 ad
1121 4030 1244 4072 omnes

65 4108 135 4157 ¹⁰⁸
163 4119 397 4181 commodior
416 4137 519 4199 quam
534 4121 564 4179 si
582 4118 832 4180 inclinauitad
847 4117 936 4179 illud
951 4119 1043 4198 quud
1058 4118 1242 4197 deterius]

75 4198 153 4270 ⁰⁸⁰
176 4231 315 4305 mopias
342 4246 378 4288 cr
406 4228 578 4289 coniectura
602 4225 701 4287 Ursini
725 4227 844 4305 scripsi:
872 4244 941 4286 nam
964 4226 1001 4288 de
1030 4229 1109 4286 omni
1133 4246 1242 4305 genere
