2874 4994
150 337 193 402 80
491 346 681 405 OOMMENT.
700 346 740 401 IN
758 345 947 404 VARRONIS

150 509 181 560 et
204 499 404 561 Schneiderus
427 511 457 562 et
480 511 548 582 post
575 502 798 584 complurimi,
826 503 880 581 qui
907 502 943 564 de
972 501 1028 564 hac
1054 503 1124 563 anui
1147 501 1235 565 dirisiu

150 610 269 686 copiose
292 606 531 689 disputaverunt,
553 610 584 669 in
616 627 748 670 errorem
776 609 892 671 inducti
919 617 990 670 suut
1018 616 1182 692 propterea,
1202 628 1235 691 qa

149 714 186 774 de
210 713 267 774 bde
291 732 493 796 numerorum,
513 717 564 794 qui
587 717 617 776 in
641 715 730 776 editis
748 713 976 797 exemplaribus,
994 717 1075 777 sicut
1092 733 1178 796 supra
1194 720 1235 778 scd

149 830 213 881 tum
236 831 291 903 est,
314 821 468 903 leguntur,
492 840 596 901 parum
627 821 788 884 constabat.
834 840 976 884 numeros
1004 831 1105 885 autem
1132 822 1235 904 arebat)

151 947 227 1008 quos
250 930 377 1008 restitui,
397 930 422 988 si
447 931 600 1008 sequimur
620 947 678 990 una
702 947 771 991 cum
791 936 872 990 certa
896 927 1105 990 emendatione
1127 931 1235 1011 quand

147 1036 239 1095 XLV
262 1053 317 1114 pro
346 1036 416 1108 XL,
441 1033 532 1096 Varro
565 1038 594 1096 iu
627 1044 695 1096 octo
728 1016 864 1115 partibus
891 1036 962 1097 anui
988 1037 1202 1099 constituendis
1228 1039 1236 1099 l

149 1146 292 1205 terminos
325 1141 473 1224 probavit,
502 1162 576 1222 quos
609 1143 716 1205 additis
749 1146 882 1205 numeris
913 1143 1046 1227 dierum,
1073 1142 1182 1224 quibus
1207 1163 1235 1207 nt

148 1253 270 1332 utimur,
293 1249 446 1329 adscripsi.

237 1357 371 1418 favonius
393 1374 418 1416 a.
439 1355 465 1416 d.
485 1355 536 1417 Vll
559 1356 597 1417 id.
622 1355 709 1420 l‘ebr.
733 1351 797 1441 (die
820 1356 871 1417 Vll
893 1375 932 1420 m.
956 1355 1128 1438 Februarii)

236 1465 456 1543 aequinoctium
476 1481 600 1524 vernum
619 1483 644 1524 a.
664 1464 691 1525 d.
706 1463 746 1524 lX
768 1463 823 1526 lsal.
838 1464 930 1544 April.
944 1458 1008 1548 (die
1023 1464 1116 1526 XXlV
1129 1484 1168 1527 m.
1181 1465 1235 1528 llar

238 1570 424 1651 vergiliarum
448 1577 571 1631 exortus
594 1573 680 1631 nonis
703 1570 788 1632 blaiis
812 1563 875 1655 (die
898 1570 950 1631 Vll
972 1590 1011 1633 m.
1034 1566 1118 1654 llaii)

240 1676 399 1739 solstitium
422 1694 447 1737 a.
466 1677 494 1738 d.
514 1675 577 1737 Vlll
599 1676 656 1738 lsal.
680 1676 733 1738 lul.
757 1674 818 1758 (die
843 1675 934 1736 XXlV
958 1696 996 1739 m.
1020 1675 1115 1761 lunii)

236 1783 386 1845 caniculae
411 1786 527 1863 signnm
551 1803 576 1844 a.
597 1783 625 1845 d.
644 1782 698 1843 Xll
717 1783 773 1844 kal.
797 1783 900 1846 Sextil.
924 1781 986 1862 (die
1009 1783 1078 1845 XXl
1102 1805 1141 1848 m.
1163 1781 1235 1871 lulli)

238 1884 458 1971 aequinoctium
482 1890 651 1952 autumnale
676 1909 701 1954 a.
720 1890 748 1953 d.
767 1889 803 1951 Vl
826 1890 882 1953 lsal.
905 1889 1026 1953 Octobr.
1056 1887 1121 1974 (die
1144 1892 1227 1954 XXVl

1096 2000 1235 2081 Septemb

237 2106 439 2185 vergiliarum·
454 2123 578 2166 occasus
606 2124 630 2165 a.
654 2105 682 2165 d.
707 2103 729 2163 V
756 2104 812 2167 kal.
836 2104 993 2167 Novembr.
1022 2099 1087 2190 (die
1116 2106 1223 2168 XXVlll

1142 2213 1235 2276 Octobri

237 2320 340 2382 bruma
365 2340 390 2380 a.
409 2320 436 2380 d.
456 2319 496 2380 lX
519 2318 575 2381 kal.
599 2319 713 2380 lanuar.
737 2314 798 2401 (die
822 2318 913 2379 XXlV
937 2338 975 2380 m.
998 2316 1193 2406 Decembris).

148 2428 200 2488 sed
225 2430 254 2488 in
279 2426 486 2488 constituenda
510 2426 615 2487 bruma
640 2427 684 2486 rel
712 2428 899 2506 aequinoctio
923 2427 1091 2489 autumnali
1117 2430 1178 2510 ipse
1200 2427 1234 2489 alia

148 2537 293 2595 rationem
317 2544 439 2595 secutus
463 2542 509 2594 est
531 2535 561 2593 in
584 2534 622 2593 iis
646 2551 721 2612 quae
745 2533 782 2593 de
805 2541 891 2595 sexto
915 2533 1073 2595 interuallo
1091 2538 1235 2614 scriptasu

147 2639 232 2722 34,1
256 2650 342 2702 sexto
361 2644 520 2701 interuallo
540 2642 578 2700 ub
598 2643 789 2716 aequinoctio
810 2645 982 2702 autumnali
999 2643 1235 2719 inciperemus

146 2755 286 2824 oportere
298 2766 404 2808 serere
418 2766 512 2823 usque
531 2749 575 2807 au
590 2751 669 2808 diem
687 2751 913 2823 nonagesimum
932 2766 1045 2820 unum;
1059 2758 1128 2826 post
1145 2752 1235 2813 imru

145 2857 208 2915 uim
224 2873 303 2930 quoe
321 2858 497 2916 necessaria
517 2873 612 2915 causo
631 2858 775 2932 coeperit,
792 2873 851 2917 uon
870 2874 984 2918 serere.
1008 2874 1076 2917 uam
1096 2863 1129 2919 ut
1146 2872 1235 2918 nuncu

146 2961 347 3041 compleretur
365 2962 482 3023 dierum
506 2964 596 3023 unitus
619 2972 649 3022 et
672 2964 831 3041 nonaginta
855 2961 891 3023 ab
915 2965 1105 3043 aequinoctio
1128 2973 1235 3026 autumna

145 3087 240 3150 usque
268 3069 303 3129 ad
332 3067 481 3151 brumam,
505 3072 662 3148 utriusque
692 3068 811 3149 quidem
840 3071 983 3150 temporis
1010 3070 1074 3153 die,
1098 3080 1131 3133 ut
1156 3087 1235 3152 pares

146 3177 374 3257 comprehenso,
402 3184 453 3236 aut
481 3179 699 3255 aequinoctium
727 3194 753 3236 a.
777 3176 803 3238 d.
827 3176 877 3236 Vll
899 3176 954 3239 lsal.
978 3175 1100 3239 Octobr.
1126 3172 1183 3262 (die
1199 3173 1235 3237 XX

147 3302 183 3344 m.
208 3277 407 3366 Septembris)
432 3284 674 3345 constituendum
698 3293 774 3357 erat,
799 3293 851 3345 aut
872 3285 973 3365 potius
995 3284 1103 3346 bruma
1125 3305 1149 3347 a.
1170 3280 1235 3346 d.Vl

145 3390 199 3451 kal.
232 3389 347 3451 lanuar.
381 3386 443 3471 (die
472 3389 549 3449 XXV
579 3410 616 3451 m.
640 3384 836 3473 Decembris).
881 3390 961 3453 nulla
993 3401 1095 3454 autem
1126 3392 1235 3456 auctorit

143 3496 301 3558 tribuenda
325 3505 371 3557 est
393 3496 522 3559 rubricis
545 3507 612 3559 ante
637 3497 717 3559 bunc
739 3497 847 3560 librum
872 3500 999 3578 scriptis.
1046 3518 1121 3580 quas
1142 3502 1188 3582 qni
1202 3515 1235 3559 cu

145 3606 214 3665 lecit
237 3612 267 3664 et
289 3604 354 3664 dies
377 3613 556 3687 menstruos,
580 3624 655 3684 qnos
675 3604 766 3667 Varro
791 3624 850 3666 nou
872 3605 1066 3688 iudicaverat,
1088 3611 1152 3689 ipse
1171 3603 1235 3668 addid

143 3721 174 3772 et
196 3709 346 3771 intervalla
369 3712 447 3773 inter
466 3710 519 3772 bus
542 3713 606 3773 dies
625 3731 641 3772 a
661 3711 801 3774 Varronis
824 3714 957 3774 numeris
975 3712 1063 3792 plane
1081 3714 1189 3777 diuersa
1201 3728 1235 3773 ou

144 3819 248 3878 stituit.
296 3826 429 3880 ceterum
453 3821 478 3880 si
502 3822 569 3898 quis
592 3822 735 3881 terminos
759 3839 774 3880 a
798 3804 929 3881 Varrone
953 3823 1077 3904 positos,
1100 3841 1172 3904 quos
1186 3835 1235 3898 sapt

143 3925 279 4006 indicari,
302 3925 338 3986 ad
362 3944 412 3987 eas
435 3945 564 4008 normas,
587 3946 660 4007 quas
684 3925 843 3988 Columella
866 3926 1003 4009 Eudoxo,
1027 3937 1062 3991 ut
1084 3932 1138 4011 ait,
1159 3933 1235 3991 auctu

142 4041 263 4092 secutus
291 4041 350 4112 est,
378 4042 478 4113 aptare
509 4033 590 4116 velit,
619 4036 736 4095 numeri
764 4036 817 4114 qui
843 4042 929 4096 erant
956 4035 988 4096 iu
1016 4035 1120 4099 codice
1146 4032 1235 4118 pontu

142 4139 214 4199 loeis
238 4139 370 4200 mutandi
394 4151 490 4202 erunt.
537 4141 616 4203 velut
640 4142 665 4202 si
689 4140 839 4204 caniculae
863 4144 994 4224 signum,
1018 4144 1138 4205 uitiari
1157 4136 1235 4203 ubba

141 4248 171 4305 in
196 4264 220 4304 a.
244 4244 271 4304 d.
290 4243 357 4305 Xlll
375 4245 431 4307 kal.
456 4246 582 4308 Sextiles
605 4258 759 4331 posuerat,
784 4258 891 4330 quarto
914 4249 1071 4312 intervallo
1093 4250 1153 4311 dias
1171 4246 1235 4325 ritib

142 4369 206 4431 sex,
234 4354 337 4430 quinto
370 4354 433 4414 dies
466 4357 616 4434 sexaginta
649 4365 716 4417 octo
745 4355 896 4418 tribuendi
924 4366 1020 4420 erant
1063 4356 1114 4419 scd
1139 4352 1235 4436 quartu

141 4462 298 4538 nescimus,
314 4478 387 4539 quas
405 4462 536 4524 rationes
551 4461 642 4524 Varro
661 4466 691 4525 iu
711 4463 759 4525 his
776 4465 913 4525 terminis
927 4465 1139 4528 constituendis
1152 4465 1235 4523 wart!
