2874 4994
360 105 490 162 nnevu
509 106 748 163 nvsrrcsnvu
765 108 833 164 me.
852 109 878 163 u
899 109 937 165 11
1065 76 1070 80 ’
1145 103 1209 167 213

69 258 158 320 aude
196 271 295 340 pasta
332 261 371 322 ad
404 261 694 342 perpurgandum
730 281 767 323 ea
806 282 894 342 quae
926 263 1136 344 auuridipas
1168 286 1209 327 eo

68 368 181 445 magis
209 368 322 430 luisse
351 388 391 429 ex
423 369 532 430 herba
566 388 653 449 quae
686 372 763 450 ipso
796 379 956 449 sumptae
989 389 1240 452 perpurget-e·

66 473 190 536 solent
213 493 365 555 corpora
389 474 528 553 nostra]
553 476 656 553 anis
675 476 773 553 fuisse
795 476 957 538 Politianus
981 490 1011 539 et
1034 480 1209 560 apographa,

64 585 167 657 mopis
189 586 323 644 niuosae
346 600 450 663 parum
473 594 610 643 accurate
630 582 778 644 Victorius
801 602 836 643 ex
861 584 962 645 codice
986 583 1142 645 adnotavit.
1180 597 1209 648 et

64 692 181 750 mulctu
205 707 259 769 pro
282 697 312 750 et
334 707 354 750 α
377 698 457 751 motu
480 688 561 750 dedit
580 688 701 770 Merula,
720 698 749 751 et
767 709 787 751 a
809 695 922 752 mulctu
941 690 1100 773 lucundus,
1120 711 1208 771 quem

64 793 176 873 reliqui
199 795 329 857 editores
353 799 448 858 secuti
471 807 549 857 sunt.
595 798 634 856 ud
662 798 755 857 ordeo
788 806 818 858 et
848 801 959 874 stipulo
990 797 1066 859 edita
1095 799 1162 860 inde
1192 818 1208 859 a

65 902 203 981 principe
227 902 356 963 editione
380 902 567 981 exemplaria.
613 905 656 963 ad
678 906 931 979 perpurpcndum
954 924 991 965 eu
1014 924 1093 980 puae
1116 910 1210 968 uiridi

60 1026 182 1086 pascuo
205 1013 301 1085 stupis
316 1013 410 1085 fluere
429 1028 469 1070 ex
491 1011 587 1070 herda
606 1027 685 1085 quoe
703 1012 769 1087 ipsu
788 1018 906 1087 sumptu
925 1030 1122 1088 perpurpure
1140 1031 1207 1074 cnr·

59 1133 144 1192 poro
166 1123 271 1176 nostru
294 1120 370 1178 solet
392 1115 516 1177 Merula
556 1118 638 1191 pund
659 1119 697 1189 fit
724 1117 763 1176 od
790 1119 882 1178 ordeo
907 1150 949 1160 -
969 1121 1088 1194 pecude
1106 1128 1207 1196 pasta,

63 1224 101 1282 id
121 1224 225 1284 elidite
252 1226 296 1284 ud
318 1225 583 1300 perpurpnudum,
612 1225 645 1284 r'd
674 1226 756 1303 quod
786 1242 806 1284 a
838 1227 933 1286 uiridi
953 1243 1083 1301 pascuo,
1116 1231 1145 1285 et
1172 1243 1207 1286 eo

59 1331 163 1403 napis
181 1331 269 1403 fluxe
286 1348 327 1391 ex
349 1332 453 1405 herda,
472 1348 552 1405 quue
575 1331 679 1390 eodem
700 1333 765 1406 ipso
788 1338 907 1407 suompte
926 1350 1123 1408 perpurpure
1141 1350 1207 1393 cor·
1310 1331 1311 1337 ’

54 1451 142 1514 porc
165 1443 271 1496 nostru
294 1440 368 1498 solet
392 1435 558 1515 lucundus,
582 1455 657 1515 quae
681 1434 830 1498 Victorius
853 1439 1003 1518 repetivit,
1027 1437 1077 1497 sed
1102 1440 1208 1499 eudem

59 1542 172 1602 omisit.
213 1551 308 1620 postu
333 1561 386 1622 pro
406 1560 523 1619 pascuo
547 1560 583 1603 ex
608 1538 723 1604 ‘vetere
752 1540 871 1604 codice'
894 1543 1020 1605 Ursinus
1048 1543 1206 1624 adnotavit,

60 1649 179 1730 reliqua
203 1651 243 1710 ita
266 1649 387 1728 legenda
412 1667 478 1709 esse
501 1641 636 1733 coniecit,
655 1658 686 1712 et
707 1669 742 1713 eo
765 1655 862 1728 mapis
884 1655 913 1713 si
934 1670 1008 1713 usae
1031 1654 1074 1712 eis
1097 1654 1207 1732 ludis,

57 1775 143 1834 quae
165 1759 288 1836 eaedem
316 1761 400 1834 ipsae
427 1764 563 1834 sumptae
586 1776 783 1834 perpurpure
810 1776 943 1835 corporo
970 1745 1076 1818 nostra
1103 1762 1205 1820 solent.

58 1863 222 1932 lectionem
242 1863 394 1944 archetypi
413 1883 428 1924 a
447 1863 577 1925 victorio
596 1862 762 1924 adnotatam
782 1865 912 1944 Scaliger
931 1867 961 1925 in
983 1864 1061 1924 lrunc
1087 1864 1206 1925 rnodum

57 1973 202 2051 correxit,
224 1974 306 2048 quod
324 1975 361 2045 fit
384 1973 423 2031 cl>
446 1973 539 2032 ordeo
559 1973 736 2047 -pecude
754 1980 853 2048 pasto.
892 1973 935 2032 od
953 1974 1205 2048 perpurpcndum

57 2096 98 2141 eo
131 2096 212 2154 quoe
243 2080 283 2139 od
310 2080 404 2139 uiridi
427 2095 544 2155 pascuo
572 2095 606 2139 eo
634 2080 744 2160 mopr's,
774 2081 804 2138 si
828 2096 868 2140 ex
895 2080 1005 2152 lierda,
1032 2095 1112 2152 puae
1139 2081 1205 2154 ipsu

56 2193 181 2262 sumpto
209 2201 413 2262 perpurpure·
436 2188 511 2246 solet
543 2202 675 2262 corpora
707 2192 826 2259 nostro,
857 2184 907 2244 ubi
935 2183 1099 2245 Pontedera
1128 2184 1204 2264 apud

58 2291 228 2354 Gesnerum
260 2310 295 2354 eo
327 2295 424 2367 mopis
455 2295 484 2352 ri
514 2310 570 2352 uso
606 2299 652 2353 ert
686 2294 782 2352 derdc
815 2293 949 2353 coniecit.
995 2291 1051 2350 hoe
1085 2301 1204 2371 recepto

58 2398 264 2461 Schneiderus
288 2400 408 2477 scripsit
431 2401 513 2474 quod
531 2402 568 2472 pt
590 2401 629 2459 od
651 2401 745 2460 ordeo
768 2431 812 2441 -
831 2401 951 2476 pecude
969 2406 1070 2475 posto,
1093 2400 1127 2459 id
1149 2401 1204 2459 cli·

26 2516 29 2521 '
58 2508 140 2567 dile:
168 2509 212 2567 ud
229 2508 483 2583 perpurpuudum
508 2508 547 2584 id,
571 2508 653 2581 quod
674 2507 713 2565 ud
736 2508 831 2566 uiridi
849 2524 975 2584 pascuo,
999 2513 1029 2566 ct
1050 2524 1085 2566 eo
1108 2509 1205 2581 mupis

57 2616 87 2676 ri
109 2631 167 2673 usu
190 2602 235 2674 est
257 2631 294 2674 eu
313 2614 418 2687 herda,
436 2630 516 2688 pune
534 2616 600 2689 ipsu
619 2621 717 2674 sumtu
730 2632 929 2690 perpurpore
947 2632 1080 2690 corpora
1099 2621 1204 2674 nostra

56 2725 143 2782 solet.
185 2721 239 2779 tria
267 2727 337 2779 sunt
360 2735 468 2797 genera
498 2718 702 2779 discriminum
726 2721 755 2778 in
781 2719 872 2799 lacte,
896 2739 970 2798 quae
994 2730 1095 2799 postea
1119 2737 1203 2779 arru-

58 2827 156 2886 ratins
185 2825 381 2906 deliniuntur,
410 2826 539 2904 primum
568 2844 583 2884 a
614 2824 812 2905 pastionibus,
841 2828 908 2903 quia
941 2828 1079 2903 interest,
1103 2832 1203 2885 utrum

58 2932 144 2994 arido
169 2930 275 3011 pabulo
299 2951 336 2992 an
362 2930 446 2992 viridi
467 2950 559 3010 pecus
579 2939 723 3012 pascatur,
742 2930 868 2990 alterum
887 2951 903 2990 a
922 2930 1070 3010 pecudum
1091 2942 1204 3009 natura,

58 3040 130 3119 quia
154 3037 231 3098 aliud
256 3046 303 3099 est
325 3037 369 3098 lac
394 3058 408 3098 a
435 3037 608 3118 valentibus
628 3037 706 3097 aliud
730 3055 745 3097 a
769 3036 929 3118 veteribus,
949 3039 1069 3097 tertium
1094 3055 1109 3097 a
1129 3037 1202 3098 mul-

58 3144 157 3225 gendo
182 3156 270 3223 atque
293 3155 374 3225 ortu,
398 3146 476 3205 sicut
509 3144 584 3204 inira
609 3146 752 3224 scriptum
777 3152 834 3224 est,
858 3143 936 3223 quod
962 3144 1066 3205 melius
1090 3153 1135 3204 est
1159 3145 1203 3205 lae

57 3231 140 3332 urrod
156 3255 291 3332 proximo
305 3261 439 3331 tempore
455 3262 521 3331 post
539 3260 657 3329 partum
677 3253 814 3311 sumitur.
837 3251 936 3329 itaque
951 3255 990 3313 nd
1004 3259 1073 3313 ortu
1088 3254 1203 3332 scripsi.

56 3361 179 3439 gravius
208 3369 347 3438 corrupta
376 3369 445 3420 sunt
473 3377 505 3418 ea
530 3376 604 3437 quae
633 3357 669 3417 de
698 3355 881 3436 pastionibus
910 3361 1019 3437 scripta
1048 3369 1125 3419 sunt.
1171 3362 1201 3419 ln

59 3464 171 3546 qulbus
194 3480 262 3526 cum
286 3466 444 3526 manifesto
463 3463 522 3524 duro
545 3482 654 3542 genere
677 3464 761 3524 lactis
785 3462 1000 3538 discernantur,
1021 3465 1146 3525 alterum
1166 3465 1200 3524 ad

58 3571 200 3633 alendum
230 3573 315 3654 utile,
341 3573 418 3651 quod
449 3574 592 3651 optimum
621 3571 653 3632 lit
680 3590 695 3630 a
724 3568 838 3651 pecude
866 3568 948 3630 arido
975 3569 1082 3649 pabulo
1112 3583 1204 3652 pasta,

56 3679 184 3741 alterum
208 3678 243 3738 ad
268 3678 454 3758 purgandum
477 3687 578 3759 aptum
606 3677 642 3738 ab
667 3697 700 3739 ea
728 3675 854 3759 pecude,
877 3696 952 3756 quae
986 3676 1071 3759 viridi
1096 3677 1202 3755 palude

57 3789 203 3867 pascitur,
227 3787 336 3865 prioris
359 3787 476 3863 generis
500 3785 700 3845 dellnitionem
728 3787 759 3844 iu
788 3784 871 3844 libris
900 3783 1104 3864 imperfectam
1134 3800 1200 3843 esse

55 3903 194 3973 apparet,
217 3892 295 3971 quod
321 3893 432 3952 viderat
454 3890 612 3952 lucundus.
659 3893 689 3951 in
717 3891 810 3951 altero
838 3909 946 3971 genere
976 3890 1064 3951 verba
1094 3892 1198 3952 vitiose

55 4005 87 4062 in
112 3998 273 4078 archetypo
296 3999 404 4076 scripta
429 4005 526 4077 erant3
554 3997 730 4057 sententiam
758 3995 979 4057 emendationes
1004 3996 1145 4078 Scaligeri
1169 4008 1198 4058 et

60 4107 162 4168 Ursini
185 4113 376 4184 aperuerunt.
422 4122 488 4164 nam
512 4103 547 4163 ad
577 4103 819 4182 perpurgandnm
844 4102 914 4163 utile
939 4120 1004 4161 esse
1028 4104 1135 4165 dicitur
1159 4104 1202 4164 lae

57 4213 137 4296 quod
162 4213 196 4273 fit
219 4230 235 4272 a
258 4210 372 4292 pecude
396 4228 471 4292 quae
496 4210 581 4272 viridi
610 4219 692 4289 pasta
721 4212 775 4290 sit,
798 4211 922 4269 maxime
951 4210 977 4267 si
1005 4227 1056 4268 eae
1084 4210 1201 4289 herbae,
