2874 4994
152 312 215 378 156
491 322 680 376 COMMENT.
700 323 740 376 IN
759 321 947 377 VARRONIS

150 495 233 556 (μιν,
246 475 376 554 licere]
411 479 521 539 Itiusee
550 495 663 555 coprus
691 495 727 537 ex
757 477 928 537 coniectura
956 464 1257 555 rontonnacum,

148 586 321 658 habereque
352 592 436 645 recte
468 589 562 647 licere
589 603 624 645 ex
659 583 761 644 Aldina
790 582 921 645 editione
949 589 1106 663 receptum
1132 590 1182 644 est
1209 600 1256 645 um

149 693 189 752 ita
212 693 242 751 in
266 690 389 770 reliquis
412 692 548 753 formulis
571 694 717 770 scriptum
740 698 794 752 est.

238 796 335 868 Quod
361 800 465 859 etiam
489 798 678 859 archelaus
702 795 854 874 scribit]
882 798 970 870 Quod
991 799 1096 872 etium,
1122 802 1154 856 ut
1173 796 1253 858 Arabe

148 909 215 965 tuus
246 907 354 966 scribit
386 902 586 965 Schneiderus
619 905 755 964 coniecit.
799 902 968 964 Alcmaeoni
997 920 1062 963 eam
1093 921 1155 963 rem
1179 899 1252 963 tribuit

148 1010 321 1072 Aristoteles
340 1011 407 1072 bist.
427 1013 514 1071 anim.
533 1010 546 1070 Ι
567 1010 617 1092 11,
631 1009 675 1073 45
697 998 881 1091 Ἀλκμαίων
904 1001 969 1090 γὰρ
990 1000 1054 1071 οὐκ
1071 1001 1178 1091 ἀληθῆ
1192 1003 1251 1089 dita

149 1111 300 1198 φάμενος
326 1109 489 1180 ἀναπνεῖν
515 1110 573 1192 τὰς
600 1109 695 1198 αἶγας
722 1107 804 1179 κατὰ
832 1108 873 1178 τὰ
898 1102 976 1177 ὦτα.
1022 1115 1180 1177 Archelaus
1196 1133 1250 1196 pne

149 1234 229 1286 terea
253 1225 329 1304 apud
354 1225 513 1286 Varronem
538 1225 702 1305 appellatur
726 1224 765 1284 lll
787 1220 873 1304 11,5
896 1234 926 1284 et
951 1221 1003 1305 12,
1015 1221 1046 1284 4.

237 1330 257 1394 6
291 1334 336 1408 Id,
355 1340 388 1394 ut
403 1337 560 1414 pleraque,
579 1336 681 1409 tepide
700 1339 754 1393 eut
772 1339 848 1393 testu
866 1333 1022 1392 substerni
1035 1335 1159 1411 oportet,
1170 1332 1251 1406 cupuli

146 1457 205 1514 quo
223 1443 321 1500 minus
343 1443 383 1499 sit
406 1443 595 1515 ulipr'nosum.
632 1440 672 1499 ita
696 1438 768 1499 baec
792 1446 873 1499 recte
897 1437 934 1498 ab
962 1435 1129 1499 editoribus
1150 1434 1249 1496 distinet

145 1556 237 1606 erant.
274 1564 342 1606 nam
366 1556 472 1607 neutro
495 1564 605 1625 genere
624 1548 809 1626 pronominis
833 1549 867 1606 id
885 1545 1073 1623 significatur
1092 1542 1160 1605 illud
1176 1545 1201 1603 in
1214 1560 1249 1621 qn

143 1672 235 1733 pecus
263 1652 436 1714 stabulatur.
483 1653 512 1713 id
540 1655 644 1735 igitur,
673 1655 751 1714 sicut
778 1652 921 1732 pleraque
949 1650 1080 1734 stabula,
1113 1649 1198 1730 lapide
1219 1657 1249 1708 ut

143 1768 218 1821 testa
238 1759 487 1832 substernendum
504 1769 558 1841 est,
579 1779 616 1820 ne
636 1759 745 1839 caprile
765 1759 943 1839 uliginosum
964 1761 1012 1820 sit.
1051 1761 1121 1820 item
1138 1763 1169 1818 ut
1180 1759 1248 1834 plere

93 1847 97 1855 ⁶
143 1885 261 1941 que-
280 1870 435 1928 substerni
456 1874 574 1945 eportet
596 1870 726 1944 caprile,
755 1870 914 1942 quominus
942 1873 998 1926 etc
1024 1867 1151 1926 coniecit
1170 1861 1247 1922 lleidrl

143 1972 229 2032 chius
248 1971 419 2032 Varronian.
439 1973 450 2031 l
470 1992 498 2052 p.
517 1970 559 2034 36
580 1973 644 2034 coll.
665 1969 798 2052 115,16
821 1972 858 2033 de
883 1971 984 2033 vitulis
1004 1976 1075 2033 item
1094 1975 1148 2046 bis,
1167 1978 1195 2030 ut
1205 1967 1247 2044 serr

146 2083 176 2139 in
196 2081 332 2140 omnibus
346 2083 481 2158 stabulis,
494 2083 611 2157 lapides
629 2083 850 2141 substernendi.
887 2079 993 2139 similis
1014 2079 1190 2157 pronominis
1203 2091 1246 2136 usn

143 2188 293 2265 reperitur
316 2188 346 2246 in
366 2186 422 2267 his,
445 2186 571 2249 l3ers
591 2191 624 2247 id
642 2206 682 2247 un
701 2190 776 2261 quid
793 2190 887 2266 uliud,
911 2181 1001 2262 31,5
1021 2189 1055 2247 id
1071 2191 1145 2247 solet
1160 2185 1246 2254 uncie

141 2289 186 2353 42
214 2295 248 2353 id
272 2297 388 2355 seritur
417 2297 474 2369 itu,
503 2292 651 2372 111›11,1
676 2297 704 2355 si
727 2286 760 2353 id
781 2312 854 2367 non,
883 2290 945 2372 12,
965 2288 1007 2353 26
1035 2310 1129 2368 eoque
1149 2304 1247 2365 unpuert

143 2418 262 2477 corpus,
286 2399 325 2460 lll
349 2397 398 2480 16,
413 2397 455 2460 28
480 2419 519 2461 ere
543 2419 577 2460 ce
597 2399 701 2475 suetos
724 2401 803 2474 ulfus
826 2402 1000 2476 adponunt;
1023 2401 1096 2460 item
1115 2401 1144 2459 in
1161 2395 1246 2458 relatiu

142 2509 316 2586 pronomine
341 2507 352 2566 l
373 2504 459 2588 29‚3
483 2511 565 2582 qued
586 2515 631 2567 est
650 2511 730 2568 inter
753 2510 828 2567 duos
845 2511 946 2567 sulces
964 2511 1048 2568 elatu
1068 2512 1152 2567 terre
1169 2505 1246 2564 din'tu

139 2632 253 2695 porca,
281 2610 378 2693 Ι8,6
406 2617 488 2688 quod
510 2618 630 2689 antiqui
652 2615 802 2674 nocebunt
830 2621 952 2694 cesturn,
980 2612 1023 2673 lll
1043 2611 1108 2693 7‚2
1130 2612 1201 2688 quod
1214 2609 1247 2668 ubl

143 2728 253 2780 uocant
272 2724 473 2796 peristeronu.

232 2827 393 2887 Substerui
410 2825 553 2901 uirputte's
572 2825 744 2908 Politianus,
767 2829 986 2889 substernimus
1005 2830 1148 2903 uirputtis
1164 2827 1192 2906 l,
1203 2822 1246 2883 ub

142 2938 239 2994 sterni
268 2937 361 3008 pultis
393 2932 520 3011 plurima
549 2935 730 3016 apographa,
764 2943 794 2995 et
827 2934 883 2994 hoc
915 2933 1033 2995 videtur
1066 2936 1096 2994 in
1128 2933 1246 3008 arcletpr

144 3042 288 3119 scriptum
312 3041 414 3121 luisse,
437 3049 539 3118 postea
563 3051 732 3102 correctum
756 3044 913 3103 substerni
934 3044 1085 3116 uirputtis.

230 3146 328 3217 Quod
348 3154 465 3207 tamen
486 3146 617 3208 babent
635 3166 697 3208 sua
715 3149 863 3228 propria
883 3145 1073 3227 quaedam]
1094 3149 1185 3208 Habet
1197 3140 1246 3203 edili

141 3254 209 3315 inde
243 3274 258 3314 a
290 3257 423 3334 principe
457 3253 587 3314 editione
616 3255 803 3334 exemplaria.
850 3253 965 3314 incluso
999 3256 1170 3333 pronomine
1195 3245 1248 3325 qual

143 3360 286 3440 pluralem
310 3379 475 3440 numerum,
500 3369 599 3422 tumen
623 3365 744 3436 babent,
767 3363 892 3422 restitui.

232 3464 250 3526 7
284 3466 308 3525 Α
345 3468 526 3545 carpendo
565 3486 693 3547 caprae
732 3464 952 3543 nominatae]
995 3466 1078 3528 Paul.
1114 3484 1171 3526 exc.
1197 3461 1247 3522 iet

141 3592 168 3651 p.
189 3570 241 3652 48,
259 3570 300 3633 14
323 3574 442 3650 Cuprae
461 3578 571 3649 dictae,
586 3578 669 3650 quod
682 3594 768 3636 ornue
784 3578 949 3649 uirpultum
967 3582 1110 3651 carpum.
1127 3606 1162 3617 -
1175 3563 1246 3632 deind

143 3697 269 3753 cuprurn
297 3689 413 3755 reatum,
442 3681 519 3761 quod
549 3681 659 3743 habent
687 3681 869 3762 apographa,
898 3683 929 3740 in
957 3680 1119 3760 archetypo
1141 3681 1248 3758 scapton
1284 3662 1286 3671 ¹

143 3793 222 3864 erat;
249 3804 346 3862 eupru
370 3797 473 3849 nutum
502 3791 531 3849 in
555 3792 690 3868 principe
720 3789 849 3849 editione
872 3787 1037 3849 Politianns
1066 3807 1125 3849 non
1147 3782 1249 3849 correxit

227 3890 355 3953 Harum
380 3897 472 3954 enim
498 3895 627 3956 dentes
651 3898 793 3956 inimici
813 3893 985 3972 sationis]
1006 3893 1198 3956 Scribenduru
1210 3893 1253 3950 aral

141 4001 241 4077 potius
266 4005 381 4062 inimici
401 4005 527 4062 sationi:
551 4003 562 4062 l
585 4002 674 4083 13,a
697 4006 806 4078 quibus
830 4005 948 4063 caetum
962 4006 1101 4079 pluuium
1125 4004 1255 4069 inimicum

142 4105 153 4165 l
173 4104 258 4187 41,1
286 4126 368 4180 uque
391 4113 509 4169 recenti
532 4112 620 4171 insito
644 4113 776 4170 inimice.

233 4213 310 4270 Sunt
333 4216 392 4273 duo
415 4217 509 4275 benedi
531 4225 560 4276 et
582 4235 681 4293 cupre
702 4236 761 4278 non
791 4220 879 4291 torpe
907 4234 926 4276 u
955 4223 1047 4278 tauro
1078 4216 1170 4278 deleri
1194 4212 1264 4275 roldt

144 4315 270 4376 Ursinus
293 4325 440 4397 tamquam
465 4321 605 4382 translata
629 4343 664 4383 ex
689 4323 715 4382 ll
736 4321 764 4404 1,
780 4320 809 4384 8.
847 4323 927 4383 hunc
955 4325 1055 4384 secuti
1081 4323 1225 4386 Gesnerus
1245 4328 1269 4381 et

143 4421 341 4485 Schneiderus
365 4426 454 4486 verba
478 4426 672 4490 incluserunt.
