2874 4994
443 322 574 378 RERVM
591 323 830 380 RVSTICARVM
847 325 916 381 LIB.
935 324 974 381 ΠΙ
994 324 1011 381 9
1231 318 1295 383 261

247 477 368 540 Gallos
391 485 555 541 castrant
578 488 616 542 ut
638 482 711 542 sint
734 482 812 561 capi
836 480 1003 542 candenti
1027 481 1124 543 lerro
1142 483 1296 543 inuren-

157 594 209 648 tes
233 587 273 648 ad
296 587 420 648 iniima
443 605 549 649 crura
573 605 685 668 usque
709 586 788 649 dum
812 596 1000 669 rumpatur
1022 597 1056 650 at
1084 589 1176 668 quod
1200 597 1297 651 extat

155 695 258 757 ulcus
282 694 450 758 oblinunt
472 695 598 775 figlina
623 692 737 774 creta]
756 696 952 773 Rumpuntur
971 703 1001 758 et
1024 700 1156 758 illiniunt
1173 696 1295 759 Merula.

155 807 313 866 inurentes
332 805 472 866 calcario
491 805 535 863 ud
556 805 659 876 trifime
678 821 784 884 crure,
802 821 897 880 usque
915 807 985 865 dum
1004 813 1187 882 rumpentur
1205 814 1296 881 atque

154 917 238 972 ectet
260 914 356 992 ulcus,
378 913 461 987 quod
481 911 630 971 obliniunt
648 912 758 987 liuline
776 909 869 972 ¹crete
888 909 1048 993 lucuudus,
1072 915 1227 973 inurentes
1251 915 1294 973 in-

151 1022 228 1092 fime
246 1036 353 1093 crure,
368 1035 463 1094 usque
481 1019 551 1079 dune
569 1024 761 1095 rumpuntur,
782 1035 820 1080 uc
838 1022 923 1094 quod
938 1025 1025 1081 extet
1042 1023 1130 1080 ulcus
1147 1021 1297 1082 obliniunt

151 1128 260 1201 ‘iatine
298 1143 372 1187 cera
406 1124 541 1187 Ursinus.
586 1126 616 1185 iu
649 1126 797 1205 scriptura
829 1125 994 1209 archetypi,
1026 1143 1113 1206 qrram
1145 1111 1295 1188 Victorius

153 1234 340 1316 restituerat,
364 1249 417 1313 pro
446 1241 491 1315 nt,
515 1231 592 1311 quod
621 1234 651 1293 in
679 1231 734 1294 hac
762 1233 961 1314 descriptione
989 1232 1087 1294 locum
1115 1251 1174 1294 uon
1198 1231 1295 1309 hebet,

153 1348 182 1403 et
204 1342 321 1421 scripsi,
345 1342 532 1416 usquedum
555 1346 717 1416 rumpatur
740 1347 769 1402 et
792 1342 874 1416 quod
894 1346 980 1401 estut
997 1359 1063 1421 sqq.
1086 1339 1200 1420 reliqua
1223 1358 1293 1401 con-

152 1450 268 1509 iectura
286 1448 424 1527 temptari
442 1465 502 1507 non
522 1445 676 1507 debebant.
710 1463 777 1506 nam
797 1455 827 1508 et
846 1450 1000 1508 inurentes
1019 1449 1063 1507 nd
1080 1450 1183 1521 infime
1198 1466 1294 1509 crure

154 1572 214 1616 non
241 1554 368 1616 indicata
395 1561 492 1634 perte,
516 1571 590 1633 quae
619 1555 748 1615 inuritur
776 1555 805 1615 iu
834 1552 986 1635 cruribus,
1009 1562 1090 1615 recte
1119 1554 1241 1635 dicitur,
1265 1564 1295 1616 et

155 1664 226 1723 dum
249 1667 420 1740 rumpetur,
443 1658 472 1724 h.
486 1679 511 1721 e.
531 1659 602 1722 dum
620 1669 744 1741 ruptura
764 1660 822 1736 liat,
841 1679 895 1740 per
914 1679 946 1721 se
965 1662 1095 1740 ponitur.
1126 1665 1293 1724 accuratius

154 1767 313 1830 Columella
327 1766 392 1828 Vlll
405 1764 470 1851 2,3
490 1786 553 1828 rem
572 1767 739 1850 descripsit,
757 1787 814 1830 nec
833 1774 932 1831 temen
952 1771 986 1829 id
997 1772 1161 1846 potiuntur
1176 1774 1294 1831 emissis

151 1877 345 1952 uenitutidus,
359 1878 415 1937 sed
425 1874 514 1952 ferro
529 1877 679 1937 condente
698 1877 873 1937 calcaribus
893 1879 1008 1958 inustis,
1022 1894 1101 1953 quae
1115 1894 1183 1938 eum
1204 1880 1293 1953 cyneo

154 1987 184 2044 ri
201 1991 380 2062 consumpte
398 1981 582 2059 senticeta
601 1987 715 2060 ulcero,
735 1985 805 2045 dum
824 1993 1052 2066 consenescunt,
1063 1988 1194 2061 lipulori
1206 1994 1293 2046 crete

151 2093 297 2152 linuntur.
334 2089 413 2150 unde
437 2089 612 2171 interpolata
635 2090 744 2152 Adiuae
769 2090 909 2152 editionis
932 2091 1030 2175 lectio,
1054 2097 1210 2155 inurentes
1231 2098 1292 2156 cul-

153 2200 241 2259 coria
266 2199 309 2258 ud
331 2201 434 2272 infime
458 2216 564 2280 crure,
587 2201 679 2280 petita
703 2207 756 2260 est.

239 2301 262 2365 4
293 2302 360 2375 Qui
384 2314 525 2385 spectat
548 2315 586 2368 ut
609 2305 909 2368 ornithoboscion
932 2308 1137 2388 perlectum
1165 2307 1293 2369 habeat

151 2414 200 2473 sic
225 2409 314 2473 licet
335 2430 467 2492 genera
490 2416 522 2475 ei
552 2415 803 2496 triaparanda
830 2417 980 2476 maxime
1008 2413 1192 2476 uillaticas
1220 2413 1292 2495 gal-

149 2517 243 2580 linas
277 2539 293 2580 e
325 2520 406 2599 quis
438 2521 473 2579 iu
504 2519 660 2598 parando
691 2520 801 2600 eligat
828 2530 973 2603 oportet
1002 2521 1187 2600 iucundas]
1225 2525 1293 2584 Sint

147 2629 218 2689 lieet
251 2630 313 2688 triu
342 2644 460 2702 penem
489 2631 636 2704 parando
668 2627 788 2690 Merula.
833 2632 894 2690 sint
916 2633 987 2691 licet
1018 2632 1049 2691 ei
1076 2633 1138 2690 trin
1164 2648 1291 2712 ponere,

141 2736 292 2810 parendo
314 2737 446 2795 menime
468 2737 618 2797 villaticas
639 2740 772 2812 pollines
795 2744 925 2818 oportet,
950 2756 967 2798 e
990 2740 1074 2813 queis
1097 2740 1129 2798 in
1149 2740 1291 2815 parendo

145 2845 244 2918 elipet
258 2841 430 2919 foecundas
444 2840 604 2926 lucundus,
618 2847 679 2905 sint
696 2847 767 2907 iicet
782 2863 900 2921 uenere
919 2848 990 2922 tria,
1001 2847 1177 2923 perandum
1192 2851 1292 2906 tomen

140 2952 299 3011 villaticus
319 2952 465 3026 pullinos,
489 2968 506 3010 e
528 2954 595 3025 puis
621 2954 714 3026 erepat
737 2958 855 3029 oportet
874 2950 1029 3027 secundus
1052 2949 1186 3011 Ursinus.
1231 2951 1293 3012 sint

139 3060 220 3119 licet
243 3059 333 3118 etiam
356 3054 517 3137 Victorius,
540 3059 571 3117 in
600 3056 722 3137 reliquis
750 3056 902 3137 archetypi
930 3060 1108 3138 scripturam
1135 3059 1291 3137 expressit,

140 3163 201 3227 ubi
226 3162 357 3242 Scaliger
380 3166 497 3225 scilieet
524 3167 554 3224 ei
572 3182 690 3239 uenere
714 3167 775 3223 trie
799 3166 975 3240 parendum
1004 3161 1194 3223 scribendum
1222 3182 1291 3223 con·

137 3273 226 3332 iecit
272 3289 288 3331 e
313 3269 421 3350 quibus
445 3288 547 3331 rerum
571 3279 617 3330 est
639 3273 763 3344 seilicet,
787 3268 865 3350 quod
890 3288 925 3330 ex
950 3277 1049 3330 vetere
1073 3269 1289 3354 emendatione,

140 3386 181 3441 ut
205 3377 333 3460 ridetur,
355 3380 387 3439 iu
410 3376 527 3438 duobus
551 3376 703 3439 codicibus
726 3376 750 3437 d
773 3385 804 3438 et
826 3395 856 3437 m
880 3375 996 3457 legitur.
1044 3394 1111 3439 uam
1140 3376 1177 3438 de
1205 3396 1289 3439 accu-

143 3487 243 3548 sativo
267 3489 417 3548 villaticus
437 3488 570 3563 pollines
593 3494 661 3566 post
683 3485 860 3565 gerundium
892 3487 989 3565 posito
1013 3484 1206 3546 dubitandum
1230 3503 1289 3545 nou

143 3601 222 3674 erat,
240 3597 358 3655 seilicet
376 3611 495 3670 ponere
520 3597 551 3655 ei
572 3598 635 3655 triu
653 3595 809 3672 parendo,
828 3596 959 3655 maxime
977 3597 1127 3655 villaticus
1147 3596 1289 3669 pullinos.

237 3701 357 3762 Crista
380 3699 514 3778 erecta]
538 3701 637 3762 Crista
661 3707 747 3762 reete
768 3699 892 3761 Ursinus
911 3719 946 3760 ex
966 3698 1125 3762 Columella
1146 3696 1289 3781 vr112,8

144 3812 242 3870 rectas
270 3811 430 3884 militisque
458 3810 573 3882 eri'stis,
605 3805 683 3869 ib.9
711 3806 748 3869 de
776 3805 858 3887 gallis
881 3809 1022 3869 sudlirnes
1044 3811 1291 3883 sorceuineoeque

142 3934 205 3977 nec
228 3917 368 3991 obliquae
386 3917 507 3977 cristae.
545 3933 668 3995 geopon.
684 3913 747 3975 xlv
764 3911 826 3990 r‚9
852 3904 897 3987 ὠς
925 3908 1045 3975 ἐπίπαν
1067 3904 1132 3994 γὰρ
1156 3909 1193 3972 αί
1216 3910 1290 3987 ξαν-

142 4020 303 4098 ottonem
325 4016 379 4083 nul
402 4015 696 4104 nepcurodu'nivtoe
719 4013 775 4095 τὰς
799 4013 892 4095 ὄψεις
910 4012 1054 4101 μεγάλας
1077 4016 1210 4100 ἔχουσαι
1229 4014 1289 4080 τόν

143 4151 181 4193 τε
209 4122 320 4211 λόφον
352 4123 538 4211 ἐπηρμένον
570 4122 625 4190 καὶ
658 4125 695 4189 ul
725 4120 964 4209 μελανόπτεοοι
995 4120 1050 4187 nul
1082 4134 1151 4200 τοῖς
1178 4117 1290 4206 ’ὄγκοις

146 4232 290 4320 μεγάλαι
312 4231 391 4309 τούς
413 4255 447 4297 τε
471 4226 612 4316 ἄρρενας
635 4229 759 4318 ῥᾳδίως
782 4235 912 4296 οἴσουσι
941 4227 995 4294 nul
1023 4224 1107 4315 πρὸς
1131 4223 1291 4320 ᾠοτοκίας

149 4343 320 4426 κρείττους
342 4339 415 4405 eloi.

237 4446 257 4513 5
290 4447 408 4512 Gallos
432 4449 569 4512 salaces
593 4452 653 4530 qui
685 4448 978 4512 animaduertunt
1006 4451 1036 4511 si
1064 4458 1148 4511 sunt
1177 4451 1290 4514 lacer·
