2874 4994
352 348 482 404 RERVM
500 348 739 406 RVSTICARVM
758 349 824 405 LIB.
844 350 857 403 l
876 347 1007 406 ott-60
1189 340 1251 406 123

120 512 265 570 inmaturo
288 507 380 567 obrui
401 512 487 566 terra
511 507 543 565 in
565 508 631 567 ollis
650 503 749 581 fondo
767 505 906 586 effracto,
924 507 980 566 sed
996 509 1106 583 spiritu
1126 510 1250 567 excluso

120 631 156 676 oc
180 616 295 674 sarculo
315 617 386 690 pice
414 615 498 674 inlito
505 633 517 683 ;
544 615 589 674 sie
616 615 707 674 etiam
733 630 875 674 crescere
902 615 1098 690 amplitudine
1125 617 1249 688 maiore,

120 737 205 797 quom
220 722 336 798 possint
360 722 391 781 in
419 721 539 781 arbore.
585 721 650 799 ipse
674 717 765 780 Varro
795 727 916 780 secutus
944 727 990 780 est
1012 718 1250 799 Theophrastum

120 827 155 887 dc
180 845 251 888 caus.
274 825 364 907 piant.
384 825 407 883 V
426 823 492 908 6‚1
522 820 563 888 τὰ
587 818 624 888 ris
652 823 721 888 τῶν
746 823 883 907 καρπῶν
910 822 1036 906 μεγέθη
1062 829 1131 888 τῶν
1158 847 1251 888 κατο·

120 928 323 1015 ρνττομένων
347 929 384 995 ἐν
406 940 477 1007 ταῖς
499 927 643 1015 χύτραις,
662 923 744 995 ὅταν
767 924 932 1014 κατάγαιοι
954 927 1033 1006 τοὺς
1055 922 1250 1015 ἀκρεμόνας,

120 1027 191 1100 οἷον
210 1035 298 1120 ῥοῶν
320 1035 376 1102 καὶ
399 1032 514 1121 μήλων
538 1032 683 1120 εὐλόγως
706 1037 840 1120 γίνεται.
885 1032 923 1101 τό
947 1059 981 1101 τε
1008 1032 1072 1122 γὰρ
1102 1031 1167 1102 ὑπὸ
1189 1037 1251 1102 τοῦ

120 1136 287 1225 ἡλίουκαὶ
310 1120 372 1210 τοῦ
394 1137 492 1230 ἀέρος
514 1139 767 1229 ἀφαιρούμενον
790 1138 810 1228 ἡ
839 1142 941 1229 χύτρα
968 1143 1089 1210 κωλύει
1116 1141 1251 1209 ἄποστέ·

120 1267 218 1329 γοντα
240 1249 295 1316 καὶ
319 1246 386 1336 ἅμα
409 1246 470 1334 τὴν
495 1250 530 1316 ἐκ
552 1251 611 1335 τῆς
631 1252 693 1336 γῆς
711 1249 797 1316 ἕλκει
815 1252 944 1334 νοτίδα,
964 1245 1008 1316 δι’
1030 1239 1069 1335 ἧς
1089 1248 1250 1335 τρέφεται.

120 1376 151 1418 ex
175 1361 217 1422 his
239 1365 368 1442 primum
392 1381 489 1438 eoque
511 1366 540 1423 si
561 1365 716 1445 coieceris,
735 1364 812 1424 siout
835 1364 866 1422 in
890 1361 991 1423 codiee
1015 1364 1159 1442 scriptum
1179 1371 1250 1444 erat,

120 1470 241 1530 restitui:
266 1488 333 1531 nam
356 1472 419 1549 ipsa
444 1468 516 1529 nraia
540 1471 647 1548 punica
676 1488 744 1530 curn
772 1469 828 1530 olla
856 1471 886 1530 in
915 1477 1024 1530 terram
1053 1470 1251 1530 coniciuntur.

120 1569 219 1637 ieinde
243 1579 354 1639 obteris
378 1576 567 1639 scribendum
592 1595 657 1638 esse
687 1576 756 1638 oiim
785 1577 898 1638 viderat
920 1577 1027 1637 Petrus
1051 1575 1146 1636 Faber
1173 1594 1251 1637 com·

120 1691 202 1744 nent.
233 1686 265 1745 in
293 1683 387 1748 Cicer.
415 1684 542 1746 academ.
563 1682 574 1743 Ι
594 1681 614 1746 8
638 1704 664 1764 p.
684 1682 751 1746 274
778 1684 823 1745 ed.
852 1683 947 1744 Daris.
972 1681 1085 1744 collatis
1113 1684 1149 1743 iis
1177 1701 1252 1762 qnae

120 1803 201 1866 upra
227 1810 263 1852 ex
288 1792 381 1853 Plinio
409 1794 494 1873 posui
524 1800 554 1853 et
581 1794 675 1873 ipsius
698 1791 838 1852 Varronis
866 1790 965 1852 verbis
987 1789 1109 1873 1·41‚2
1137 1811 1176 1853 ne
1203 1811 1254 1855 eno

120 1898 263 1963 ”insecus
288 1902 396 1962 imbres
420 1907 550 1961 noceant
577 1905 632 1961 out
658 1903 768 1960 nimius
791 1903 886 1974 color,
910 1903 1022 1974 orpitlo
1052 1900 1253 1960 obtinendam.

120 1997 188 2066 lem
209 2015 313 2087 postea
328 2005 518 2068 Zahiieldtius
537 2008 678 2087 coniecit;
696 2008 842 2068 obtereris
860 2006 1029 2067 coniecerat
1044 2004 1253 2068 Schneidcrus.

120 2114 243 2194 eoique
263 2134 301 2176 ne
324 2132 359 2175 ex
378 2113 494 2175 Iuntina
519 2113 647 2174 editione
671 2115 779 2194 recepi,
803 2131 899 2188 eoque
921 2115 949 2174 si
970 2116 1117 2174 oor'eceris
1141 2116 1172 2201 in
1195 2121 1254 2175 ter·

120 2231 174 2278 tm
206 2229 236 2282 et
258 2219 370 2282 obteris
397 2224 515 2282 circum
538 2239 669 2296 romam,
692 2239 731 2282 ne
754 2223 944 2281 extrinsecus
967 2238 1031 2299 sqq.
1044 2253 1089 2263 —
1102 2220 1254 2281 breviores

120 2322 270 2389 chorum
307 2329 416 2388 formas
448 2346 463 2387 a
495 2326 625 2388 Varrone
663 2336 821 2407 usurpatas
861 2344 925 2387 esse
962 2334 1030 2407 post
1062 2325 1252 2406 Spengelinm

120 2437 257 2498 aendat
276 2435 397 2497 Varron.
417 2454 495 2515 spec.
513 2435 526 2495 1
550 2453 574 2496 a.
599 2430 685 2498 1830
709 2453 735 2514 p.
755 2430 777 2496 5
800 2433 949 2495 adnotavit
967 2431 1129 2494 liettnerus
1152 2432 1253 2494 obser·

120 2545 148 2598 t.
185 2546 252 2604 crit.
276 2545 306 2604 in
327 2542 408 2606 Varr.
433 2561 457 2603 a.
480 2539 566 2605 1868
591 2561 619 2621 p.
640 2540 667 2602 l.
706 2543 818 2602 rariora
842 2543 906 2602 eius
930 2542 1047 2619 generis
1072 2540 1204 2619 exempla
1223 2544 1253 2602 in

120 2659 131 2701 ³
174 2649 265 2711 libris
289 2659 359 2711 sunt
382 2649 462 2730 haec,
487 2645 588 2729 18,5
611 2652 754 2726 oppleris,
779 2646 832 2730 44,
851 2647 880 2710 2·
895 2639 1061 2724 requiertq*
1080 2645 1120 2706 lii
1141 2644 1192 2729 16,
1210 2645 1254 2710 32

120 2762 249 2818 moris.
290 2759 361 2818 item
385 2754 460 2839 114,
481 2755 522 2819 10
546 2766 576 2817 et
599 2754 630 2838 9,
649 2753 666 2816 t
692 2763 887 2825 consuerunt,
911 2752 985 2836 117,
1007 2752 1047 2817 13
1070 2759 1254 2830 consuerint,

122 2874 157 2918 n
202 2871 437 2935 consueveras&
464 2860 537 2926 136
562 2867 656 2945 norit,
688 2860 953 2944 1112‚14n0so·‚
988 2858 1078 2943 16,3
1107 2879 1193 2923 nosse
1213 2871 1255 2923 ¹et

120 2973 238 3034 visse.
283 2980 435 3052 practerea
467 2973 497 3031 in
530 2972 624 3050 prima
657 2971 863 3049 coniugatione
897 2969 1154 3048 frequentissimae
1184 2977 1254 3029 sunt

120 3086 225 3140 'mae
248 3078 400 3140 breviores
423 3087 453 3139 et
476 3077 625 3158 vulgares,
650 3076 815 3157 pleniorum
844 3093 936 3154 panca
961 3083 1030 3136 sunt
1058 3074 1204 3155 exempla,
1228 3074 1253 3135 ll

120 3187 207 3247 aet.
226 3185 247 3248 2
269 3194 475 3260 servaverunt,
498 3184 525 3245 11
545 3183 573 3266 1,
594 3182 613 3246 8
633 3187 872 3265 nominaverunt,
892 3180 930 3244 ib.
950 3180 993 3244 28
1018 3185 1255 3259 appellaverant,

162 3290 240 3375 9,2
269 3303 300 3356 at
330 3291 379 3374 16,
397 3290 439 3355 29
469 3292 704 3368 jactitaverunt,
737 3286 859 3371 118,8
887 3291 1192 3366 masticaverimus
1224 3290 1254 3349 in

127 3376 1255 3483 ara11‚11et1110,8auco·,12‚ttet1n16,10auoo2·,

120 3491 226 3588 ¹iqua
251 3510 314 3569 sine
338 3526 355 3568 ν
378 3507 489 3587 littera;
511 3505 550 3566 ΙΙΙ
572 3503 600 3586 7,
620 3503 638 3566 7
663 3506 846 3566 obleverunt.

202 3621 250 3676 LX
282 3615 327 3676 Do
364 3614 530 3675 oliuitate
565 3597 664 3673 olcas
701 3613 780 3672 esni
816 3612 949 3691 optinre
988 3609 1092 3671 condi
1125 3608 1255 3671 scribit

120 3724 199 3783 ato
221 3724 357 3784 orcites
380 3730 414 3782 et
437 3739 566 3802 poscas
594 3719 713 3780 aridas
742 3717 799 3780 nel
827 3717 965 3779 uirides
996 3719 1030 3777 in
1059 3719 1170 3778 muria
1199 3715 1256 3778 uei

135 3832 271 3891 ntisco
292 3838 461 3891 contusas
480 3829 615 3889 oreites
640 3828 759 3906 nigras
783 3824 856 3885 sale
880 3827 909 3884 si
933 3826 1008 3884 sint
1031 3824 1257 3886 confricatas

120 3921 191 3998 ies
223 3938 380 4016 quinque
414 3945 448 3997 et
480 3946 551 3997 tnm
584 3933 657 3995 salo
691 3950 843 3994 excusso
876 3931 1021 3991 biduum
1054 3931 1083 3989 si
1115 3931 1149 3988 in
1182 3929 1256 3991 sole

128 4047 256 4106 sssitaa
293 4043 430 4104 inerint
466 4060 607 4103 manare
645 4041 790 4100 idoneas
828 4036 962 4116 sotere]
995 4035 1068 4097 Non.
1098 4054 1126 4115 p.
1146 4032 1255 4116 148,1

120 4139 288 4213 Dlivttotem
304 4151 427 4228 [ructas
446 4154 530 4211 oleae
551 4149 649 4209 Varro
663 4180 706 4190 -
723 4150 800 4208 idem
820 4148 858 4208 de
876 4165 912 4206 re
934 4148 1051 4206 rustico
1074 4145 1123 4204 lio.
1144 4144 1163 4203 I
1182 4136 1257 4203 ‘non

120 4263 201 4322 nodo
226 4264 347 4335 intepro
367 4261 461 4319 eximi
482 4260 537 4318 sed
558 4259 646 4318 etiam
669 4258 798 4335 maiora,
818 4270 909 4329 quom
929 4256 959 4313 ιἰι
983 4253 1096 4313 arbore
1117 4267 1258 4327 amquam

120 4370 316 4446 pependerint
338 4359 450 4448 (maior
474 4396 508 4406 -
527 4365 709 4440 pependerit
732 4357 839 4442 codo).
876 4363 914 4421 de
937 4362 1071 4420 olivitote
1093 4363 1174 4419 oleos
1193 4361 1260 4419 esui

123 4472 225 4557 offae
249 4476 341 4537 condi
362 4474 470 4547 scribit
496 4466 595 4532 Cato'.
633 4468 750 4529 Catonis
775 4467 862 4528 verba
886 4475 956 4528 sont
978 4465 1067 4543 hacc,
1085 4462 1153 4546 7,4
1176 4469 1258 4527 oleos
