2874 4994
373 112 502 167 annau
521 112 761 204 nvsrronnvu
778 113 846 170 cte,
865 115 892 169 u
911 113 931 170 4
1157 72 1219 172 159

169 266 190 329 4
222 267 399 345 Progenie
423 278 457 328 et
480 270 628 348 regione
653 266 762 345 caeli]
791 269 875 330 Coeli
892 267 984 330 deleri
1004 269 1093 331 velint
1114 271 1218 332 Ponte·

65 452 68 457 .
100 375 155 436 iera
174 393 202 454 p.
220 370 296 454 425,
320 372 440 434 inclusit
463 372 672 436 Schneiderus.

172 479 207 542 Si
228 483 353 560 potius
377 499 416 541 ex
442 479 497 541 his
525 480 616 542 locis
644 480 704 542 ubi
734 491 931 543 nascuntur
959 483 1091 563 amplas
1119 504 1219 564 quarn

104 586 188 648 erilis
210 590 330 667 parari
354 589 441 647 semi
465 587 582 648 solent
606 588 811 649 siouilrasce
831 589 928 667 sues]
947 591 1096 667 Sipotius
1115 595 1220 653 exitis

105 698 169 769 locis,
194 696 248 754 ubi
273 703 444 756 amovetur
468 698 572 771 ampli,
600 714 690 770 quum
714 700 816 757 exiles.
851 700 965 774 parari
990 704 1020 758 et
1046 701 1105 758 emi
1125 703 1221 760 solent

73 796 76 801 ’
104 803 145 880 tic,
162 804 263 863 itlasce
284 820 353 863 sues
376 801 454 861 edita
482 809 549 862 ante
573 801 735 863 Victoriurn
764 803 954 885 exemplaria,
984 822 1058 883 quae
1087 807 1116 865 in
1140 805 1219 866 huno

10 951 20 985 p
103 908 201 970 nudum
225 908 351 970 Ursinus
374 911 517 989 correxit,
546 913 574 969 si
588 913 690 986 potius
713 929 753 971 ex
780 912 827 971 liis
855 914 941 986 locis,
970 914 1024 972 ubi
1049 920 1220 985 noscuntur

104 1019 208 1093 amplae,
229 1034 321 1090 quom
344 1020 447 1096 exiles,
467 1024 609 1093 paratae.
646 1020 706 1077 erni
726 1020 823 1078 solent
840 1036 903 1097 sqq.
940 1021 968 1079 si
985 1022 1087 1096 potius
1110 1038 1149 1080 eo:
1172 1022 1219 1080 itis

101 1122 166 1197 lucu,
186 1124 238 1183 ubi
255 1130 426 1184 noscuntur
445 1127 561 1200 amplas
579 1141 670 1198 qaum
689 1127 779 1184 exilis
794 1127 930 1201 peruris.
967 1129 1026 1186 emi
1041 1129 1137 1186 soleat
1155 1144 1218 1205 sqq.

18 1211 21 1214 ’
100 1223 235 1291 Victorius.
273 1231 304 1290 in
324 1229 369 1290 his
389 1232 571 1291 accusativos
590 1234 706 1307 amplus
725 1238 755 1290 et
773 1233 862 1292 exilis
880 1228 917 1290 ab
936 1231 1039 1292 ordine
1061 1231 1218 1292 verborum

10 1370 19 1407 ι
73 1329 193 1401 :ueros
215 1355 281 1397 esse
306 1337 421 1397 monuit
445 1337 653 1398 Schneiderus.
692 1339 790 1415 itaque
815 1339 921 1417 scripsi
943 1341 972 1398 οἱ
985 1341 1086 1415 potius
1109 1358 1148 1399 arc
1170 1342 1217 1399 itis

94 1439 163 1525 loci,
184 1445 237 1504 ubi
259 1452 429 1505 noscumur
451 1448 570 1521 amplae
593 1461 683 1519 quum
706 1447 809 1519 exiles,
829 1449 965 1521 pararis.
1012 1445 1125 1506 scrolae
1146 1445 1216 1507 boni

10 1584 18 1622 ,
78 1551 199 1634 seminis
223 1568 288 1611 esse
317 1561 552 1630 cognoscuntur,
581 1553 605 1611 si
635 1552 701 1631 quis
730 1569 778 1611 eas
808 1570 841 1612 er
869 1553 905 1612 iis
928 1550 1001 1612 locis
1025 1555 1135 1633 potius,
1165 1553 1215 1614 ubi

90 1655 190 1736 tmplae
208 1665 382 1737 nascuntur,
400 1660 555 1737 paraverit,
576 1676 661 1737 quam
682 1677 717 1719 ex
737 1660 781 1739 iis,
802 1658 851 1719 ubi
866 1658 964 1719 eriles.
1002 1663 1090 1720 exilis
1107 1669 1214 1743 autem,

86 1762 159 1837 quod
185 1766 215 1825 in
237 1764 399 1845 archetypo
428 1767 572 1845 scriptum
600 1773 676 1844 erat,
704 1767 734 1825 in
763 1775 902 1845 corrupta
930 1765 1040 1827 codicis
1068 1769 1215 1846 scriptura

85 1878 144 1930 uon
163 1873 233 1933 satis
257 1873 441 1933 auctoritatis
465 1871 573 1932 hahere
597 1872 722 1933 videtur.
759 1880 913 1951 praeterea
941 1875 1119 1934 nominativo
1143 1893 1213 1934 casu

81 1971 185 2049 plurali
207 1981 317 2058 scripta
342 1986 427 2039 erant
445 1983 627 2056 praeparatis
650 1978 676 2039 ll
696 1977 724 2061 t,
743 1977 791 2061 11,
814 1983 908 2040 omnis
926 1978 966 2039 ΙΙΙ
985 1976 1050 2060 2,5
1074 1990 1103 2040 et
1123 1984 1213 2041 nrani-

80 2075 157 2144 festo
174 2087 243 2147 titio
266 2089 412 2147 sermonis
430 2085 457 2145 ll
476 2083 506 2167 5,
520 2083 550 2166 2,
577 2094 657 2147 recto
687 2089 785 2147 Aeolis
808 2085 848 2146 ΙΙΙ
870 2083 931 2168 1,6
955 2093 985 2147 et
1008 2086 1048 2146 lll
1069 2085 1153 2169 12,ss
1178 2108 1212 2149 ex

78 2201 183 2267 graecu
206 2191 346 2267 Αἰολεῖς.
1093 2253 1095 2257 .

167 2296 187 2360 5
216 2299 432 2361 Perlunctas
460 2319 539 2361 esse
568 2318 583 2360 a
613 2299 705 2361 lebni
734 2308 769 2361 et
796 2319 811 2361 a
842 2299 951 2378 loria]
984 2303 1078 2362 Furio
1105 2311 1212 2363 neutro

60 2415 185 2478 ¹gernere
212 2406 286 2468 dixit
308 2405 422 2467 Nonius
440 2427 469 2487 p.
490 2405 565 2487 114,
584 2404 604 2468 9
633 2410 727 2469 Furio
754 2415 893 2470 stercora
920 2411 1099 2484 liquidiora:
1127 2410 1212 2470 Pont-

61 2498 185 2581 215⁰aius
212 2513 321 2575 Macco
349 2508 526 2590 ‘conscrisit‘
551 2532 597 2575 me
626 2509 808 2590 Diomedes',
835 2515 986 2576 laberius
1013 2519 1043 2577 in
1068 2520 1213 2593 ponilicis

80 2605 219 2686 ‘sonorus
242 2639 306 2681 esse
328 2624 450 2695 rideris,
475 2625 505 2682 in
530 2625 627 2683 coleos
646 2617 764 2683 cucos'.
798 2621 928 2697 feriolus
949 2626 1003 2697 qui
1016 2620 1101 2696 forie
1117 2621 1213 2697 facile

66 2724 199 2800 mitat
220 2731 312 2788 soluti
333 2731 450 2788 seilicet
473 2732 593 2788 uentris.
632 2728 699 2788 intle
721 2728 823 2803 scrire
845 2729 968 2788 drictum
991 2737 1035 2788 est
1059 2739 1088 2789 et
1108 2728 1212 2803 surico

61 2829 158 2901 ‚put
182 2830 347 2894 Iuvenalem
376 2842 405 2894 et
433 2836 462 2894 in
492 2833 610 2894 scholiis
634 2833 779 2895 luvenalis
807 2832 841 2915 3,
861 2833 912 2895 38.
949 2833 1026 2911 apud
1051 2833 1210 2894 Varronem

57 2944 67 2957 ’·
85 2937 162 2996 ’θεία
191 2942 358 3001 coniecerat
386 2941 542 3002 Reinesius
566 2949 707 3021 syntagm.
731 2943 864 3020 inscript.
889 2959 914 3018 p.
935 2937 1014 3021 932,
1046 2940 1124 3018 quod
1157 2959 1210 3020 pro

85 3044 164 3104 ‘urio
184 3045 295 3108 dictum
319 3047 354 3108 de
379 3047 520 3109 suriendo
544 3046 589 3108 vel
613 3045 745 3108 subando
768 3049 981 3125 interpretatus
1005 3054 1059 3107 est.

54 3140 57 3153 '
165 3149 183 3214 8
215 3153 311 3224 Qrtae
326 3157 428 3234 enim
447 3154 590 3215 illorum
611 3152 773 3233 requies]
798 3156 885 3226 Quod
898 3162 941 3214 est
956 3157 1076 3215 illorum
1091 3159 1211 3228 requies

84 3236 237 3340 lucullus,
270 3279 348 3336 quoe
376 3270 420 3322 est
449 3266 567 3322 illorum
597 3264 717 3337 requies
745 3259 884 3339 Angelius
912 3271 942 3321 et
969 3261 1074 3322 deinde
1104 3260 1209 3340 reliqui

54 3366 57 3371 '
83 3353 210 3427 editores.
254 3367 291 3428 de
319 3370 529 3429 coniunctione
557 3371 636 3428 enim
664 3386 730 3428 cunr
764 3366 885 3428 relativo
913 3371 1086 3446 pronomine
1116 3370 1209 3448 posita

83 3451 139 3528 liu
158 3471 169 3532 r
188 3472 239 3554 13,
252 3472 283 3534 4.
340 3528 342 3531 ,

164 3577 284 3641 Verris
312 3589 391 3642 octo
420 3599 578 3642 mensum
608 3584 738 3661 incipit
766 3580 873 3642 salire
903 3591 1087 3660 permanet
1116 3593 1149 3644 et
1172 3593 1210 3643 ut

84 3667 117 3740 ll
134 3695 228 3748 recte
252 3687 372 3749 lacere
396 3690 513 3766 possit
537 3688 576 3748 ad
600 3692 750 3768 primum
775 3687 904 3748 deinde
923 3687 956 3748 id
977 3695 1074 3747 retro
1094 3689 1207 3766 quood
1247 3714 1249 3721 ·

84 3794 240 3860 Peruenit
259 3795 297 3855 ad
318 3793 468 3872 lanium]
494 3797 714 3871 Permanetque
732 3805 761 3856 et
779 3804 813 3855 ut
831 3793 949 3854 Merula.
983 3803 1210 3876 peratonelque,

83 3907 112 3961 tit
133 3904 166 3962 io
191 3910 276 3962 recte
300 3901 410 3977 fucere
438 3889 559 3979 pessit,¹
577 3922 672 3977 usqrre
705 3905 747 3961 od
773 3908 914 3976 quartum
943 3920 1067 3976 uanum,
1100 3905 1210 3963 deinde

10 4062 16 4097 a
78 4016 228 4075 castratur
251 4012 481 4085 supinaturque,
500 4013 603 4083 quood
622 4012 780 4084 perueniat
804 4011 846 4067 od
863 4011 977 4068 turritam
1000 4008 1149 4069 lucuudus
1172 4027 1207 4069 ex

71 4113 229 4186 Columella
250 4111 384 4195 v119‚t
407 4133 508 4176 mares
531 4120 578 4177 uel
599 4134 667 4176 cum
687 4119 818 4191 primum
843 4119 948 4175 ineunt
972 4125 1136 4190 semestres,
1155 4124 1210 4176 out

60 4242 132 4296 cunr
155 4225 283 4298 saepius
302 4231 594 4298 propeoeroceruat
615 4224 698 4280 irirni
721 4230 774 4281 rtur
793 4225 948 4296 qurrdrirni
965 4229 1151 4297 castrantur,
1175 4231 1208 4283 ut
