2874 4994
417 109 548 164 RERVM
566 109 807 166 RVSTIOARVM
825 111 892 166 ΗΒ.
911 112 924 166 Ι
944 111 961 166 2
1221 106 1263 171 15

100 262 205 324 nodo
229 263 444 343 interpretatus
463 267 502 326 sit
521 284 596 345 quae
616 265 652 326 de
672 264 784 326 Licinio
809 266 885 344 apud
905 265 1067 326 Varronem
1088 270 1261 347 333131313-

97 378 249 450 venerat,
264 371 397 447 Ideoque
413 381 481 449 post
499 391 588 449 reaes
607 381 731 435 exactos
746 372 910 433 Liciniana
930 377 982 434 itta
1001 381 1124 450 septena
1143 379 1261 452 inpera,

91 491 187 547 quae
215 478 300 554 plebi
321 480 462 540 tribunus
485 483 597 541 uiritim
622 482 783 560 diuiserat,
807 483 938 540 maiores
961 491 1103 555 quaestus
1127 486 1261 557 antiquis

90 587 261 660 retulere,
283 603 374 661 quam
398 605 480 649 nanc
502 589 589 649 nobis
608 591 759 665 praebent
781 591 967 664 amplissima
990 597 1132 650 vetereto.
1175 597 1261 649 tanta

86 692 236 759 easdem
268 693 378 754 Curius
405 695 555 755 Dentatus
582 728 619 738 -
649 714 745 773 supra
773 698 964 756 consularem
992 697 1262 772 triumphalemque

80 788 271 862 fortunam
292 804 413 877 putauit
435 819 500 863 esse
524 805 744 879 repudiatoque
763 803 887 878 publico
910 819 1036 863 munere
1055 806 1202 880 populari
1222 821 1261 863 aa

76 900 233 968 rubeta
254 923 399 968 mensura
423 916 581 969 contentus
602 906 670 984 fuit.
717 907 753 968 ab
783 910 941 969 arbficiosa
970 918 1067 970 autem
1097 908 1260 970 subtilitate

79 997 269 1094 Varronis,
293 1014 378 1074 cuius
401 1013 528 1094 piurima
551 1013 684 1093 exempla
707 1018 738 1075 in
762 1015 809 1075 his
832 1015 916 1076 libris
940 1027 1025 1099 sunt,
1047 1016 1174 1077 31133333
1200 1034 1259 1078 non

76 1120 139 1193 0⁸1,
174 1119 266 1198 quod
285 1120 429 1201 populum
449 1122 635 1184 traductione
651 1125 680 1182 in
700 1124 797 1184 lorum
815 1124 889 1184 lacta
908 1142 925 1184 3
944 1122 1065 1184 tribuno
1083 1127 1113 1185 iu
1132 1124 1259 1185 debitam

72 1214 139 1280 ilbi
199 1235 311 1305 partem
336 1232 421 1308 quasi
444 1232 474 1290 in
500 1240 622 1311 septena
647 1232 759 1313 iugera,
778 1249 854 1310 quae
879 1240 941 1291 tum
966 1233 1075 1292 viritim
1099 1231 1161 1291 dari
1185 1231 1259 1291 3313-

69 1316 180 1391 haut
204 1329 283 1414 (nam
302 1354 317 1395 a
333 1334 458 1397 Romulo
479 1335 547 1397 bina
567 1339 668 1416 iugera
689 1339 797 1398 viritim
816 1337 908 1398 divisa
924 1356 990 1398 3333
1011 1337 1115 1398 scribit
1132 1335 1205 1418 110,
1215 1331 1260 1419 2),

66 1425 237 1502 luctum
268 1460 335 1503 3333
363 1444 517 1522 significat.
564 1446 664 1524 itaque
692 1444 728 1505 de
756 1442 789 1505 (l.
813 1444 926 1505 Licinio
956 1444 1076 1505 Stolone
1104 1444 1176 1505 haec
1205 1447 1260 1505 tria

64 1547 332 1631 eruedinum,
347 1552 478 1628 primum
496 1551 576 1630 quod
596 1569 673 1612 unus
693 1570 708 1612 3
728 1550 890 1612 maioribus
909 1551 1003 1630 legem
1018 1553 1162 1629 agrariam
1184 1551 1260 1633 tulit,

62 1639 222 1716 deinde
243 1656 322 1736 quod
346 1659 410 1737 ipse
429 1657 563 1737 diligenti
587 1661 649 1737 agri
673 1657 790 1719 cultura
810 1657 940 1719 Stolonis
963 1676 1127 1737 cognomen
1152 1660 1259 1718 confir·

61 1763 213 1845 mavit,
230 1763 358 1844 (lenique
384 1764 463 1845 quod
487 1766 620 1826 eiusdem
645 1768 742 1844 gentis
765 1765 904 1826 tribunus
922 1764 953 1825 C.
972 1763 1103 1825 Licinius
1123 1764 1259 1847 Crassus,

57 1854 195 1930 sicut
218 1871 332 1932 civibus
360 1873 391 1932 in
419 1870 562 1933 divisione
591 1890 730 1951 agrorum
758 1883 839 1933 certa
867 1874 929 1950 agri
957 1890 1026 1951 pars
1054 1871 1191 1953 dabatur,
1216 1874 1255 1932 ita

54 1977 142 2043 ΡΨ
155 1975 222 2037 ulo
245 1978 343 2039 iorum
367 1980 453 2058 quasi
475 1997 563 2041 suum
584 1997 687 2059 agrum
712 1978 883 2060 adsignavit

207 2081 246 2146 10
277 2086 442 2147 Alterum
465 2087 638 2167 collegam
663 2098 760 2148 tuum
785 2088 919 2165 uiginti
947 2088 1064 2146 uirum
1090 2088 1148 2165 qui
1172 2084 1257 2163 luit]

55 2175 266 2268 collegam
288 2197 480 2255 triumuirum
499 2194 620 2276 Merula,
639 2193 791 2274 archetypi
814 2195 991 2273 scripturam
1012 2191 1152 2270 Angelius
1172 2196 1256 2253 rusti-

54 2281 180 2355 tuit,
216 2297 377 2362 Varronem
406 2320 441 2362 eo
470 2320 593 2362 munere
619 2302 753 2362 iunctum
777 2318 844 2360 3333
874 2300 964 2360 tradit
987 2298 1100 2359 Plinius
1124 2299 1173 2359 Vll
1194 2298 1258 2361 176

60 2386 218 2466 ¹(struo
240 2424 359 2484 quoque
382 2416 491 2470 auctor
515 2416 558 2469 est
581 2411 756 2484 aiqintiairo
784 2425 816 2468 se
839 2425 931 2482 apros
956 2408 1109 2468 dividente
1136 2409 1258 2484 Capuae

61 2511 262 2576 lifendam
285 2517 339 2590 qui
360 2516 527 2590 efferretur
547 2514 619 2592 soro
643 2517 761 2576 domum
784 2532 934 2576 remeasse
953 2515 1091 2590 pedibus.

202 2618 308 2681 Video
332 2620 399 2682 huc
424 2619 569 2698 uenire]
589 2623 679 2683 lluna
698 2630 846 2703 expuncta
863 2641 884 2682 n
902 2620 1048 2701 litteral,
1068 2624 1128 2682 itae
1142 2621 1257 2702 reliqua

9 2766 12 2771 ·
78 2726 278 2808 apographa
302 2738 332 2791 ct
355 2727 446 2790 editio
469 2731 623 2810 princeps,
648 2728 699 2789 uhi
722 2729 887 2790 Politianus
910 2749 930 2788 n
960 2728 1084 2810 addidit,
1108 2729 1159 2788 sed
1189 2729 1256 2789 sub·

89 2820 201 2894 lucta
223 2834 300 2896 linea
323 2837 444 2897 3313311.
492 2838 524 2897 in
546 2836 708 2916 archetypo
736 2839 818 2897 bunc
843 2835 958 2896 videtur
988 2837 1130 2914 scriptum
1157 2838 1256 2917 luisse,

101 2944 214 3012 postea
237 2952 406 3004 correctum
429 2946 500 3006 buc.
536 2946 618 3005 bunc
641 2947 746 3005 uenire
764 2943 925 3005 Kettnerus
949 2940 1063 3001 observ.
1084 2943 1114 3001 in
1134 2941 1255 3002 Varron.

111 3031 194 3109 flotin
218 3046 304 3112 1868
327 3069 355 3130 p.
377 3047 418 3112 12
441 3050 582 3112 defendit.

199 3154 358 3218 Huiusce
381 3159 524 3238 inquam
547 3159 700 3237 pomarii
723 3174 856 3218 summa
881 3174 982 3217 33333
1002 3157 1057 3215 uia
1078 3154 1137 3215 ulti
1156 3173 1256 3233 poma

124 3273 273 3325 ueneunt
286 3274 412 3326 contra
427 3283 550 3325 aurum
566 3262 698 3342 imago]
712 3265 845 3325 Huiusce
856 3266 1126 3341 inquampomarr'a
1140 3279 1255 3323 samma

33 3404 38 3411 ·
120 3387 204 3432 saera
222 3374 281 3447 oia,
301 3373 356 3433 abi
373 3389 465 3449 poma
483 3378 621 3452 veneant,
640 3379 749 3433 contra
769 3389 897 3434 auream
917 3374 1077 3446 imaginem
1097 3369 1255 3444 lucundus‚

52 3500 57 3509 ·
114 3480 238 3540 lluiusce
261 3481 385 3554 1333333
408 3481 551 3555 pomaria
579 3496 694 3539 summa
722 3496 817 3540 sacra
842 3482 905 3555 aia,
934 3479 987 3538 ubi
1009 3496 1100 3555 poma
1129 3486 1256 3539 veneunt

8 3624 14 3645 2
112 3593 221 3648 contra
248 3601 372 3661 aarum,
403 3588 436 3646 id
462 3595 506 3646 est
533 3603 656 3667 meque,
679 3585 732 3646 sed
762 3584 868 3645 deletis
896 3583 993 3643 verbis
1019 3589 1052 3644 id
1080 3593 1125 3646 est
1146 3604 1255 3660 magno

7 4092 14 4215 l

110 3703 264 3772 umquam
283 3692 468 3775 glossemate,
488 3692 626 3773 Scaliger.
653 3702 781 3753 veterem
805 3691 962 3752 lectionem
982 3693 1108 3750 restitui.
1141 3710 1253 3750 summa

106 3816 195 3863 33333
228 3801 287 3881 ria,
318 3799 370 3860 ubi
407 3817 492 3880 poma
530 3802 631 3861 venire
669 3798 803 3860 solebant
836 3793 938 3878 (osta.
966 3805 1020 3857 art.
1048 3815 1102 3857 am.
1132 3795 1155 3855 11
1181 3793 1254 3875 266,

104 3925 200 3970 carm.
223 3909 315 3986 priap.
334 3904 386 3988 21,
406 3903 440 3988 3)
470 3909 627 3987 imaginem
659 3907 801 3987 praebere
836 3906 945 3966 dicitur
972 3905 1096 3984 pomarii
1125 3903 1253 3964 Scrofae.

104 4032 289 4096 quamquam
321 4017 418 4095 aptius
456 4033 521 4075 esse
559 4014 653 4075 videri
689 4023 805 4093 poterat
841 4013 918 4092 quod
955 4010 1023 4072 olim
1061 4014 1254 4092 coniecerim,

106 4125 240 4186 baasae
269 4125 392 4198 inquam
416 4125 588 4200 pomarium
621 4139 755 4182 summae
781 4140 893 4182 sacrae
915 4123 995 4193 aiae,
1022 4121 1077 4179 ubi
1095 4137 1184 4196 proma
1208 4137 1254 4179 ae·

105 4236 204 4291 neunt
232 4236 341 4290 contra
374 4247 497 4305 aurum,
530 4233 637 4306 imago.
684 4227 809 4289 ablativo
839 4246 908 4288 casu
942 4244 1057 4287 summa
1084 4245 1177 4287 sacro
1205 4229 1254 4285 aia
