2874 4994
147 341 213 405 252
495 346 687 403 couniunt.
705 348 745 402 IN
764 346 952 404 Vennonio

148 506 225 565 sicul
245 501 367 564 Verrius
391 501 514 564 Flaccus
537 501 614 582 apud
638 501 806 577 Charisinm
828 523 857 584 p.
874 499 928 587 58,
947 500 1001 568 23.
1037 519 1157 566 comere
1174 511 1199 566 et
1214 523 1248 567 ce

147 628 251 673 meree
273 629 309 671 ex
334 609 438 671 Aldina
462 610 590 671 editione
614 618 768 691 receptum
792 619 865 673 erat.

235 716 257 779 4
291 717 445 780 Ordines
468 736 570 798 quam
598 717 745 797 plurimi
766 716 931 798 possunt]
961 718 1254 798 computentur

143 834 271 905 possunt
302 825 425 887 Victorii
457 825 547 887 editio
580 825 710 887 secunda
742 832 774 886 et
809 825 916 888 deinde
952 824 1095 907 rcbquac.
1136 828 1165 888 ln
1191 844 1256 889 mauu

147 936 267 1015 scriptis
290 932 374 994 libris
398 940 428 993 et
451 929 601 1011 prioribus
625 930 806 993 editionibus
829 951 977 995 essenon
999 932 1118 1013 legitur.

235 1038 460 1101 Columbaria
485 1038 626 1116 singula
654 1055 733 1098 esse
762 1044 908 1118 oportet
934 1046 974 1100 ut
999 1056 1039 1101 os
1066 1039 1190 1105 babeat
1211 1059 1260 1123 qno
1314 1069 1316 1084 1

147 1147 246 1209 modo
270 1148 424 1208 introire
448 1154 483 1206 et
506 1146 604 1228 exire
627 1146 743 1225 possit
765 1147 864 1207 intus
888 1140 1072 1208 ternarum
1095 1147 1262 1227 palmarnu
1312 1120 1316 1163 ³

147 1275 187 1316 ex
221 1254 384 1316 omnibus
413 1251 591 1333 partibus]
616 1253 758 1314 Habeant
784 1260 814 1314 ot
838 1255 956 1330 possint
976 1271 1016 1315 m.
1038 1261 1074 1316 ut
1100 1272 1134 1318 os
1157 1257 1265 1319 debead

147 1383 207 1440 quo
226 1366 356 1424 introire
374 1369 404 1422 et
422 1365 510 1423 exire
529 1363 646 1437 possint
664 1358 785 1420 Merula.
823 1366 979 1422 ternorum
993 1365 1167 1440 polonorum
1181 1362 1265 1426 lucan

35 1523 37 1527 ,
147 1471 212 1532 dus.
249 1477 283 1531 ut
305 1487 337 1530 os
360 1470 472 1549 debent
495 1485 554 1543 quo
578 1469 708 1528 introire
731 1474 761 1528 et
782 1469 870 1529 exire
890 1470 993 1544 possit.
1031 1471 1114 1530 intus
1135 1475 1265 1532 ternortu

143 1581 315 1655 palmorum
338 1573 494 1636 Victorius.
541 1576 731 1635 columberio
753 1577 875 1650 sinpule
898 1593 964 1636 esse
985 1583 1108 1652 oportet
1128 1579 1206 1641 intus
1223 1585 1267 1639 ter·

146 1703 254 1747 norum
278 1687 450 1760 palmorum
478 1700 518 1742 ex
544 1682 682 1742 omnibus
705 1683 863 1763 pertibus,
886 1688 916 1743 et
941 1688 976 1743 ut
1003 1700 1036 1745 os
1064 1683 1207 1763 mount,
1225 1703 1268 1760 pto

149 1795 278 1853 introire
301 1797 330 1852 et
353 1792 440 1851 exire
459 1791 576 1866 possint
594 1787 796 1849 Schneiderus
819 1790 956 1850 coniecit.
992 1791 1113 1852 restitui
1135 1790 1269 1854 lectionem

147 1898 309 1978 archetypi.
355 1913 422 1957 uam
454 1909 594 1955 mensura
627 1893 879 1957 columbariorum
916 1899 1111 1959 constituitur
1141 1897 1223 1981 baec,
1246 1909 1271 1977 pt

148 2023 240 2067 unum
264 2003 402 2084 quodque
427 2000 643 2063 columbarium
665 2020 699 2063 os
722 2000 829 2063 habeat
860 2020 919 2064 non
947 2005 1056 2087 mains,
1080 2023 1170 2085 quam
1194 2016 1224 2068 ut
1244 2025 1271 2066 οι

147 2113 272 2173 introire
296 2121 326 2172 et
355 2110 424 2170 inde
452 2112 533 2170 exire
562 2108 765 2171 tantummodo
793 2108 929 2171 columba
957 2114 1065 2193 possit,
1093 2115 1124 2173 in
1150 2115 1272 2175 interiore

148 2229 246 2281 antem
266 2227 349 2299 parte
368 2221 496 2297 spatium
515 2215 622 2277 habeat
641 2224 794 2278 ternarum
818 2216 991 2297 palmarum.
1024 2223 1133 2297 palma
1152 2221 1273 2282 iembino

37 2377 39 2387 .
145 2345 255 2407 genere
282 2344 338 2406 pro
364 2323 461 2405 palmo
488 2325 520 2385 in
548 2341 636 2384 mauu
665 2325 786 2403 scriptis
813 2321 897 2385 libris
924 2323 1035 2405 legitur
1062 2327 1143 2406 apnd
1165 2327 1273 2390 Plinium

149 2434 199 2495 Vll
218 2431 261 2496 28
285 2436 456 2495 cubitorem
479 2434 603 2507 quinum
627 2433 821 2492 ethicorum
841 2435 1025 2508 palmarum.

236 2537 257 2602 5
280 2541 411 2619 dquam
435 2557 515 2599 esse
538 2544 683 2618 oportet
705 2555 773 2617 quo
796 2536 942 2616 influat]
961 2540 1082 2615 Aquom
1095 2561 1210 2621 puram
1226 2562 1277 2606 etse

147 2656 264 2725 oportet
282 2665 361 2722 quoe
379 2649 490 2721 influat
503 2643 663 2706 iucundus.
692 2644 846 2725 archetypi
864 2644 1023 2708 lectionem
1036 2647 1121 2709 dedit
1137 2647 1278 2731 Victorius,

147 2754 199 2815 nbi
223 2772 305 2829 equo
328 2750 517 2813 scribendum
542 2770 608 2813 esse
632 2751 701 2813 olim
725 2753 848 2814 conieci.
895 2755 1097 2834 nequeenim
1126 2759 1279 2818 accusativo

56 2865 59 2870 '
147 2878 218 2921 casu
242 2877 310 2920 cum
334 2857 424 2920 verbo
453 2877 517 2920 esse
545 2861 704 2921 coniuncto
728 2859 931 2941 dicipoterat
952 2878 1065 2936 nquam
1089 2882 1156 2927 esse
1178 2871 1279 2943 oportet

147 2985 207 3044 pun
231 2970 341 3043 influat
361 2984 416 3046 pro
441 2984 475 3026 eo
500 2967 578 3046 quod
603 2966 762 3029 dicendum
785 2961 850 3029 erat
873 2962 956 3028 ‘esse
983 2977 1103 3047 oportet
1132 2989 1192 3051 quo
1218 2990 1281 3053 aqua

146 3069 275 3136 induat'.
321 3073 373 3135 sed
406 3091 509 3134 rerum
542 3091 608 3134 csse
640 3080 713 3153 puto
745 3092 838 3150 pune,
866 3073 946 3154 quod
977 3074 1133 3138 lucundus
1165 3078 1282 3154 dederat

146 3200 257 3258 equom
281 3200 345 3243 esse
368 3187 486 3258 oportet
507 3199 587 3256 puae
610 3184 726 3256 influat.
764 3198 830 3241 nam
850 3180 887 3241 de
905 3199 983 3261 aqua
1005 3181 1079 3243 baec
1101 3187 1282 3267 praecipiun-

147 3297 209 3370 tur,
232 3307 307 3368 quae
332 3291 362 3348 in
387 3305 454 3348 eum
479 3287 577 3348 locum
600 3289 630 3347 in
655 3305 714 3366 quo
742 3286 923 3349 columbaria
946 3296 1018 3349 suut
1045 3289 1178 3354 influere
1205 3292 1284 3354 debet

145 3413 200 3475 per
224 3395 365 3475 listulam,
389 3403 423 3455 nt
445 3393 576 3475 videtur,
600 3395 679 3454 sicut
701 3393 738 3455 de
762 3393 919 3457 ornithone
943 3382 1056 3457 dictum
1085 3405 1135 3459 est
1159 3398 1198 3459 111
1215 3396 1285 3480 na,

145 3520 204 3563 uon
225 3501 261 3562 de
281 3509 362 3562 certa
377 3508 470 3584 parte,
488 3504 518 3562 in
534 3519 621 3582 quam
635 3501 749 3563 inibral.
777 3509 909 3563 ceterum
929 3503 981 3582 qui
995 3502 1121 3566 alteram
1137 3505 1284 3569 lectionem

146 3608 310 3670 detendunt
343 3610 386 3669 uti
422 3618 563 3689 poterunt
594 3611 631 3670 iis
669 3627 744 3688 quac
777 3608 813 3670 de
846 3628 881 3670 ea
912 3629 946 3671 re
978 3592 1118 3696 uberius,
1153 3614 1204 3677 sed
1235 3614 1286 3675 alio

146 3713 275 3795 auctore,
300 3717 481 3795 praescripta
505 3725 576 3777 sunt
598 3717 629 3777 in
652 3718 825 3797 geoponicis
847 3715 910 3777 xiv
929 3714 995 3800 6,4
1014 3712 1167 3798 χωστέον
1188 3713 1224 3782 δὲ
1244 3716 1285 3803 τῷ

145 3823 226 3906 οἴκῳ
249 3820 396 3903 λουτῆρα
419 3821 569 3903 μείζονα,
592 3819 650 3885 ἵνα
672 3817 728 3885 καὶ
750 3823 862 3885 πίνειν
889 3817 946 3885 καὶ
973 3816 1142 3888 λούεσθαι
1165 3821 1286 3889 δύναν-

142 3948 196 3991 ται
219 3923 274 3990 καὶ
302 3920 346 4011 μὴ
374 3924 540 4009 προφάσει
572 3927 634 3992 τοῦ
659 3924 782 4004 ὕδατος
810 3927 957 4012 συνεχῶς
984 3922 1171 4014 ἄνθρωπος
1192 3929 1286 4018 μορε·

142 4034 245 4118 noxii}
269 4044 341 4109 ταῖς
363 4045 581 4117 περιστεραῖς,
604 4028 685 4119 ὅπερ
709 4032 843 4118 σφόδρα
865 4030 1097 4118 antedictarum.
1140 4090 1145 4100 .

233 4144 416 4204 Pastorem
448 4143 694 4206 columbarum
722 4144 912 4225 quodquod
945 4146 1135 4210 mensibus
1168 4148 1287 4210 crebro

143 4257 289 4328 oportet
312 4249 499 4328 euertere]
528 4253 751 4313 columbarium
769 4251 891 4336 Merula,
914 4255 1109 4324 columbaria
1134 4254 1287 4319 Iucundos

143 4356 364 4416 columbarium
391 4375 427 4417 ex
456 4360 673 4437 antiquissimis
700 4358 881 4421 editionibus
913 4362 944 4421 in
977 4334 1146 4424 secundam
1175 4362 1288 4424 Victorii

143 4460 303 4523 editionem
328 4472 481 4544 receptum
507 4474 536 4526 et
555 4464 662 4526 deinde
687 4466 722 4527 ad
747 4465 877 4547 reliquas
899 4475 1098 4548 propagatum
1119 4478 1192 4532 erat
1225 4487 1287 4530 nam
