2874 4994
373 337 504 392 RERVM
521 338 761 393 RVSTIOARVM
779 339 847 395 LIB.
866 341 877 394 l
897 339 935 394 41
1143 333 1203 399 101

120 487 228 554 ittam
250 486 441 574 παραρρέον
470 484 526 554 διὰ
549 484 611 573 τὴν
634 487 832 572 ἀσθένειαν,
859 484 900 555 do'
926 483 946 556 ὃ
969 488 1024 555 καὶ
1047 489 1101 557 ἐπὶ
1128 490 1205 558 noel

120 606 159 660 :ei
179 590 427 680 ἀσφαλέστατος
450 589 545 662 εἶναι.

151 703 172 768 3
204 705 318 768 Vitem
343 706 463 768 triduo
486 716 673 787 antequam
697 709 863 769 inserant
887 707 1075 787 desecant]
1111 710 1204 773 Vitem

120 817 166 876 nro
189 814 219 875 in
243 812 403 895 archetypo
427 814 492 894 tuit,
516 833 575 875 non
598 818 690 876 attam
714 833 782 876 cunr
805 817 917 890 triduo,
940 814 1018 894 quod
1043 834 1079 877 ex
1101 817 1204 878 codice
1303 899 1305 903 ,

120 919 268 981 'alitianus
283 919 476 1000 adscripsisse
498 921 623 983 ridetur.
660 940 727 982 nam
747 924 777 982 in
792 921 915 1001 reliquis
930 940 998 983 carn
1012 941 1071 983 non
1087 922 1203 1004 legitur.

120 1026 169 1087 rde
193 1030 224 1088 in
248 1046 339 1103 qnam
364 1032 502 1090 inserant
525 1030 644 1109 scripsi,
673 1028 725 1089 uhi
748 1033 779 1090 tn
802 1018 864 1105 qaia
892 1031 923 1090 in
951 1029 1111 1111 archetypo
1139 1032 1203 1094 init.

120 1154 206 1211 qaam
230 1134 422 1197 scribendum
445 1154 511 1198 esse
534 1155 570 1197 ex
593 1137 630 1197 iis
654 1154 729 1216 quae
754 1154 843 1215 supra
870 1133 968 1219 40,5
996 1146 1026 1198 et
1049 1134 1069 1198 6
1093 1138 1202 1217 scripta

120 1252 133 1303 t
155 1242 287 1321 intellegi
311 1251 436 1322 poterat.

150 1349 187 1409 ln
206 1368 273 1429 qua
293 1367 391 1410 umor
410 1349 640 1410 aduenticius
659 1348 816 1409 eiiluere
835 1347 969 1428 possit]
994 1351 1078 1411 Unde
1094 1353 1203 1413 tramor

120 1456 219 1518 rudus.
257 1455 351 1516 deleta
375 1457 594 1536 praepositione
619 1459 650 1517 in
674 1457 782 1535 scripsi
810 1474 871 1531 qna
895 1474 991 1538 amor,
1014 1456 1046 1540 h,
1063 1476 1088 1518 e.
1110 1466 1143 1519 nt
1167 1477 1201 1519 eo

120 1587 125 1616 r
148 1582 235 1625 umor
258 1562 381 1624 eilluere
405 1565 508 1642 possit.

148 1670 185 1731 ln
209 1672 280 1732 lico
299 1680 334 1731 et
352 1670 441 1731 malo
461 1672 593 1750 punico
612 1678 647 1730 et
666 1671 696 1730 si
716 1688 781 1748 qua
802 1672 909 1730 etiam
928 1669 1055 1733 horum
1074 1680 1202 1733 natura

120 1775 236 1855 diora]
261 1777 379 1838 hinico
407 1786 437 1838 et
465 1776 571 1837 deinde
599 1779 741 1838 aridiora
769 1777 934 1857 apographa
963 1780 1074 1839 omnia:
1103 1780 1201 1840 minus

121 1895 196 1944 rratc
226 1883 398 1945 Politianus.
432 1888 548 1961 panico
577 1883 688 1945 Merula
717 1884 856 1945 restituit.
900 1894 1054 1964 praeterea
1085 1888 1201 1963 siquae,

137 1996 233 2068 siqua,
257 1990 448 2052 scribendum
468 2009 533 2051 esse
557 1990 617 2051 dixi
642 1989 654 2049 l
677 1988 725 2064 12,
742 1988 770 2053 3.
808 1990 845 2051 de
863 1993 982 2071 punicis
1006 1991 1089 2054 malis
1110 2002 1141 2054 et
1164 1993 1200 2054 de

120 2100 248 2161 readem
272 2098 359 2159 docet
382 2098 496 2159 Plinius
520 2097 597 2158 XVll
622 2096 688 2159 113
712 2102 829 2175 panico
852 2117 924 2161 aero
947 2108 977 2161 et
996 2103 1090 2173 nicom
1108 2120 1200 2177 qnae·

139 2210 201 2267 atio
224 2210 308 2268 sicea
331 2214 401 2267 erint
423 2210 635 2268 recrastinare
658 2208 779 2267 minime
801 2210 883 2268 atita.

147 2312 341 2374 Videndum
371 2321 408 2373 nt
440 2312 535 2392 quod
569 2313 772 2373 transierat
803 2314 839 2372 in
871 2331 1040 2374 cacumen
1071 2311 1200 2376 habeat

120 2417 243 2495 umam]
274 2421 310 2480 tn
334 2405 583 2500 praepositionem
612 2418 716 2479 delevi.
754 2436 820 2478 nam
849 2437 990 2480 cacumen
1018 2423 1049 2480 in
1077 2421 1200 2483 transla-

123 2525 188 2585 ibus
212 2526 258 2586 vel
281 2526 472 2587 insitionibus
496 2526 606 2587 dicitur
629 2525 777 2606 surculus,
803 2527 854 2605 qui
877 2528 1029 2607 inseritur,
1053 2536 1086 2589 ut
1107 2546 1197 2607 supra

125 2631 272 2694 dramati
289 2653 450 2695 coccineo:
470 2637 540 2696 item
560 2633 672 2693 Colum.
688 2631 710 2689 V
727 2629 814 2715 11‚4
835 2651 872 2694 ea
891 2640 1008 2695 tantam
1027 2639 1198 2710 cacumina,

120 2759 136 2801 e
158 2744 295 2802 inserere
318 2746 404 2815 votes,
431 2745 576 2815 relinque,
604 2739 642 2800 ib.
667 2731 830 2800 eaearntna
857 2743 967 2816 ottone,
997 2738 1082 2822 12‚3
1106 2762 1198 2805 cocu—

121 2866 138 2906 a
161 2851 327 2924 cytisorum
350 2867 421 2909 aare
444 2851 600 2924 disponite.

144 2952 165 3013 4
198 2953 243 3014 lic
271 2957 316 3014 iis
344 2956 471 3033 primis
499 2963 673 3033 quattuor
700 2953 896 3032 generibus
926 2955 1118 3032 seminum]
1153 2960 1198 3021 Ite

124 3063 227 3136 priuis,
252 3056 324 3121 ‘hoo
348 3069 394 3121 est
416 3060 452 3120 de
476 3059 523 3120 his
547 3060 672 3138 singuiis
697 3070 825 3139 quatuor
843 3062 989 3121 seminum
1011 3061 1198 3145 generibus’‚

120 3168 185 3227 iecit
204 3168 349 3228 Tritterus
368 3167 484 3227 observ,
504 3166 538 3225 lV
554 3165 595 3228 27
615 3186 642 3245 p.
658 3163 734 3227 466.
768 3171 878 3243 primis
896 3166 1018 3227 inclusit
1037 3167 1197 3252 Gesnerus,

142 3275 211 3335 haec
247 3276 281 3335 ad
316 3276 560 3354 quadripertitam
589 3275 737 3335 seminum
769 3275 943 3335 divisionem
976 3293 1067 3355 snpra
1099 3274 1195 3360 29,3

120 3392 212 3442 ¹catam
237 3385 388 3461 pertinere
412 3381 569 3442 adnotavit.
606 3381 678 3442 haec
702 3390 843 3461 quattuor
861 3391 959 3443 autem
981 3401 1089 3461 genera
1110 3389 1194 3446 semi-

120 3491 240 3566 aprima
259 3488 400 3551 dicuntur
419 3507 478 3549 non
497 3498 621 3568 propter
637 3498 772 3550 naturam
791 3489 947 3570 seminum,
966 3489 1017 3551 sed
1038 3499 1194 3571 propterea

121 3592 190 3654 dea
214 3595 317 3656 divisio
341 3597 480 3674 primaria
501 3603 554 3657 est.
591 3614 658 3656 nam
682 3597 711 3656 in
737 3613 795 3657 uno
819 3612 938 3674 quoque
959 3614 1068 3675 genere
1092 3596 1194 3677 plures

120 3698 242 3762 diversae
267 3712 337 3763 sunt
360 3705 474 3781 species
498 3704 652 3763 seminum.

145 3807 167 3867 E
192 3809 324 3888 quibus
347 3811 470 3888 paruis
499 3808 591 3888 quod
621 3811 741 3870 enasci
768 3808 919 3870 coliculi
948 3811 1005 3869 uix
1036 3812 1192 3891 queunt]

120 3918 223 3991 ruittas,
246 3920 329 3993 quod
346 3921 461 3992 porois,
489 3920 595 3977 enasci
612 3934 675 3995 sqq.
700 3916 865 3997 Gesnerus,
889 3915 967 3995 quod
993 3915 1193 3980 Schneiderus

120 4017 197 4083 iavit.
234 4032 315 4085 recte
335 4034 433 4083 tamen
452 4023 529 4084 idem
549 4023 699 4085 adnotavit
717 4025 881 4083 orationem
895 4025 1080 4102 interpositis
1096 4025 1193 4086 verbis

120 4131 155 4190 ia
172 4162 208 4172 —
230 4132 372 4191 aridiora
396 4148 579 4212 suspensam,
603 4129 709 4191 deinde
731 4138 872 4191 mutatam
891 4129 1004 4192 absolvi
1022 4130 1077 4213 his,
1095 4150 1193 4208 quare

120 4240 202 4298 terra
221 4241 323 4314 potiris
343 4256 406 4317 sqq.

143 4341 163 4404 5
196 4344 232 4403 ln
257 4345 321 4405 hoc
346 4346 439 4405 enim
464 4345 642 4406 umidiore
666 4364 765 4424 quam
790 4344 967 4423 aridiora]
996 4345 1081 4407 Vario
1104 4348 1191 4409 modo

120 4465 125 4503 ι
150 4451 186 4510 ab
209 4451 423 4531 interpretibus
454 4460 593 4531 temptata
618 4460 701 4531 sunt,
729 4471 798 4512 cum
826 4455 884 4513 rim
913 4454 1074 4532 particulae
1101 4473 1191 4530 qnam
