2874 4994
148 323 215 389 300
491 331 682 387 ΟΟΜΜΕΝΤ.
700 332 740 387 IN
759 331 947 388 VARRONIS

144 495 199 568 est,
223 486 301 567 qnod
326 485 477 548 Gesnerus
500 491 598 548 amnis
621 505 656 547 ex
676 484 814 549 Politiani
836 487 986 566 excerptis
1009 484 1166 549 adnotavit
1190 493 1263 553 anni

143 593 235 655 andex
259 593 413 655 caesenas.
458 602 489 655 et
511 597 693 656 diematione
715 593 807 655 eodex
831 592 1032 674 Florentium,
1054 600 1091 655 ut
1111 612 1152 656 ee
1171 596 1259 659 diene-

145 705 227 764 tiane
248 699 402 762 Caesenas.
448 705 598 778 reliquam
620 704 798 763 niemationi
819 703 1023 777 relinquatur.
1058 704 1090 763 si
1110 719 1180 765 nero
1198 706 1263 767 airas

145 825 205 870 non
220 805 386 884 fit‘sertiiis
404 809 458 869 ndi
474 811 549 884 qaia
570 811 734 883 eximatur,
753 811 903 886 exemptio
921 825 990 870 oum
1009 814 1055 871 est
1071 810 1169 871 maior
1180 808 1264 872 lusan·

146 914 202 977 dns
226 922 256 975 et
279 913 385 984 deinde
408 915 517 994 reliqui
539 914 678 976 editores.
723 919 752 976 si
772 932 832 978 non
854 918 895 977 sit
920 913 1049 992 sortitas,
1071 918 1107 975 ni
1131 918 1201 992 quid
1216 921 1264 979 oni

144 1029 254 1083 maiar.
300 1025 449 1099 exemptio
486 1040 555 1083 cnm
592 1031 636 1083 est
673 1041 737 1102 sqq.
775 1021 910 1083 Ursinus.
955 1038 1064 1101 parum
1106 1021 1263 1087 sonnium

146 1127 345 1189 Scitneiderus
376 1127 465 1190 verha
493 1128 711 1208 transponenda
740 1147 806 1191 esso
839 1130 871 1191 in
898 1128 978 1190 huno
1005 1127 1128 1190 modum
1154 1132 1262 1213 ooninit

144 1238 295 1312 reliquam
316 1237 495 1297 hiemationi
519 1239 727 1311 relinquatur,
750 1254 789 1298 me
816 1238 963 1311 deficiant
991 1238 1263 1318 animamarum

144 1360 214 1404 eam
236 1349 281 1403 est
303 1346 410 1403 maior.
456 1360 553 1418 nepae
575 1325 749 1405 uniuersam
782 1361 880 1420 meque
903 1345 1009 1420 potam
1033 1339 1145 1418 faeere
1164 1351 1262 1422 martit

143 1452 173 1511 si
194 1468 265 1511 nero
289 1453 374 1511 alans
397 1453 515 1510 nonsit
535 1449 656 1526 fertilis,
676 1469 715 1510 ne
733 1452 809 1526 qaid
830 1453 994 1513 eximatur.
1031 1451 1203 1511 sententiam
1217 1468 1261 1510 rer-

142 1555 249 1617 horum
273 1574 361 1636 prava
385 1555 601 1642 distinctione„
615 1574 691 1636 qnae
719 1556 788 1617 oiim
818 1557 888 1637 init,
912 1563 1048 1616 correcta
1072 1554 1194 1618 Ursinus
1215 1576 1262 1637 ape·

142 1664 211 1725 ruit.
258 1662 338 1724 huna
362 1671 483 1724 secutus
514 1664 622 1743 scripsi
650 1660 801 1739 retineam
823 1672 858 1725 at
880 1665 1060 1725 diemationi
1081 1667 1262 1740 retinendam

140 1774 189 1832 sin
212 1774 298 1832 alans
321 1788 381 1831 non
408 1773 449 1830 sit
471 1768 600 1850 fertilis,
630 1773 744 1846 nequid
770 1772 933 1831 eximatur.
979 1773 1129 1848 exemptio
1150 1789 1212 1833 enm
1230 1778 1262 1832 est

142 1880 255 1958 maior,
279 1895 376 1952 neque
399 1879 573 1939 nniversam
603 1895 702 1952 neque
726 1880 830 1955 palam
855 1876 966 1953 faeere
992 1884 1124 1954 oportet,
1152 1897 1189 1940 ne
1211 1880 1261 1951 dei·

143 1988 228 2046 oiant
250 1988 392 2046 animam.
439 1985 464 2044 si
487 1983 570 2044 alvus
593 1983 718 2045 secunda
747 1991 806 2067 est,
831 1986 861 2044 in
890 1982 1054 2044 eximendis
1083 1983 1156 2045 iaris
1183 2000 1261 2045 aaran·

143 2091 214 2152 dum
239 2098 342 2152 estut
368 2089 554 2170 relinquatur
584 2092 663 2170 qnod
692 2091 798 2171 apibus
826 2089 860 2151 ad
889 2089 1101 2153 hiemationem
1128 2110 1200 2171 opus
1219 2098 1263 2170 est;

143 2200 168 2258 si
192 2216 251 2259 non
275 2195 381 2258 fertilis
405 2205 459 2277 est,
478 2195 552 2256 nihii
575 2198 697 2257 omnino
716 2197 913 2258 eximendum.
951 2199 981 2257 in
1005 2196 1129 2276 reliquis
1152 2200 1176 2258 si
1192 2198 1262 2258 maior

143 2306 291 2383 exemptio
321 2304 367 2384 m,
399 2321 496 2382 neque
527 2302 614 2364 simul
646 2305 744 2364 omnia
774 2322 872 2384 neque
902 2302 997 2385 palam
1028 2304 1180 2365 eximenda
1205 2311 1263 2365 sunt

144 2414 291 2486 deficiant
313 2414 447 2471 animum
470 2409 548 2470 idem
572 2429 648 2491 esse,
666 2409 746 2490 qnod
770 2409 810 2471 lii
828 2408 859 2491 5,
874 2406 894 2472 6
914 2417 945 2470 et
964 2406 1262 2491 inlinemus

145 2520 352 2596 despondeant
369 2521 503 2578 animum
522 2515 648 2578 Ursinus
667 2516 826 2578 adnotavit
863 2515 940 2595 apud
961 2515 1135 2579 Ciceronem
1158 2536 1184 2598 p.
1197 2517 1262 2578 Rosa.

141 2620 461 2706 imer.4‚101rrgitur
480 2625 581 2685 animo
599 2641 661 2686 non
679 2627 829 2699 deficiam.
863 2622 970 2685 deinde
992 2626 1101 2700 siquae
1120 2644 1193 2703 pars
1207 2625 1260 2685 sori·

142 2731 273 2793 bendum
297 2749 372 2811 esse,
397 2729 447 2791 nbi
470 2734 499 2791 si
520 2749 581 2806 qna
600 2750 678 2809 pars
701 2733 732 2792 iu
755 2732 915 2812 archetypo
939 2731 1003 2812 init,
1027 2731 1088 2793 dixi
1112 2731 1125 2791 1
1145 2730 1192 2814 12,
1206 2727 1229 2793 3.

232 2834 275 2899 35
309 2839 352 2897 No
371 2839 525 2910 firmiores
547 2836 616 2897 libri
639 2856 728 2899 mauu
753 2840 871 2920 scripti,
898 2858 937 2901 ne
960 2843 1144 2914 infirmiores
1166 2835 1261 2916 norun,

144 2943 221 3024 quod
244 2943 408 3005 Politianus
431 2961 490 3004 non
514 2946 653 3006 correxit.

232 3052 298 3114 Non
322 3053 409 3112 modo
432 3068 492 3112 non
515 3053 663 3113 desistant
684 3051 811 3133 piurima
835 3052 1003 3131 apographa
1027 3061 1059 3114 et
1088 3053 1177 3114 editio
1200 3050 1260 3129 prin·

142 3177 213 3239 seps
235 3178 251 3219 a
275 3158 420 3219 Politiano
444 3175 503 3218 non
528 3167 672 3239 correcta,
696 3177 756 3220 non
781 3162 868 3220 modo
892 3162 1040 3220 desistant
1062 3157 1212 3221 lnonndus.

233 3263 276 3329 36
312 3266 427 3344 Prope
464 3266 712 3345 apponendum
750 3265 838 3326 bene
880 3265 1055 3327 olentium
1096 3264 1261 3327 herbarum

144 3375 293 3434 maxima
316 3372 529 3452 apiastrum]
551 3375 652 3450 Prope
673 3376 884 3450 apponendam
908 3377 1027 3449 aliquid
1047 3375 1125 3435 ome
1145 3374 1261 3437 otentnn

143 3483 308 3543 herborum
340 3479 505 3540 Pontedera
538 3500 566 3560 p.
585 3476 651 3542 460
679 3489 708 3542 et
740 3479 948 3541 Schneiderus.
994 3483 1025 3541 in
1052 3483 1187 3560 genetivo
1208 3492 1261 3538 casu

143 3586 247 3648 similis
266 3585 384 3646 dicendi
403 3584 524 3648 tiberias
543 3596 589 3648 est
607 3586 646 3647 ill
664 3584 742 3668 17,t
761 3591 1012 3648 salsamentorum
1030 3591 1063 3648 in
1081 3606 1135 3649 ens
1147 3588 1261 3665 piscinas

143 3702 271 3770 emptam
295 3694 451 3753 asistebat.

232 3796 274 3860 37
307 3798 429 3860 lacent
460 3808 670 3879 prostratae
703 3809 741 3860 nt
773 3798 948 3878 eiiiintae]
978 3800 1019 3861 Et
1048 3782 1183 3878 effliotae
1208 3813 1262 3858 nnn·

142 3905 222 3968 nulla
245 3905 425 3987 apographa,
449 3914 479 3968 et
508 3907 646 3983 afflictae
673 3906 765 3968 codex
789 3906 947 3986 Caeseuas,
972 3905 1134 3969 Beroaldus
1162 3907 1264 3984 etpost

140 4013 219 4075 hunc
247 4012 353 4092 reliqui
382 4013 521 4074 editores.
567 4021 621 4074 aut
648 4013 782 4090 effliotae
812 4012 882 4073 oiim
912 4012 1062 4075 dederam.
1109 4014 1160 4077 sed
1183 4025 1265 4074 rerum

142 4130 187 4180 est
211 4128 243 4180 at
266 4119 408 4194 afflictae,
428 4120 507 4197 quod
531 4121 561 4180 in
585 4119 745 4201 archetypo
765 4121 911 4200 seriptum
930 4129 1002 4202 arat,
1022 4120 1049 4181 h.
1069 4139 1096 4183 e.
1120 4122 1202 4201 quasi
1217 4120 1264 4177 iotn

142 4242 301 4307 percussae
325 4243 395 4304 apes
418 4233 584 4304 prostratae
608 4230 714 4288 iacent.

232 4330 479 4410 Colligendum
502 4351 561 4394 eas
584 4336 619 4393 in
643 4352 706 4394 nas
733 4333 879 4414 aliquod
907 4344 943 4395 et
972 4334 1214 4414 reponendum
1238 4332 1264 4390 in

144 4446 240 4500 teoto
263 4437 342 4499 loco
366 4457 405 4500 aa
434 4440 557 4521 tepido
584 4458 744 4521 promum
768 4461 784 4502 e
808 4442 864 4503 die
894 4459 995 4523 qnam
1023 4418 1172 4505 maxime
1196 4450 1264 4502 tem·
