2874 4994
360 312 491 369 nenuu
512 311 753 370 nvsrrcanvu
770 274 840 369 cm.
858 302 885 368 Π
905 311 921 367 1
1146 301 1209 369 143

122 470 241 550 noxium,
273 476 432 549 propterea
463 467 573 530 accidit
605 477 638 530 ut
674 469 805 530 diversas
840 469 1019 530 offensiones
1050 464 1208 530 incurrat'.

121 594 163 638 cmo
184 577 325 656 quoniam
345 593 438 655 pecus
457 594 515 637 non
536 575 621 658 vaiet,
640 575 750 638 domini
769 578 887 658 pecoris
905 593 992 656 saepe
1012 593 1116 656 magna
1135 575 1209 637 caia·

122 690 170 744 tate
195 681 384 761 adiiciuntur.
429 691 576 745 mutatum
604 685 683 745 enim
711 693 757 746 est
784 685 815 745 in
843 683 934 746 altero
962 692 1046 765 parte
1074 685 1208 745 enuntio·

121 791 164 850 nis
184 787 351 852 subiectum
376 789 468 872 verbi,
491 790 607 870 dequo
631 790 741 851 dictum
766 798 812 851 est
834 808 923 870 snpra
946 789 973 850 ΙΙ
994 786 1022 871 l,
1035 787 1066 852 4.

160 895 266 958 Cuius
285 898 462 959 scientiae
482 915 613 977 genera
632 896 699 958 duc
720 905 758 958 ut
781 899 816 958 in
839 896 1013 958 hominem
1037 914 1142 958 unum
1167 897 1206 958 ad

121 1021 171 1064 ten
198 1002 393 1065 adhibendi
422 1003 550 1065 medici
579 1003 693 1066 altera
726 1022 814 1084 quae
848 1006 925 1083 ipse
955 1006 1060 1064 etiam
1093 1004 1206 1065 iastor

122 1108 223 1190 iigens
247 1110 384 1173 mederi
412 1110 546 1191 possit]
580 1113 672 1172 Ouios
698 1115 845 1173 scientiae
869 1129 986 1188 aenern
1014 1113 1088 1188 dno,
1114 1129 1207 1172 unum

134 1221 159 1278 in
179 1220 341 1300 dominrem,
369 1222 413 1280 ad
438 1237 524 1294 qoem
548 1221 717 1280 adhibendi
738 1221 861 1296 medici,
889 1222 1030 1299 atterum,
1057 1236 1116 1294 qno
1145 1221 1208 1296 ipse

121 1328 284 1402 impostor
308 1329 437 1403 ditiaens
457 1329 575 1388 mederi
588 1329 684 1403 possit
702 1324 862 1387 iucundus.
898 1329 972 1401 quoi
990 1328 1054 1402 ipsc
1073 1323 1206 1386 Ursinus.

133 1451 239 1513 pecore,
263 1435 343 1494 sicut
364 1435 394 1493 in
419 1432 547 1515 homine,
571 1431 630 1494 duo
654 1441 724 1493 sunt
746 1450 854 1513 genera
878 1431 1059 1512 morborum,
1082 1431 1206 1493 alterum

121 1557 173 1600 rum
196 1540 231 1601 ad
256 1558 331 1620 quos
354 1540 461 1601 medici
481 1539 638 1601 adhibendi
657 1549 737 1620 sunt,
755 1540 881 1601 alterum
901 1538 1133 1619 eorumquibus
1153 1541 1209 1618 ipsi

120 1655 202 1708 stores
225 1646 338 1707 mederi
361 1656 497 1727 possunt.
533 1646 568 1708 ad
593 1645 668 1707 hanc
687 1648 864 1708 sententiam
884 1645 1096 1707 restituendam
1115 1664 1207 1727 pauca

131 1763 219 1815 uetere
244 1756 391 1835 scriptura
415 1752 596 1814 emendanda
617 1763 710 1836 erant,
733 1757 821 1816 cuius
839 1756 987 1815 scientiae
1002 1771 1120 1830 aenera
1139 1755 1208 1828 dno,

130 1863 292 1936 innomine,
315 1879 407 1923 unum
422 1864 466 1922 ad
482 1879 562 1936 qnae
580 1863 748 1923 addicendi
765 1864 883 1935 medici,
902 1865 1031 1922 aiterum
1049 1878 1128 1936 quae
1145 1863 1210 1938 ipse

120 1969 161 2028 an
178 1977 286 2046 pastor
309 1971 438 2044 ditiaens
461 1970 578 2029 mederi
591 1971 695 2044 possit.
734 1986 801 2029 nam
824 1986 873 2029 res
892 1969 982 2048 ipsae,
1005 1985 1081 2047 quae
1100 1985 1159 2028 uno
1178 1976 1208 2028 et

121 2091 296 2154 eroganero
324 2075 529 2156 continentur,
556 2076 749 2154 appositionis
778 2074 842 2134 ioco
870 2073 904 2135 ad
934 2076 1066 2154 nomina,
1099 2073 1207 2154 quibus

120 2197 163 2240 um
185 2200 279 2261 genus
294 2183 485 2262 significatur,
500 2181 614 2242 additae
639 2189 721 2242 stunt:
746 2180 771 2240 11
791 2177 856 2262 6,3
875 2183 983 2242 trorum
1002 2198 1119 2257 peneto
1139 2182 1208 2255 duo,

120 2305 163 2348 om
184 2289 300 2370 ferum,
328 2307 402 2364 quos
428 2296 538 2351 cocant
565 2306 710 2365 onapros,
738 2285 834 2362 15‚4
857 2289 992 2349 nectenda
1013 2305 1102 2364 pars,
1129 2305 1209 2363 quae

120 2405 225 2457 tonatur
243 2429 292 2478 -—‚
307 2405 351 2457 est
365 2400 434 2458 item
449 2398 601 2472 bipertita,
615 2394 640 2455 ii
658 2393 686 2476 1,
703 2392 743 2456 12
757 2398 849 2456 tertia
861 2413 938 2472 pars
955 2401 1000 2456 est
1014 2398 1044 2455 in
1056 2397 1208 2470 pecuaria

121 2517 152 2561 ae
170 2521 227 2565 non
248 2512 414 2584 parantur,
436 2501 477 2563 lii
495 2500 560 2592 3,3
583 2504 699 2579 species
716 2535 760 2545 —
779 2505 878 2563 attera
902 2505 970 2564 item
993 2510 1084 2562 entra
1107 2504 1207 2562 vittam

120 2624 152 2667 ae
167 2618 243 2685 sunt,
262 2609 300 2671 ib.
321 2607 342 2672 5
360 2612 495 2671 secondo
513 2627 593 2685 puae
612 2612 746 2671 macerie
764 2641 808 2652 -
826 2611 999 2669 cluduntur.
1023 2640 1062 2654 —
1083 2606 1207 2669 verbum

120 2715 185 2776 tderi
210 2735 279 2778 cum
306 2719 473 2778 accusativo
506 2733 575 2777 casu
609 2714 717 2795 iegitur
745 2716 822 2796 apud
851 2713 1024 2777 Terentium
1046 2713 1207 2776 Phorm.V

129 2816 247 2900 3qnas
267 2857 305 2868 -
327 2827 445 2886 mederi
467 2827 564 2901 possis
597 2831 626 2884 et
658 2822 735 2905 apud
768 2822 924 2903 Apuleium
957 2833 1073 2885 metam.
1095 2821 1144 2882 vlt
1166 2820 1205 2884 tt

123 2923 180 2991 195
201 2934 390 3007 iniquitatem
410 2933 557 3008 ponderis
575 2932 761 3005 medebatur,
785 2928 836 2991 ubi
858 2933 1017 3005 iniquitate
1036 2932 1066 2990 in
1087 2928 1207 2990 Floren-

120 3039 257 3100 0codice
281 3041 426 3118 scriptum
450 3045 503 3098 est.

160 3142 200 3207 22
229 3145 386 3226 Propter
405 3146 549 3205 nimium
578 3142 734 3204 laborem
764 3151 802 3204 ut
829 3145 1046 3203 contrariam
1075 3142 1205 3203 nullam

119 3249 387 3332 ercitationam]
424 3253 616 3313 Contrarium
645 3249 736 3310 editio
763 3251 902 3330 princeps
932 3267 948 3309 a
975 3247 1118 3309 Politiano
1147 3267 1205 3310 non

119 3368 204 3420 'recta
223 3369 252 3422 et
271 3359 363 3421 codex
385 3358 585 3438 Florentinus,
605 3359 793 3418 contrariam
813 3356 925 3435 reliqua
944 3355 1119 3436 apographa.
1152 3365 1207 3418 aut

119 3471 180 3528 ttra
187 3475 318 3546 propter
331 3471 445 3529 nuttam
464 3467 715 3527 exercitationem
734 3481 770 3524 ex
785 3461 887 3523 Aldina
907 3463 1036 3526 editione
1053 3472 1206 3544 receptum

121 3575 145 3630 t.
179 3578 285 3636 omissa
309 3575 536 3654 praepositione,
560 3589 647 3652 quam
671 3568 822 3633 ineundus
841 3569 1002 3651 addiderat,
1025 3573 1131 3651 scripsi
1153 3579 1207 3633 ant

119 3684 178 3741 stra
200 3686 313 3744 nattam
336 3683 600 3744 exercitationem:
628 3675 723 3758 tt,t
756 3681 787 3738 in
814 3682 880 3739 ioco
903 3696 1017 3753 aquoso
1040 3688 1093 3740 aut
1116 3683 1206 3742 etiam

119 3785 315 3870 aa,115‚13
336 3792 465 3866 pariunt
488 3790 518 3848 in
542 3789 645 3848 decem
668 3803 776 3859 annos,
805 3787 955 3860 quaedam
978 3789 1069 3847 etiam
1091 3791 1205 3864 ptores,

119 3886 160 3955 15
185 3900 215 3957 in
243 3900 335 3959 sudus
363 3899 501 3972 maiales,
528 3898 619 3970 cattio
639 3896 821 3970 actiinnccis
845 3894 924 3969 capi,
953 3888 1075 3973 1119,9
1100 3895 1207 3955 debent

119 4000 168 4062 'inc
189 4007 221 4064 in
244 4004 443 4080 concipiendo
472 4009 640 4079 occupatae
668 4019 745 4077 esse,
774 4018 865 4076 qnam
893 3999 1079 4074 incubando,
1112 3995 1207 4079 10,4

118 4111 243 4173 oducunt
265 4114 296 4172 in
316 4117 420 4188 prata,
444 4111 512 4170 item
531 4112 677 4186 pt'scinm.

160 4217 265 4299 Signa
288 4225 404 4278 autem
429 4223 512 4276 sunt
535 4224 573 4277 ut
595 4234 717 4276 eorum
741 4216 854 4294 quisi
878 4232 894 4274 e
922 4211 1043 4274 iabore
1072 4212 1204 4273 iebrem

124 4321 201 4386 bont
224 4325 431 4404 adapertum
455 4322 573 4383 umido
600 4319 753 4402 spiritu]
781 4322 817 4382 Si
843 4340 861 4381 e
887 4322 993 4382 labore
1021 4318 1089 4381 libri
1117 4338 1205 4381 manu

118 4433 181 4512 ipti.
221 4433 360 4493 comisit
382 4430 555 4510 Politianus,
578 4430 629 4509 qui
653 4427 857 4507 neglegentius
880 4427 1038 4490 lectionem
1061 4429 1205 4507 principis
