2874 4994
435 278 549 335 INDEX

116 440 161 493 otio
180 446 224 495 08.
260 444 379 507 quomo
508 437 619 493 fabulas
639 443 690 493 104

125 530 298 583 coniunctioo
316 535 341 583 et
359 546 419 584 cum
438 530 480 584 in·
507 525 601 583 facula
619 526 724 582 foloula
743 535 776 583 37

116 623 136 671 4
218 600 224 612 ’
506 617 612 686 faeere,
631 617 692 672 foce
712 621 745 671 73

507 705 635 777 fagineus
654 712 689 761 58

118 795 154 851 od
173 794 287 864 aliquod
307 802 340 850 81
481 798 485 806 '
507 795 616 850 fascina
635 801 668 850 73

119 887 259 940 niuactioo
273 891 298 941 ct
311 903 372 940 eum
385 887 479 954 tufini·
507 883 575 938 felix
594 882 653 939 filix
673 891 723 939 183

506 975 641 1040 feminino
659 975 854 1031 adieetioorum
872 981 906 1030 50

117 1065 251 1132 555555,
272 1063 326 1119 hae
345 1080 394 1119 eae
413 1063 479 1120 illae
506 1063 598 1119 ferrea
616 1069 659 1119 33.
679 1069 713 1118 50

128 1155 217 1209 dativi
235 1170 302 1208 aeuo
321 1159 355 1208 54
507 1155 621 1219 fervere,
632 1153 775 1208 defervere
796 1160 847 1209 118

117 1253 122 1291 t
506 1241 623 1296 ficulnus
642 1243 776 1298 ficulneae
795 1246 828 1297 57

506 1332 573 1387 ficui
592 1337 627 1385 30

505 1421 554 1475 fini
577 1438 638 1476 eum
660 1421 780 1476 aototioo
804 1425 829 1476 et
851 1437 913 1476 cum
934 1424 1064 1493 qeeaetioo,

541 1525 597 1580 qua
615 1509 664 1564 fini
682 1514 726 1565 48.
748 1515 797 1564 159

505 1598 604 1654 fornax
621 1600 721 1654 fornax
739 1607 773 1654 43

505 1688 598 1744 fortax
617 1695 651 1744 73

504 1776 588 1832 friato
608 1777 709 1832 fricato
728 1783 762 1832 33

504 1866 610 1922 fructus
629 1873 654 1921 8.
690 1866 775 1921 fructi
794 1873 828 1921 43

504 1956 559 2010 frui
578 1973 638 2011 eum
656 1958 812 2012 aeeueatioo
832 1961 890 2010 153.
912 1960 961 2010 173

119 2051 144 2098 ’10

505 2133 591 2189 Golas
612 2139 645 2189 78

502 2225 641 2293 penatium
664 2240 725 2278 eum
746 2225 852 2278 neutris
869 2225 1063 2280 adieetioorum

119 2312 249 2369 midiatus
286 2320 343 2369 151.
395 2313 475 2368 dimi·
539 2320 564 2367 et
579 2316 775 2382 pronominum
795 2317 853 2366 105.
876 2318 925 2366 175

503 2404 641 2473 gerundia
658 2405 690 2456 in
705 2433 737 2441 -
753 2398 858 2455 undum
881 2410 911 2456 13

120 2507 155 2542 ιω
176 2496 208 2544 53
504 2489 604 2560 glittuo
623 2497 657 2546 83

120 2599 153 2633 ιω
175 2585 207 2632 93
502 2582 603 2650 globus
624 2586 674 2635 109

502 2671 631 2738 glubere,
650 2669 761 2740 glubito
781 2677 815 2726 80

502 2758 704 2827 grandisono

121 2866 129 2900 ι
150 2854 198 2901 171

501 2937 529 2990 Η
546 2940 579 2991 in
591 2939 696 3007 praecio
710 2939 867 2993 omninibus
881 2941 1009 2994 oniieeum
1018 2945 1060 2996 30.

121 3028 245 3080 *minibus
265 3033 306 3080 53.
330 3032 388 3082 183,
424 3044 475 3096 pro
538 3026 629 3081 aurire
644 3044 698 3096 pro
718 3026 829 3081 haurire
850 3033 899 3082 101

502 3116 631 3170 helvoluo
650 3122 683 3169 53

122 3207 242 3260 oerbium
263 3213 279 3259 8
502 3203 602 3258 hiemis
622 3211 655 3260 58

127 3301 161 3347 30
502 3294 601 3350 hirnea
622 3300 672 3348 110

274 3391 281 3405 ·
502 3383 556 3439 hoo
574 3385 708 3453 amplius,
728 3386 757 3440 et
775 3385 828 3438 hoo
851 3389 901 3438 180

438 3526 440 3531 ,
502 3472 584 3527 holus
605 3479 655 3528 160

122 3568 183 3614 733.
205 3568 252 3615 131

122 3683 127 3700 ,
145 3652 181 3702 in>
194 3654 362 3708 nominativo
380 3656 473 3722 sinqu-
502 3652 517 3704 1
532 3654 562 3706 in
577 3654 697 3709 ablativo
711 3655 806 3709 tertiae
815 3653 1008 3709 declinationis
1017 3660 1059 3708 48.

123 3757 131 3793 e
149 3741 341 3796 declinationis
359 3748 393 3795 33
505 3808 510 3818 ·
536 3742 568 3795 in
576 3745 697 3810 penetioo
705 3744 1059 3812 quartaedeclinationis49

123 3831 194 3883 iitioo
214 3837 229 3884 5
502 3829 543 3882 ibi
563 3835 613 3883 131

501 3918 530 3972 id
549 3926 583 3974 54

502 4008 611 4063 idemo

500 4096 621 4166 iligneus
641 4103 674 4152 57

502 4218 531 4225 -
554 4186 593 4240 im
621 4189 651 4240 in
679 4187 834 4241 acaciana-o
856 4187 953 4242 tertiae
977 4189 1058 4242 deeli-

535 4279 658 4332 nationis
679 4281 729 4330 134

500 4368 678 4435 imperativus
695 4367 885 4438 deponentium
903 4372 946 4421 30.
969 4373 1018 4421 170

500 4455 586 4510 imum
606 4462 639 4510 53
