2874 4994
148 307 213 371 202
489 314 680 370 COMMENT.
698 315 739 370 IN
758 313 946 370 VARRONIS
1013 370 1016 376 ,

147 469 291 549 presso]
334 471 403 533 Solo
444 489 501 532 nec
541 479 575 531 ut
612 487 724 531 corneo
760 487 818 532 nec
854 473 980 532 nimium
1017 473 1098 533 duro
1133 467 1260 534 Vennum

148 596 186 638 nc
216 595 250 637 ex
280 577 440 657 archetypo
472 579 600 638 restitui.
645 581 740 638 solem
769 576 807 638 de
838 576 958 639 homine
989 577 1105 640 dictum
1134 585 1180 639 cst
1204 575 1260 639 itt

147 688 241 745 solum
260 688 339 746 enim
362 687 490 746 hominis
509 687 635 746 exitium
653 686 777 748 herbae.
813 683 920 746 deinde
939 703 980 747 ac
993 684 1161 762 [comibus
1175 681 1262 746 etim

148 799 212 852 erat
235 809 337 852 errore
361 810 465 853 eorum
489 793 540 871 qui
563 791 686 852 Victorii
717 791 877 854 editionem
907 793 1122 873 repetiverunt.
1164 802 1264 854 nemci

148 900 210 976 ipse
239 897 387 959 Victorius
417 908 448 959 et
475 901 659 977 antiquiores
687 915 791 959 omnes
817 916 839 961 α
867 897 1046 976 feminilem,
1074 907 1110 961 nt
1139 899 1171 959 in
1199 915 1264 960 nnn

148 1006 267 1090 scriptis
285 1005 371 1066 libris
390 1005 508 1086 legitur,
526 1005 679 1086 dederant,
699 1004 777 1084 qnod
797 1004 1000 1068 Schneiderus
1021 1006 1166 1068 restituit
1196 1005 1265 1066 lerna

147 1122 245 1173 autem
260 1130 366 1173 cauum
380 1111 561 1174 describitur
575 1112 657 1194 baec,
671 1123 705 1174 ut
718 1130 829 1192 corpus
846 1131 863 1174 s
877 1114 1033 1193 superiore
1048 1121 1135 1193 parte
1149 1113 1266 1174 lominum

147 1237 356 1299 suppressum,
384 1222 414 1281 in
443 1219 557 1300 reliqna
585 1227 669 1300 parte
698 1219 845 1298 pendente
874 1227 977 1281 ventre
1004 1226 1128 1282 suetum
1155 1218 1265 1282 nsum

235 1325 380 1387 Latratu
404 1329 506 1406 graui
531 1327 627 1387 hiatu
652 1325 794 1406 magno]
819 1326 951 1388 Latratu
973 1325 1053 1389 edite
1078 1326 1149 1388 inde
1170 1344 1187 1388 u
1205 1329 1266 1408 pr'n·

147 1435 212 1512 cipe
236 1434 364 1495 editione
393 1432 583 1513 exemplaris,
607 1437 720 1495 intrato
743 1432 877 1495 defendit
900 1431 1063 1495 Kettnerns
1085 1432 1266 1497 observent

145 1541 177 1600 in
196 1538 317 1602 Varrou.
339 1560 367 1622 p.
389 1538 438 1604 16.

235 1647 363 1709 Colore
401 1650 629 1727 potissimum
661 1646 740 1708 elbo
773 1647 866 1726 quod
900 1649 935 1708 in
968 1647 1135 1709 tenebris
1171 1651 1272 1728 specie

142 1752 309 1832 leonina]
337 1753 455 1815 Lacuna
483 1753 556 1814 baec
584 1762 724 1834 corrupte
753 1771 819 1814 esse
847 1752 920 1815 vidit
947 1752 1076 1814 Ursinus
1108 1754 1216 1816 collatis
1239 1757 1279 1816 iis

143 1880 218 1941 quae
242 1861 319 1942 apud
344 1859 534 1921 Columellam
559 1858 721 1938 v1112,3
751 1861 911 1922 decolore
939 1878 1047 1921 canum
1076 1864 1184 1941 scripta
1207 1872 1281 1946 sunt,

143 1974 183 2031 sit
206 1979 306 2031 eutem
330 1973 441 2030 coloris
463 1973 569 2049 unius,
593 1973 678 2044 isque
700 1972 797 2045 meeis
820 1971 945 2044 elicitur
967 1971 1056 2031 aldes
1079 1973 1111 2030 in
1131 1974 1279 2052 pastoraii,

143 2080 234 2153 nicer
257 2080 288 2138 in
312 2080 460 2137 villatico:
490 2094 561 2137 nom
584 2079 690 2137 verius
713 2080 744 2137 in
767 2083 877 2138 neutro
900 2084 945 2137 est
966 2078 1141 2138 laudabilis.
1180 2087 1276 2155 pastor

142 2187 244 2245 olium
260 2186 381 2263 prodat,
400 2187 543 2260 quoniam
562 2183 714 2260 estserae
733 2186 894 2258 dissimilis,
913 2201 1085 2260 moneoque
1103 2203 1177 2262 opes
1193 2188 1270 2245 mer-

143 2295 213 2354 dum
237 2295 415 2353 discrimine
438 2299 482 2352 est
506 2295 536 2352 in
558 2294 775 2368 propulsandis
797 2294 876 2368 lupis
899 2292 955 2352 sub
978 2292 1111 2352 obscuro
1134 2308 1214 2352 mnne
1230 2294 1270 2351 eei

143 2403 234 2460 ctiam
266 2403 460 2476 crepusculo,
488 2418 527 2460 ne
555 2416 615 2476 pro
643 2401 739 2460 bestia
768 2415 875 2460 canem
899 2396 1005 2474 serint.
1051 2397 1132 2460 unde
1155 2397 1263 2475 Unicus,

143 2503 282 2566 adhibitis
306 2508 393 2566 etiam
419 2507 456 2566 iis
480 2524 555 2585 quae
579 2523 669 2585 snpra
693 2524 729 2565 cx
752 2506 924 2584 geoponicis
947 2504 1103 2588 adscripsi,
1122 2504 1196 2584 apud
1212 2502 1261 2563 iar

144 2629 248 2672 renem
271 2611 437 2690 legendnm*
452 2614 580 2673 coniecit
602 2613 652 2691 ita,
673 2629 732 2686 quo
756 2615 787 2672 in
811 2613 1017 2673 tenebrescens
1041 2631 1061 2673 o
1084 2615 1164 2690 lupis
1180 2618 1262 2690 postu

144 2720 313 2791 doemunt,
342 2720 536 2779 radiantibus
565 2721 662 2780 oculis
691 2721 781 2779 etiam
812 2721 843 2778 in
873 2720 1006 2780 tenebris
1031 2722 1135 2796 specie
1160 2721 1265 2790 emito.
1305 2775 1308 2811 ,

144 2823 280 2886 similiter
303 2823 457 2886 Conradus
480 2824 632 2886 Gesnerus
655 2825 759 2886 histor.
778 2823 894 2885 animal.
912 2823 962 2885 l.l
985 2842 1014 2904 p.
1032 2821 1097 2888 261
1123 2836 1190 2905 post
1204 2833 1262 2886 tenc
1306 2816 1308 2825 ⁴

73 2937 85 2945 “
144 2935 208 2993 iris
231 2931 304 2993 haec
328 2931 390 2993 lere
418 2931 551 2992 addenda
574 2931 735 3011 adnotavit,
759 2951 779 2993 o
807 2936 885 3010 iupis
912 2939 943 2993 et
965 2935 1035 2993 aliis
1059 2931 1140 3006 feris
1162 2931 1264 3009 sociive

144 3043 373 3117 diqnoscnntur.
410 3039 591 3119 simpliciore
615 3042 729 3100 ratione
754 3056 826 3099 usus
849 3040 880 3099 in
904 3037 984 3100 hunc
1008 3039 1131 3101 modum
1154 3039 1265 3100 lacuum

143 3146 290 3227 supplevi,
318 3150 401 3222 quod
426 3150 458 3208 in
481 3148 614 3208 tenebris
637 3144 764 3222 facilins
787 3154 1010 3221 deposcuntur,
1032 3150 1136 3224 specie
1157 3149 1265 3209 lemine

232 3250 254 3315 5
286 3253 329 3315 Ut
360 3253 444 3315 boni
477 3255 620 3315 seminii
652 3250 739 3331 sint]
770 3254 898 3314 Seminis·
922 3252 1087 3315 Politianns
1120 3271 1187 3314 cunr
1214 3269 1266 3331 apo

143 3361 277 3441 graphis,
305 3380 364 3422 non
390 3365 537 3437 comiciis,
569 3370 603 3422 ut
631 3360 781 3421 Gesnerus
809 3359 968 3422 adnotavit.
1012 3364 1136 3422 mmmm
1167 3359 1267 3421 dederat

143 3468 265 3548 Merula,
282 3471 403 3530 seminia·
419 3467 570 3529 lucundns
594 3469 734 3529 restituit.
772 3469 929 3528 seminium
948 3466 986 3528 de
1005 3469 1100 3548 stirpe
1119 3465 1266 3529 animalium

143 3573 256 3636 dicium
280 3584 327 3634 cst
349 3572 375 3632 ll
396 3573 423 3655 1,
447 3573 494 3636 14.
518 3572 548 3656 3,
567 3573 596 3637 3.
620 3571 650 3655 6,
670 3574 703 3655 1;
722 3572 752 3635 2.
776 3571 807 3656 8,
825 3572 855 3636 3.
877 3572 917 3634 lll
936 3571 966 3653 9,
984 3571 1015 3637 6.

234 3680 483 3759 Salamentini]
509 3683 671 3743 Sallentini
691 3680 850 3761 Victorius,
873 3681 951 3759 qrvod
976 3683 1086 3761 recepi,
1109 3695 1267 3760 quemquern

144 3785 181 3846 de
205 3785 374 3847 Sallentinis
398 3787 521 3848 canibus
545 3787 617 3848 nihil
640 3790 800 3849 memoriae
824 3787 975 3866 proditum
998 3795 1054 3868 est,
1077 3788 1158 3849 sicut
1178 3787 1211 3849 de
1226 3785 1265 3846 ln

143 3893 267 3955 conibns
291 3904 320 3955 et
343 3893 511 3975 Epiroticis.

189 4012 194 4021 ’·
230 4001 350 4081 anue
384 3999 611 4061 consuetudo
644 4000 795 4060 tirmior
826 4017 915 4078 qnae
947 4001 997 4060 sit
1027 3999 1069 4060 ad
1103 3994 1265 4080 pastores]

147 4111 232 4182 Oeae
256 4112 293 4180 fit
320 4109 437 4186 scripsi.
483 4125 550 4168 uam
579 4125 675 4185 neque
704 4108 912 4168 coniunctivus
940 4109 969 4167 in
994 4105 1119 4168 relativa
1141 4106 1266 4168 sententia

143 4214 239 4273 locum
264 4211 366 4291 habet,
390 4223 419 4273 ct
439 4217 513 4285 ficri
535 4216 632 4292 aptius
656 4212 766 4274 dicitur
789 4231 877 4292 quam
906 4232 970 4275 esse
992 4220 1061 4293 post
1084 4212 1204 4275 verbnm
1222 4209 1265 4272 cd·

142 4320 283 4380 suescit..

169 4499 171 4502 .
231 4421 252 4486 6
284 4424 453 4487 Pastores
486 4436 524 4488 ut
555 4424 735 4488 dedurent
766 4428 802 4487 in
836 4427 1072 4506 mctampinos
1106 4426 1214 4490 saltus
1238 4431 1267 4484 et
