2874 4994
242 307 305 372 128
600 312 791 368 COMbOENT.
810 311 850 366 IN
868 310 1027 367 CATONIS

240 470 275 531 ad
304 489 369 531 eam
397 487 460 530 rem
489 468 591 530 eiectis
622 487 756 531 seorsum
779 460 929 550 legantur,
956 467 1078 548 deinde,
1107 468 1203 547 siquis
1227 467 1333 527 riuum
1356 485 1390 529 ex

210 650 214 657 Ι
240 577 299 638 iilis
327 580 391 639 uris
420 578 529 638 iactum
557 577 670 638 diutius
699 594 817 638 serrare
841 576 924 656 reiit,
954 584 988 637 ut
1011 594 1147 638 seorsum
1170 582 1328 654 servetur,
1355 592 1390 635 ue

241 704 308 745 cum
342 684 456 764 reliquo
490 686 558 745 viuo
589 685 827 745 commisceatur.
873 683 993 744 brevius
1025 681 1128 744 eadem
1161 682 1391 762 praecipiuntur

242 789 363 875 115,.2‚
387 812 447 870 per
475 794 655 853 vindemiam
682 795 720 853 de
747 795 785 852 iis
812 794 923 852 vitibus
949 793 1032 866 quod
1060 793 1224 866 deieceris,
1252 806 1390 851 seorsum

240 906 370 961 seruato.
1301 900 1312 921 ⁶

330 1007 409 1067 CXV
432 1005 453 1068 2
477 1006 602 1068 Vinum
626 1006 666 1067 ad
686 1005 802 1066 aluum
821 1004 1030 1067 mouendam
1050 1007 1272 1067 concinnare
1292 1004 1390 1065 uites

241 1131 319 1174 eum
342 1093 657 1194 ablaqueabuntur
681 1115 821 1192 signato
842 1111 1005 1190 rubrica]
1026 1114 1124 1174 Aliter
1141 1115 1170 1172 si
1186 1115 1268 1174 uoles
1288 1115 1389 1173 uinum

241 1225 285 1283 od
307 1225 406 1283 ninum
429 1225 605 1304 monendum
625 1224 821 1283 concinnare.
868 1224 944 1307 riter
965 1237 1029 1298 sqq.
1052 1217 1215 1300 iucundus,
1241 1221 1296 1301 qui
1319 1218 1389 1281 haee

242 1347 309 1389 cum
334 1327 539 1407 superioribus
570 1331 599 1388 in
625 1330 713 1388 unius
737 1329 843 1406 capitis
867 1327 990 1387 iormam
1013 1327 1175 1386 coniunxit.
1222 1331 1328 1388 uinum
1350 1329 1392 1389 ad

242 1440 341 1496 olerum
373 1439 548 1497 monendum
581 1438 769 1496 concinnare
800 1437 828 1494 si
841 1437 846 1445 '
859 1437 945 1495 uoles.
978 1435 1052 1493 uites
1080 1451 1143 1512 sqq.
1177 1431 1332 1495 Victorius
1357 1435 1387 1494 in

242 1545 327 1602 initio
351 1545 419 1603 novi
443 1544 549 1622 capitis
572 1543 672 1622 posuit
696 1560 763 1602 cum
786 1542 989 1620 inscriptione,
1014 1558 1088 1619 qrrue
1107 1542 1138 1599 iu
1157 1559 1248 1601 manu
1268 1542 1388 1619 scriptis

241 1649 326 1710 libris
354 1659 411 1729 est,
451 1650 557 1710 Vinum
587 1653 631 1710 od
656 1654 755 1711 uiuum
783 1652 966 1709 mouendam.
1014 1647 1067 1706 bac
1097 1649 1207 1707 omissa
1236 1646 1387 1707 Gesnerus

242 1755 331 1816 rerba
350 1756 599 1835 praecedentibus
618 1758 648 1817 in
667 1756 747 1818 huuc
769 1734 1097 1837 modum'continuariu
1116 1760 1219 1817 uinum
1234 1757 1279 1817 od
1291 1759 1386 1816 aluum

243 1868 419 1925 movendam
433 1866 621 1925 concinnare
634 1867 663 1924 si
678 1868 770 1924 noles:
789 1866 863 1923 vites
877 1881 941 1941 sqq.
979 1864 1097 1923 restitui
1112 1860 1274 1924 lectionem
1288 1861 1385 1923 arche-

245 1973 318 2052 typi,
347 1974 377 2031 in
407 1990 465 2050 quo
494 1973 551 2032 triu
578 1980 736 2051 praecepta
764 1970 800 2030 de
828 1972 896 2030 rino
924 1969 960 2030 ad
989 1968 1084 2030 aivrrm
1116 1969 1299 2032 movendum
1321 1988 1384 2032 con-

244 2080 390 2139 cinnando
415 2081 571 2159 separatim
595 2080 691 2158 posita
717 2086 809 2139 erant
1076 2066 1079 2071 ¹

331 2187 442 2247 uxvrl
461 2184 567 2247 Oicae
586 2185 686 2246 aibac
706 2195 772 2265 que
791 2185 1022 2262 condiantur]
1051 2188 1112 2259 Qui
1132 2185 1176 2246 rei
1195 2193 1254 2262 quo
1273 2185 1384 2247 ridetur

242 2296 273 2355 in
306 2293 465 2372 archetypo
498 2294 644 2372 scriptum
673 2294 778 2372 fuisse,
811 2295 958 2369 quomodo
986 2293 1079 2353 codex
1107 2291 1261 2355 Mediceus
1293 2312 1322 2354 m
1352 2310 1382 2353 er

242 2400 362 2462 rubrica
386 2403 415 2460 in
439 2401 649 2478 manuscriptis
668 2398 752 2459 libris
773 2402 955 2479 praescripta
975 2409 1004 2461 et
1024 2403 1054 2460 in
1074 2401 1171 2462 indice
1189 2399 1383 2480 capitulorum

191 2486 194 2491 ’
242 2510 367 2587 repetita
403 2510 494 2569 Oleuc
526 2508 615 2567 ulbuc
642 2509 788 2583 quomodo
817 2511 1011 2569 condiuntur.
1061 2509 1092 2568 iu
1120 2507 1206 2568 libris
1234 2508 1384 2587 impressis

243 2615 311 2675 inde
335 2635 351 2674 a
374 2615 509 2693 principe
534 2613 663 2674 editione
688 2614 743 2674 iuit
766 2619 1014 2690 quemadmodum
1038 2619 1232 2678 condiantur.

334 2721 429 2789 CXIX
456 2719 636 2781 Nucuieos
664 2720 787 2800 eicite]
817 2724 968 2784 Nuculeos
995 2723 1051 2784 hoc
1079 2723 1143 2784 ioco
1171 2727 1201 2784 in
1230 2723 1386 2803 archetypo

243 2831 389 2908 scriptum
413 2837 490 2910 erat,
519 2831 636 2908 saepius
660 2834 782 2891 nucleos
808 2826 898 2911 10,5
921 2840 951 2890 et
975 2828 1026 2911 37,
1047 2827 1075 2909 l,
1103 2840 1133 2892 et
1161 2834 1280 2893 nrteieis
1304 2827 1385 2910 37,2

246 2946 275 2996 et
299 2933 351 2998 66.
398 2938 467 2996 item
492 2934 544 3017 41,
563 2934 585 2997 4
608 2940 722 3012 vinclis,
746 2935 776 3017 3,
795 2934 816 2997 τ’)
840 2941 1011 3014 trocbileos,
1037 2935 1078 2999 12
1102 2942 1238 3001 trociius.

333 3042 411 3103 CXX
443 3040 527 3102 Post
560 3043 650 3104 diem
684 3042 762 3103 XXX
796 3044 956 3123 eximito]
991 3047 1063 3106 Post
1095 3050 1284 3121 tricesimum
1312 3048 1387 3107 diem

243 3153 366 3211 eximito
389 3148 548 3211 iucundus.
576 3168 632 3231 pro
655 3150 712 3211 boc
736 3153 842 3230 scripsi
863 3159 931 3229 post
949 3155 1013 3212 dies
1034 3154 1131 3213 XXX
1146 3157 1282 3230 eximito,
1305 3156 1388 3215 cuius

244 3259 363 3337 generis
388 3256 520 3337 exempla
545 3254 596 3339 65,
616 3256 637 3319 2
661 3258 806 3321 adnotari.

218 3346 225 3359 ’
332 3365 442 3426 CXXII
462 3365 478 3427 1
496 3365 620 3426 Vinum
639 3369 856 3426 concinnare
876 3370 905 3427 si
925 3367 1052 3429 lotium
1073 3368 1272 3430 diiiiciiius
1293 3377 1389 3431 trau-

243 3468 344 3553 sibit]
381 3475 487 3535 Vinum
515 3477 703 3534 concinnere
730 3477 773 3533 od
803 3478 905 3535 lotium
939 3477 1083 3555 seriptum
1117 3484 1163 3536 est
1195 3478 1227 3537 in
1256 3476 1391 3558 rubrica,

251 3582 356 3642 Vinum
380 3584 569 3641 concinnare
592 3584 767 3657 cellotium,
790 3585 819 3642 si
841 3580 999 3657 difficilius
1022 3587 1129 3644 emittit
1152 3586 1272 3645 vessica
1295 3585 1327 3645 in
1346 3586 1389 3645 iu·

245 3688 310 3748 dice
334 3686 541 3765 capitulorum.

333 3792 498 3869 Capidam
534 3795 589 3855 uei
621 3796 819 3874 iunipirum
848 3797 1062 3857 contendito
1091 3799 1126 3857 in
1158 3797 1231 3877 piia
1264 3797 1392 3860 libram

244 3902 359 3962 indito
392 3904 426 3961 iu
459 3902 597 3963 duobus
626 3905 767 3981 congiis
801 3904 877 3963 uini
910 3907 1049 3965 ueteris
1080 3907 1114 3964 iu
1143 3924 1227 3966 uase
1255 3905 1392 3967 aheneo

246 4010 301 4070 uei
332 4012 365 4069 iu
395 4009 559 4089 plumbeo
588 4010 736 4071 deierue
765 4011 889 4090 facito]
922 4014 1068 4089 Capitium
1093 4017 1145 4074 uei
1165 4017 1341 4091 iuniperum
1364 4016 1392 4074 in

245 4120 380 4197 principe
409 4119 537 4177 editione
562 4117 724 4179 Politianus
752 4137 812 4179 uon
836 4123 974 4200 correxit,
998 4121 1049 4181 scd
1075 4120 1167 4181 rubro
1190 4119 1302 4203 colore,
1334 4139 1392 4201 quo

246 4234 275 4285 ct
299 4223 530 4301 iniectionibus
554 4224 677 4285 biedicei
706 4226 817 4287 codicis
845 4237 876 4287 et
907 4229 937 4286 in
961 4231 1023 4288 suis
1048 4230 1230 4289 coniecturis
1254 4230 1391 4290 uti-con·

246 4333 351 4410 suerit,
375 4334 395 4389 l'
417 4332 597 4407 Cuprer’dnm
622 4336 843 4412 superscripsit.
875 4336 903 4394 in
924 4334 1084 4416 archetypo
1109 4336 1252 4411 cupidum
1277 4336 1392 4397 ridetur

247 4441 391 4517 scriptum
422 4440 526 4522 inisse,
555 4441 631 4520 quod
662 4441 742 4500 vario
772 4442 859 4502 modo
883 4444 913 4502 in
937 4443 1115 4523 apographis
1138 4460 1315 4523 expressum
1338 4452 1391 4505 est.
