2874 4994
143 297 205 362 184
482 304 730 371 COMMEN'l'„lN
750 302 938 361 vamloms

142 453 204 541 μὲν
228 452 290 521 δύο
314 452 451 521 άνωθεν
474 479 554 533 τους
577 452 614 521 θλ
638 451 700 520 δύο
723 451 887 522 κάτωθεν.
927 453 1069 521 ἐπειδάν
1089 448 1124 521 li
1142 451 1236 540 γένηον

143 561 305 646 ἐνιαυτός,
324 559 439 646 βάλλει
457 561 519 628 τὸν
534 557 639 628 αὐτον
658 558 784 649 τρόπον
802 559 969 648 τέτταρας,
988 556 1054 628 δύο
1072 558 1131 646 μὲν
1142 556 1240 629 lvmu

144 667 206 737 δύο
236 666 273 736 δέ
300 665 469 752 κάτωθεν,
501 667 556 735 καί
584 665 685 736 πάλιν
714 664 794 735 ὅταν
826 665 927 748 ἄλλος
952 665 1108 747 ἐνιαυτός
1135 666 1244 753 γίνηται,

143 775 275 863 ἑτέρους
310 775 466 863 τέτταρας
501 800 561 843 τον
598 770 703 842 αὐτὸν
742 774 879 860 τρόπον.
928 770 1098 860 τεττάρων
1131 768 1160 840 θ’
1191 773 1245 841 lm

143 880 385 971 παρελθόντων
408 881 464 949 καλ
487 883 520 962 ἓξ
548 884 664 969 μηνών
688 878 799 950 οὐκέτι
820 880 937 968 βάλλει
959 876 1101 965 οὐθένα,
1125 894 1155 949 τί
1172 884 1247 948 laisla

145 992 210 1058 154
242 985 377 1076 άκμάζει
405 988 443 1056 ai
474 988 530 1056 καλ
553 991 651 1069 ἵππος
682 989 738 1057 καλ
769 985 909 1075 ἡμίονος
930 984 1012 1076 μετά
1045 985 1126 1067 τοὺς
1151 985 1250 1074 βόλους

144 1093 225 1165 ὅταν
250 1095 286 1164 ui
309 1095 435 1176 πάντας
454 1085 516 1163 ώσι
539 1093 745 1183 βεβληκότος,
772 1091 813 1164 οὗ
836 1094 957 1186 βάλλων
979 1103 1111 1182 γνῶναι
1130 1092 1188 1181 την
1203 1088 1251 1182 alia

143 1210 232 1290 κίαν,
256 1203 310 1272 διὸ
334 1203 389 1270 καί
414 1204 547 1290 λέγουσι
570 1203 708 1291 γνώμην
727 1208 825 1291 ἔχειν,
848 1201 930 1273 ὅταν
948 1200 1074 1288 άβολος
1089 1194 1125 1292 ᾗ
1145 1198 1253 1270 &call

144 1311 323 1398 βεβληκώς,
346 1307 408 1379 οὐκ
432 1314 528 1396 ἔχειν.
574 1307 658 1390 ὅλως
685 1308 722 1378 δέ
749 1308 891 1396 μάλιστα
913 1313 1109 1396 γνωρίζεται
1130 1302 1152 1395 ἡ
1172 1303 1256 1395 ἡλικία

144 1416 225 1506 μετὰ
258 1416 336 1498 τούς
368 1416 491 1504 βόλους
522 1420 566 1508 τῷ
600 1416 794 1485 κυνόδοντι·
827 1419 897 1486 τών
927 1413 990 1503 μέν
1021 1412 1088 1502 γάρ
1116 1416 1256 1483 [numm

140 1531 267 1612 γίνεται
290 1523 410 1613 μικρὸς
434 1523 489 1592 διὰ
513 1523 575 1610 τὴν
599 1536 713 1611 τρῖψιν
736 1523 833 1615 (κατὰ
855 1526 977 1592 τοῦτον
1001 1519 1068 1609 γάρ
1092 1520 1257 1610 ἐμβάλλεται

141 1629 339 1719 ὁγαλινός),
363 1636 431 1700 τών
455 1631 493 1699 δὲ
515 1629 560 1719 μὴ
584 1634 756 1700 ίππαστών
780 1633 881 1719 μέγας
903 1631 979 1717 μέν,
1001 1626 1079 1697 ἀλλ’
1104 1627 1277 1718 ἀπηρτημέ-

142 1765 211 1823 νος,
234 1749 302 1807 suiv
326 1738 364 1806 δὲ
387 1739 473 1806 νέων
502 1736 579 1819 ὀξὺς
596 1738 653 1806 καί
676 1737 800 1825 μικρός.
846 1744 919 1806 haas
942 1763 958 1804 a
982 1743 1116 1804 Varrone
1139 1760 1288 1823 exprmn,

143 1852 194 1913 sad
219 1852 361 1931 quaedam
386 1851 441 1912 alio
466 1858 587 1913 auclore
611 1851 741 1912 adhibito
765 1851 801 1912 ab
826 1870 861 1912 οο
885 1851 983 1913 addila
1007 1850 1055 1912 val
1078 1859 1187 1913 muuu
1202 1860 1269 1910 sum.

142 1969 210 2038 pust
238 1958 399 2019 Varronem
427 1958 464 2019 da
491 1957 597 2018 iisdem
624 1958 715 2019 rebus
746 1961 932 2038 scripserunt
959 1955 1122 2018 Columella
1141 1954 1176 2016 Vl
1192 1951 1275 2033 29st

142 2074 173 2127 at
196 2064 309 2127 Plinius
327 2065 367 2126 xl
388 2063 465 2148 168,
494 2084 530 2126 ex
553 2064 662 2145 quibus
690 2084 723 2127 aa
747 2084 822 2146 quaa
849 2065 909 2128 huc
937 2067 1091 2144 pertinent
1113 2073 1209 2144 postea
1227 2062 1263 2123 al·

142 2172 280 2235 scribam.
327 2192 363 2234 ex
391 2171 531 2234 Varronis
559 2174 727 2254 praeceptis
753 2173 880 2254 plurima
908 2172 1050 2234 translata
1079 2180 1150 2234 suut
1178 2173 1206 2232 in
1227 2188 1265 2231 ax-

142 2289 242 2361 cerpia
269 2282 388 2361 Apsyrli
411 2298 486 2360 quae
510 2282 649 2342 feruntur
672 2283 703 2342 iu
726 2283 897 2361 gaopunicis
916 2279 980 2341 XVl
1000 2279 1030 2342 1.
1078 2299 1115 2341 ax
1138 2278 1185 2340 his
1204 2294 1263 2339 uum

142 2387 306 2450 adscribam
333 2388 420 2470 haec,
456 2386 550 2470 1,12
577 2380 638 2449 τὸν
667 2381 704 2449 δέ
732 2380 857 2470 χρόνον
885 2381 941 2448 καί
967 2383 1032 2468 τὴν
1058 2377 1191 2468 ἡλικίαν
1214 2380 1264 2446 τόν

141 2493 252 2558 ἵππων
274 2488 329 2557 καί
352 2487 488 2556 πάντων
513 2493 580 2557 τών
604 2487 822 2575 μονωνόχους
843 2485 903 2568 τὰς
924 2485 1030 2567 ὁπλάς
1047 2485 1194 2573 ἐχόντων
1212 2504 1267 2572 axa·
1304 2512 1306 2559 !

143 2599 207 2664 δὸν
230 2596 376 2662 καὶτῶν
400 2595 621 2682 κερασφόρων
644 2593 846 2682 γνωσόμεθα
868 2591 934 2663 άπὸ
957 2597 1017 2682 τῆς
1039 2597 1110 2663 τών
1137 2590 1268 2662 ὀδόντων

143 2704 289 2788 ἐκβολῆς.
336 2700 368 2769 λ’
392 2702 541 2789 μὲνγὰρ
565 2705 683 2790 μηνῶν
706 2700 887 2788 γενόμενος
910 2698 928 2771 ὁ
952 2705 1065 2782 πώλος
1082 2704 1271 2787 πρωτοβολελ

142 2812 211 2876 τών
243 2810 475 2897 ἐμπροσθίων,
508 2805 567 2888 οὓς
599 2812 764 2896 καλοῦμεν
798 2821 923 2896 τομετς,
958 2805 1038 2889 τοὺς
1069 2809 1193 2896 μέσους
1220 2803 1271 2874 «lala

9 2954 11 2959 ·
142 2912 295 2983 κάτωθεν
327 2915 383 2983 καί
415 2912 551 2983 άνωθεν
585 2913 647 2982 δύο
680 2915 892 3001 ἀποβάλλων.
937 2912 1127 3002 άρχόμενος
1159 2912 1196 2982 δέ
1223 2923 1272 2981 τοῦ

143 3021 302 3111 τετάρτου
325 3027 418 3103 ἔτους
442 3021 593 3108 ἐκβάλλει
615 3021 717 3090 πάλιν
740 3020 862 3102 ἄλλους
889 3022 953 3089 δύο
980 3020 1138 3090 κάτωθεν
1161 3023 1194 3102 ἐξ
1215 3020 1274 3087 ἑκα-

143 3130 243 3218 τέρου
265 3129 387 3218 μέρους
409 3130 465 3197 καλ
483 3127 620 3197 ἄνωθεν
640 3127 807 3209 ώσαότως.
844 3130 944 3216 φύειν
968 3128 1005 3197 ui
1026 3131 1124 3197 δοκεῖ
1138 3126 1210 3197 τότε
1230 3125 1275 3194 κτλ

143 3234 221 3316 τοὺς
244 3235 461 3316 κυνόθοντας.
506 3235 681 3315 τελειώσας
710 3235 747 3303 ai
772 3234 813 3303 τά
838 3235 872 3302 θ’
896 3240 951 3321 ἔτη
974 3235 1117 3304 καὶτοῦ
1141 3236 1159 3304 έ
1180 3237 1275 3304 ἐπιλι-

143 3341 287 3428 βόμενος
309 3341 387 3423 τοίις
409 3340 546 3422 λοιποὺς
569 3342 720 3429 ἐκβάλλει
742 3341 897 3411 κάτωθεν
920 3344 975 3410 καλ
997 3339 1139 3411 άνωθεν
1162 3344 1195 3423 ἐξ
1216 3343 1278 3410 ἕνα·

142 3451 242 3535 τέρου
266 3451 335 3533 ἕνα,
357 3447 436 3529 τοὺς
460 3449 497 3517 ul
520 3451 712 3538 φυομένους
732 3455 867 3530 κοίλους
890 3454 965 3537 ἔχει.
1001 3448 1108 3536 ἐμβὰς
1126 3448 1163 3518 ili
1186 3453 1232 3529 είς
1247 3446 1277 3515 τὸ

144 3557 239 3623 ἕκτον
268 3561 340 3634 ἔτος
366 3552 617 3644 ἀναπληροῦται
644 3560 712 3625 τών
739 3555 882 3644 πρώτων
909 3554 950 3624 τά
978 3554 1183 3645 κοιλώματα.
1221 3558 1277 3625 ἐτι-

144 3660 258 3745 λαβών
287 3659 324 3727 δέ
346 3666 407 3730 τοῦ
432 3662 459 3744 ζ’
483 3662 609 3744 πάντας
636 3669 701 3749 ἔχει
728 3663 1077 3751 συμπεπληρωμένους
1104 3664 1161 3732 καλ
1188 3661 1279 3732 οὐδὲν

145 3765 231 3844 ὅλως
253 3771 388 3853 ἔχοντας
410 3775 567 3857 κοίλωμα.
612 3768 734 3838 τούτου
758 3769 795 3838 δὲ
819 3768 1005 3856 συμβάντος
1027 3767 1142 3838 οὐκέτι
1169 3769 1279 3860 βᾴίιοκ

145 3872 376 3958 ἐπιγινώσκειν
399 3876 438 3944 τὰ
463 3882 527 3964 ἔτη.
565 3884 670 3944 similia
693 3893 764 3944 sum
783 3903 858 3963 quae
878 3883 1011 3944 eiusdem
1031 3885 1154 3965 Apsyrii
1172 3884 1278 3945 numine

144 3987 327 4066 praescripto
361 3987 501 4066 leguntur
533 3992 563 4048 iu
596 3988 787 4068 llippiairiuis
823 4009 839 4049 a
874 3990 994 4052 Simuue
1028 3991 1167 4072 Grynaao
1202 3990 1279 4052 saitis

144 4090 273 4152 Basileae
307 4112 331 4153 a.
357 4091 439 4156 1537
474 4115 501 4175 p.
524 4093 605 4177 226,
628 4089 793 4177 ’Ἄψυρτος
824 4091 1033 4179 Μενεκράτει
1071 4095 1277 4180 Κλαζομενίῳ

144 4197 281 4276 χαίρειν.
323 4193 491 4280 βούλομαί
512 4215 549 4263 σε
572 4197 696 4264 εἰδέναι
721 4199 757 4265 ἐν
780 4209 851 4277 τοῖς
874 4200 986 4279 ἵπποις
1009 4198 1065 4265 καί
1090 4197 1204 4279 ἄλλοις
1224 4194 1277 4265 iau

145 4295 299 4381 μώνυχας
322 4294 424 4378 ὁπλὰς
447 4305 512 4387 ἔχει
535 4299 593 4382 τὰς
615 4313 683 4371 τῶν
703 4300 854 4371 ὀδόντων
874 4304 1031 4392 ἐκφύσεις
1043 4306 1102 4374 καλ
1120 4310 1186 4376 τών
1202 4307 1275 4374 aar

145 4404 343 4488 προσθέσεις
361 4429 424 4492 sqq.
