2874 4994
234 321 276 385 86
594 328 784 385 COMMENT.
804 330 844 384 IN
863 328 1021 385 CATONIS

234 481 277 546 80
301 492 441 562 cuculum
469 488 513 546 ad
539 489 666 547 eundem
689 489 808 548 modum
828 485 940 563 facito,
968 486 1232 567 analatrasum
1254 486 1376 547 calicem

231 600 389 671 pertusura
422 610 530 654 cauum
561 595 686 667 lrabeat,
718 588 760 655 89
790 595 893 655 eadem
919 594 1007 653 mado
1034 608 1173 653 artserem
1200 594 1293 667 aliia,
1322 596 1379 654 arsi

231 702 321 777 prius
348 702 419 761 dato
448 703 564 783 bibere,
593 708 622 760 et
650 707 718 779 post
741 703 785 760 ita
808 696 851 762 82
873 702 1040 777 spaeritam
1063 702 1110 761 sic
1129 697 1242 775 facita,
1271 702 1315 761 ita
1336 703 1378 761 ati

234 810 362 884 spiram,
386 810 447 868 uisi
467 810 512 868 sic
533 810 651 883 fiaaito.

324 915 422 975 XLIX
456 913 472 976 l
509 913 651 975 Vineam
686 923 848 975 ueterem
881 912 958 994 sqq]
988 912 1108 975 Catonis
1135 911 1225 975 verba
1254 922 1324 993 post
1347 932 1378 975 ea

237 1040 311 1102 quae
341 1021 378 1082 de
407 1023 491 1082 vinea
521 1040 610 1100 supra
639 1040 664 1082 c.
684 1019 726 1083 33
755 1032 785 1082 et
812 1021 849 1081 de
878 1022 1017 1082 insitione
1045 1022 1113 1081 vitis
1142 1018 1198 1097 41,
1224 1019 1242 1082 1
1273 1022 1378 1101 scripte

237 1138 308 1191 sunt
321 1131 422 1210 posuit
437 1128 551 1190 Plinius
567 1127 643 1188 XVll
661 1125 733 1209 198,
751 1132 870 1190 vineam
883 1161 927 1171 -
942 1130 1111 1204 crebraque
1122 1127 1229 1205 fodita.
1244 1127 1283 1189 ei.
1297 1146 1322 1189 c.
1332 1124 1379 1191 33.

326 1234 418 1298 2131
443 1235 628 1296 radicibus
652 1236 741 1296 bene
766 1235 925 1296 exfodito
950 1253 1063 1315 usque
1087 1236 1231 1297 radices
1262 1252 1379 1315 perse·

152 1344 156 1352 '
238 1347 339 1426 quito
359 1351 393 1405 ct
412 1352 539 1405 cerreto
560 1362 601 1404 nc
621 1343 765 1404 radices
785 1341 941 1420 sancies]
961 1341 1171 1423 Neglegentlus
1190 1340 1307 1404 Plinius
1324 1341 1342 1403 l.
1357 1360 1380 1404 c

238 1472 278 1516 ex
301 1454 461 1513 radicibus
484 1454 560 1512 deae
583 1450 718 1528 exfodito
742 1458 773 1512 et
794 1469 869 1512 caue
892 1469 930 1511 ae
952 1452 1076 1511 radices
1097 1453 1227 1513 saucies.

327 1557 547 1637 Fleratoque
583 1560 638 1618 uti
676 1556 801 1634 luerit]
840 1557 1022 1632 Laxataque
1053 1562 1099 1619 uti
1126 1557 1234 1635 fuerat
1267 1556 1384 1639 ilerula,

235 1670 414 1742 [lassataque
441 1663 488 1726 ati
511 1664 609 1741 suerit
637 1663 803 1743 apographa
833 1672 863 1724 et
890 1664 980 1725 editio
1008 1663 1140 1726 Victorii.
1186 1665 1267 1727 idem
1297 1664 1384 1727 soluit

239 1772 417 1853 Politiauus,
442 1774 493 1852 qui
514 1770 613 1847 fuerit
635 1790 670 1831 ex
695 1770 797 1831 codice
821 1771 971 1832 adnotavit
995 1779 1024 1832 et
1048 1774 1175 1834 Flexato
1200 1773 1230 1832 in
1255 1774 1384 1852 margine

240 1883 383 1960 principis
407 1879 546 1940 editionis
570 1878 736 1959 adscripsit.

329 1989 353 2048 L
379 1986 396 2048 1
425 1986 529 2047 Prata
558 1988 671 2065 primo
700 2004 785 2047 nore
815 1994 1017 2047 sterceruto
1041 1985 1122 2047 luna
1147 1986 1276 2049 silenti
1300 2006 1386 2069 quae

241 2096 399 2172 inrlgiua
438 2112 505 2153 non
544 2104 650 2153 erunt
688 2093 749 2153 ribi
782 2093 951 2153 latiouius
984 2092 1075 2153 llare
1108 2096 1277 2173 coeperit
1313 2114 1388 2157 cum

242 2212 342 2283 prata
367 2201 541 2261 defendes
565 2200 766 2279 depurgato
790 2199 996 2281 herbasque
1021 2199 1128 2261 malas
1153 2203 1270 2262 omnis
1295 2203 1388 2263 radi·

242 2312 339 2371 citus
363 2306 531 2385 ellodito]
556 2310 654 2368 Prata
674 2311 775 2384 prima
799 2326 870 2368 uere
891 2316 1062 2369 stercorata
1086 2312 1159 2369 luna
1177 2312 1290 2384 silenti,
1312 2328 1390 2386 quac

241 2421 364 2493 irriaua
388 2435 449 2478 aaa
472 2424 570 2477 eruent.
616 2417 671 2475 adi
689 2415 833 2491 favonius
852 2418 935 2490 flare
963 2419 1109 2492 coeperit,
1137 2423 1200 2476 tum
1219 2426 1317 2493 prata
1342 2421 1389 2479 de

239 2524 347 2601 fertiles
372 2526 610 2599 aepzirpatoque.
647 2524 759 2584 aerias
782 2526 879 2583 inulas
897 2525 992 2583 omnis
1011 2525 1162 2585 radicitus
1181 2525 1309 2599 effodite
1333 2523 1390 2585 lle·

243 2629 316 2691 rula.
332 2632 459 2709 genuina
474 2628 601 2689 lectione
617 2648 633 2688 a
648 2628 778 2689 Victorio
795 2633 932 2690 restituta
948 2629 1077 2690 editores
1092 2648 1180 2709 prosa
1198 2630 1391 2693 distinctione

243 2739 489 2816 compositionem
513 2735 671 2796 verborum
695 2747 909 2816 corruperunt:
938 2746 1033 2814 prata
1060 2741 1160 2814 primo
1183 2757 1256 2800 aere
1279 2748 1392 2802 sterce

243 2853 312 2906 rato
341 2848 414 2905 luna
441 2847 554 2922 silenti,
582 2863 661 2919 quae
693 2847 815 2919 irriaua
843 2863 903 2905 nori
928 2851 1032 2919 erunt,
1062 2847 1116 2904 ubi
1140 2844 1287 2920 [acronius
1311 2851 1393 2922 tiore

244 2955 385 3029 caeperit.
432 2969 500 3012 caim
520 2960 615 3027 prata
639 2949 796 3026 defendes,
825 2954 996 3027 depurpata
1020 2969 1084 3031 sqq.
1109 2951 1322 3015 Schneiderus.
1364 2962 1393 3013 et

244 3079 276 3120 rc
301 3062 363 3138 ipsa
388 3069 418 3118 et
441 3060 555 3119 ratione
579 3060 726 3119 sermonis
749 3057 918 3137 postulante
943 3059 1050 3137 scripsi
1074 3066 1170 3135 prata
1193 3063 1298 3136 prima
1323 3080 1394 3123 arere

245 3173 415 3228 stercerala
443 3170 517 3227 luna
544 3170 652 3227 silenti.
699 3185 778 3241 quae
804 3170 937 3241 iar-ipiaa
961 3184 1019 3227 aaa
1044 3174 1147 3240 emunt,
1176 3168 1231 3227 aii
1248 3166 1394 3242 favonius

241 3277 324 3349 flare
347 3277 494 3350 caeperit,
523 3252 604 3335 cum¹
614 3282 711 3348 prata
735 3273 892 3353 defendes,
922 3277 1100 3351 deparpato.
1148 3291 1215 3333 cum
1244 3274 1305 3334 duo
1334 3277 1393 3335 sint

244 3399 352 3461 genera
382 3390 549 3461 pratorum,
579 3382 658 3440 sicca
687 3388 717 3440 et
744 3382 870 3459 irrigua,
898 3399 930 3440 ea
961 3399 1035 3459 quae
1064 3383 1141 3441 sicca
1167 3388 1236 3440 sunt
1259 3390 1330 3459 post
1354 3382 1392 3441 la-

244 3490 364 3550 voniuni
395 3499 471 3567 turm,
500 3505 568 3547 cum
597 3505 612 3547 a
641 3505 748 3566 pecore
777 3486 991 3570 defenduntur,
1019 3488 1170 3567 purganda
1199 3497 1279 3547 sunt.
1326 3506 1393 3549 nam

245 3597 276 3656 in
304 3597 427 3674 irriguis
455 3594 484 3654 id
514 3595 579 3654 sieri
610 3612 668 3653 non
697 3613 783 3673 posse
812 3602 943 3673 apparet.
989 3597 1043 3655 aidi
1071 3613 1139 3655 cum
1164 3595 1265 3655 lutuno
1290 3604 1395 3656 exacto

246 3705 323 3780 apud
349 3703 490 3762 Catonem
515 3705 545 3761 in
568 3701 740 3762 delinitione
765 3704 908 3781 temporis
932 3704 1062 3782 positum
1086 3712 1131 3763 cst
1155 3720 1251 3783 saepe,
1276 3702 1329 3764 sed
1355 3706 1395 3764 ita

247 3818 280 3869 ut
303 3818 501 3888 anteponatur
525 3813 667 3889 temporis
687 3810 829 3891 delinitio,
854 3829 911 3870 non
932 3818 1082 3889 sequatur.
1130 3818 1199 3888 post
1221 3811 1394 3888 primariam

247 3920 423 3977 sententiam
457 3919 578 3996 ponitur
611 3936 678 3978 cum
712 3919 861 3996 praesenti
895 3926 1029 3995 tempore
1057 3915 1162 3997 semel,
1193 3917 1246 3977 sed
1276 3917 1396 3979 diversa

248 4026 375 4104 ratione,
404 4022 476 4106 151,
496 4022 516 4085 2
540 4044 638 4086 semen
668 4028 808 4102 cupressi
834 4028 1007 4085 taruatiaae
1025 4043 1084 4100 per
1107 4043 1161 4084 aar
1184 4028 1246 4100 leai
1267 4034 1397 4102 oportet,

247 4136 416 4205 materiem,
446 4135 500 4192 ribi
525 4135 672 4193 hordeum
692 4134 845 4205 llrtucscit,
876 4149 943 4190 cum
972 4131 1073 4191 lutuno
1098 4130 1156 4213 bis,
1185 4129 1240 4214 33,
1260 4130 1282 4193 2
1306 4136 1398 4194 uitem

247 4242 394 4299 nariellam
422 4242 555 4298 resicari
583 4246 644 4298 tum
673 4242 733 4298 erit
756 4246 882 4315 tempus,
913 4240 967 4298 uiri
989 4240 1099 4299 arrlairit
1122 4248 1151 4299 et
1174 4234 1269 4320 45,3
1296 4244 1399 4303 taleae

247 4347 301 4404 ulii
324 4349 432 4404 trimae
455 4352 532 4418 silut,
557 4355 617 4406 tum
642 4348 771 4420 denique
794 4354 935 4406 araturae
957 4355 1036 4420 suat,
1060 4348 1114 4406 alu
1135 4348 1213 4406 liber
1230 4365 1263 4407 se
1282 4355 1398 4420 aeriet;

248 4457 401 4530 praeterea
422 4468 590 4529 numquam.
619 4450 738 4512 Catonis
758 4442 913 4531 praecepta
935 4470 1002 4511 cnm
1022 4453 1058 4512 iis
1078 4470 1154 4530 quae
1173 4471 1198 4514 c.
1215 4450 1260 4514 40
1280 4456 1396 4534 scripta
