2874 4994
238 299 300 364 150
576 302 767 357 COMMENT.
788 303 827 356 IN
846 299 1033 357 VARRONIS

236 463 455 540 praeparatione
470 462 552 535 qaod
564 465 635 519 sunt
649 461 771 532 molesti,
793 459 907 532 obsunt,
925 455 954 517 h.
968 475 994 517 e.
1009 457 1120 517 arietes
1133 453 1242 515 obsunt
1257 464 1352 535 pmpte·

238 589 297 651 roa,
321 568 399 647 quod
423 566 526 627 ovibus
550 574 627 644 tum,
655 583 722 625 oum
747 567 803 624 iam
832 556 1008 644 praegnates
1032 563 1129 623 133133
1151 567 1234 642 3331,
1258 559 1353 623 molesti

239 683 316 736 sunt.
350 675 572 753 praeparatione
595 681 693 732 antem
718 672 866 731 constanti
893 689 950 732 usu
973 668 1115 730 Varronis
1138 678 1169 729 et
1191 668 1353 749 antiquorum

243 783 435 862 scriptorum:
456 797 612 856 praeparas
631 775 702 860 112,
720 776 769 839 14.
792 774 823 858 5,
838 774 866 839 6.
889 776 930 837 111
947 774 996 858 12,
1011 773 1041 857 5,
1060 777 1131 836 item
1155 772 1182 835 11
1200 772 1231 857 4,
1244 771 1262 836 7
1274 783 1301 835 et
1316 773 1355 854 14,

241 887 290 949 nbi
312 906 478 965 praeparare
500 889 530 946 in
555 884 713 965 archetypo
737 885 806 964 tuit,
830 891 1033 961 praeanatem
1057 881 1083 965 11
1105 878 1158 962 10,
1173 877 1204 963 9,
1230 880 1277 943 ubi
1299 883 1355 943 iou

239 1013 405 1072 praeamara
431 996 574 1072 scriptum
603 1001 679 1072 erat,
702 999 889 1068 praeanates
912 986 1053 1070 115,13.
1077 985 1108 1070 6,
1120 985 1152 1050 4.
1172 983 1358 1070 ’1,11.9,11,

238 1105 426 1180 praeparatio
446 1110 476 1160 31
491 1103 730 1176 praeparationes
748 1096 827 1177 144,
842 1095 872 1179 4,
886 1098 1113 1177 praeeuntibus
1130 1094 1156 1155 11
1173 1090 1266 1177 7,10.
1284 1114 1358 1174 prae

238 1217 382 1285 arantem
406 1207 498 1268 semel
522 1209 667 1286 scriptum
691 1207 747 1267 soit
770 1202 911 1286 117,10,
934 1204 985 1265 ubi
1005 1209 1208 1282 praepararem
1229 1201 1360 1263 Parisinus

240 1314 334 1375 codex
363 1313 459 1375 habet.
502 1312 625 1374 eandem
653 1313 775 1373 sormam
810 1321 935 1373 testatur
963 1310 1077 1371 Plinius
1110 1308 1189 1390 apud
1216 1308 1362 1371 chariam

239 1442 266 1502 p.
288 1420 360 1502 141,
374 1418 416 1482 28
437 1424 653 1497 3333333333
677 1428 710 1480 at
733 1423 927 1497 optimatium.

212 1580 222 1589 .,
328 1526 521 1587 deterrent
544 1526 584 1586 ab
609 1526 771 1586 saliendo
795 1535 829 1587 ot
849 1524 989 1586 11333113
1010 1527 1158 1585 3313333
1180 1522 1295 1583 311333
1313 1541 1366 1603 quo

239 1653 276 1693 re
292 1633 383 1711 quod
399 1632 548 1712 alligant
562 1633 601 1693 ad
617 1633 797 1711 naturam]
814 1635 977 1694 Beterrent
991 1651 1011 1693 a
1024 1633 1161 1694 saliendo
1177 1637 1207 1692 et
1221 1634 1370 1704 fiseedoae

242 1745 332 1802 iunco
347 1744 446 1802 aliave
459 1760 520 1816 333
535 1761 578 1818 re,
598 1745 680 1816 quoa
695 1745 819 1816 31Ιί3331
833 1739 953 1819 Merula,
969 1742 1125 1801 deterrent
1142 1756 1162 1798 3
1181 1740 1317 1799 saliendo
1331 1741 1372 1811 fis·
1424 1790 1427 1829 ,

241 1849 323 1906 cellis
343 1849 468 1907 313333
488 1850 587 1908 aliaue
605 1867 666 1922 poa
689 1867 733 1927 re,
748 1865 839 1923 quam
858 1850 986 1921 31113331
1005 1843 1164 1905 iucundus.
1203 1847 1321 1905 restitui
1337 1863 1374 1904 re

241 1963 335 2012 terem
365 1952 535 2034 lectionem,
558 1956 588 2014 iu
614 1974 670 2034 qua
698 1959 780 2030 pand
805 1955 1001 2034 postpositum
1035 1950 1203 2013 editoribus
1231 1950 1377 2013 offensioni

242 2058 307 2139 init,
330 2060 485 2120 deterreat
504 2061 542 2120 ab
561 2065 705 2142 saliendo,
719 2070 748 2122 et
760 2065 892 2135 fiscellas
911 2081 928 2122 e
947 2064 1037 2121 iunco
1058 2063 1157 2120 aliare
1177 2076 1240 2134 qao
1261 2078 1297 2120 re
1310 2061 1381 2135 quod

179 2152 182 2157 ¹
243 2167 371 2240 allipant
394 2169 437 2226 ad
458 2176 612 2227 33133333.
649 2169 757 2227 arietes
786 2186 822 2226 ne
851 2168 981 2227 minores
1011 2174 1079 2226 natu
1109 2165 1218 2226 3311331
1242 2167 1332 2225 etiam
1354 2184 1381 2226 ea

244 2290 276 2331 ro
301 2270 462 2354 deterrent,
486 2273 563 2351 quod
584 2273 708 2334 tisoellas
732 2294 747 2334 e
772 2277 860 2334 iunco
884 2273 973 2334 aliave
994 2291 1051 2353 qna
1075 2290 1108 2332 re
1134 2260 1229 2333 iactas
1248 2272 1287 2332 ad
1311 2283 1383 2332 3313·

242 2396 305 2438 ram
329 2380 426 2439 orium
451 2379 578 2460 alligant.
616 2400 712 2460 neque
736 2390 765 2441 et
788 2399 842 2462 pro
866 2384 956 2443 etiam
981 2381 1110 2460 positum
1130 2397 1146 2440 a
1167 2377 1315 2440 Varronis
1333 2398 1385 2439 ser·

244 2503 329 2545 mono
354 2486 482 2547 alienam
506 2497 560 2547 est.

337 2590 376 2653 15
409 2592 555 2672 inigunt
587 2597 620 2655 iu
656 2594 795 2656 stabula
829 2611 940 2674 eaque
968 2592 1102 2654 habent
1133 2591 1175 2652 ad
1211 2612 1290 2654 eam
1324 2612 1388 2654 rem

246 2696 404 2774 3331333]
430 2700 577 2760 laiiciuat
596 2704 625 2759 a'a
646 2719 682 2761 33
701 2703 830 2775 stabula,
854 2720 933 2776 patae
951 2697 1250 2774 hadent-Iucundos,
1276 2704 1390 2775 1313331

247 2808 276 2863 in
301 2807 421 2865 stabula
445 2822 491 2879 33,
513 2823 593 2880 arrae
616 2808 727 2866 1133331
750 2805 906 2868 Victorius.

337 2907 377 2971 16
409 2911 604 2989 Antequam
633 2923 763 2974 exeunt
796 2925 933 2994 pastum
963 2924 998 2975 ot
1026 2930 1102 2973 enm
1131 2912 1390 2992 reuerterunt]

246 3017 367 3077 Exedra
390 3017 467 3078 edita
491 3027 558 3078 antu
580 3016 740 3079 Victoriam
761 3021 947 3100 exemplaria,
970 3023 1049 3081 siout
1068 3036 1156 3099 supra
1179 3021 1332 3100 scriptum
1350 3030 1391 3082 est

245 3131 407 3199 antequam
430 3133 542 3186 matres
567 3129 597 3186 in
613 3128 757 3201 pabulum
778 3137 896 3189 exeant.
936 3127 992 3188 hoe
1011 3127 1076 3187 1333
1096 3133 1221 3201 exeunt,
1244 3129 1272 3187 si
1293 3146 1390 3189 verum

246 3241 300 3312 ost,
323 3241 444 3311 propter
468 3250 502 3291 33
527 3250 601 3310 quae
625 3232 721 3294 addita
746 3244 815 3295 sunt
840 3254 909 3297 eom
932 3242 1133 3296 reverterunt.
1172 3233 1226 3293 sed
1253 3238 1390 3314 quoniam

247 3340 277 3397 iu
310 3336 364 3397 hac
393 3340 601 3400 coniunctione
631 3343 749 3418 saepius
778 3340 813 3400 ab
844 3341 1009 3403 editoribus
1037 3349 1169 3402 erratum
1199 3359 1271 3401 esse
1303 3342 1391 3423 rideo,

248 3462 322 3523 qnae
350 3444 386 3503 do
415 3462 470 3504 usu
500 3442 639 3505 Varronis
667 3448 696 3505 ia
723 3445 768 3505 his
796 3445 880 3507 libris
908 3445 1061 3507 observavi
1088 3445 1202 3507 addam.
1248 3465 1339 3529 saepe
1365 3458 1393 3510 et

129 3596 137 3609 .
247 3553 396 3621 constanti
418 3551 632 3630 propemodum
659 3571 714 3612 usu
739 3564 901 3628 antequam
925 3572 992 3614 orum
1017 3554 1206 3615 coniunctium
1225 3559 1393 3635 praesentis

249 3659 391 3741 temporis
415 3660 535 3734 ponitur
559 3669 677 3737 praetor
701 3658 772 3720 haec
797 3679 903 3742 pauca,
931 3678 1006 3740 quae
1033 3659 1221 3721 manifestam
1252 3666 1393 3745 temporis

248 3764 490 3839 significationem
520 3763 641 3845 habent,
671 3764 790 3845 140,4
819 3770 852 3827 id
875 3770 912 3842 fit
939 3775 1015 3848 tum,
1046 3775 1212 3843 antequam
1239 3790 1394 3847 perarmare

250 3878 304 3931 aut
322 3874 437 3946 florere
465 3875 541 3946 qaid
563 3876 684 3953 incepit,
712 3871 844 3954 112,18
876 3882 1019 3935 castrare
1046 3882 1164 3951 oportet
1192 3894 1312 3953 333333
1338 3898 1394 3941 aon

249 3981 392 4038 minorem
417 3982 548 4053 3313333
571 3998 713 4054 mensam,
737 4000 834 4056 aeque
857 3990 1019 4055 antequam
1043 3985 1163 4043 calores
1188 3994 1248 4044 aut
1272 3985 1395 4064 sripora

247 4105 279 4145 se
295 4085 467 4160 [reperiant
494 4084 533 4144 111
550 4082 579 4166 5,
595 4084 616 4145 4
635 4089 740 4171 diebus
760 4091 867 4162 3131311
890 4097 1052 4163 antequam
1071 4091 1178 4150 tortere
1198 4095 1266 4153 nult
1284 4096 1395 4168 turdos,

248 4195 366 4266 lorpias
396 4193 449 4250 dat
477 4194 589 4267 ribam,
618 4191 700 4273 129,
723 4193 738 4254 1
768 4193 1036 4270 3313333133,
1065 4201 1232 4271 antequanm
1261 4205 1397 4264 secunda

250 4300 391 4356 aratione
419 4306 548 4358 novator·
576 4318 692 4360 rursus.
730 4319 796 4360 uram
821 4299 974 4383 1117,11
1003 4300 1080 4362 haud
1113 4301 1208 4366 dubie
1233 4316 1398 4386 33133333

250 4406 393 4476 aedifices
412 4404 602 4468 scribendum
626 4417 679 4488 est,
704 4428 761 4468 333
786 4413 941 4483 aedificas.
979 4417 1134 4490 praeterea
1158 4430 1233 4475 cum
1259 4420 1398 4480 coniunc-
