2874 4994
146 350 189 413 26
488 355 680 413 COMMENT.
698 356 739 410 IN
756 355 946 411 VARRONIS

146 512 271 573 debebat
298 512 372 572 haec
400 509 594 590 inaequalitas
622 509 754 592 dicendi,
786 509 866 590 quod
899 527 974 588 quae
991 510 1181 589 ‘generaliter
1205 511 1279 574 dieta

146 628 243 702 erant,
264 619 429 695 formosius
451 621 534 694 qnod
556 627 607 691 est,
630 636 699 677 mox
727 617 761 678 ad
788 617 913 678 lundum
937 618 1174 700 transferuntur,
1194 623 1218 681 si
1235 625 1280 682 est

142 726 321 804 [ructuosos
345 729 451 803 turpis.

234 830 255 895 3
290 832 419 894 Contra
448 832 542 912 quod
570 834 606 893 in
633 832 824 912 pestilenti
852 830 1037 893 calamitas
1066 835 1225 912 quemuis
1247 837 1280 895 in

146 941 258 1001 leraci
285 958 369 1019 agro
397 939 559 1000 colonum
588 938 627 998 ad
652 940 795 1000 fructus
824 939 1020 1017 peruenire
1044 957 1113 1000 non
1136 940 1280 1020 patitur]

150 1049 321 1123 Contraque
345 1051 375 1108 in
395 1050 550 1124 pestilenti
571 1045 731 1107 Iucundos.
769 1053 879 1106 contro
901 1047 985 1120 qnod
1003 1064 1038 1106 ex
1060 1033 1220 1128 archetypo
1240 1067 1280 1109 re·

145 1157 242 1215 stituit
270 1153 432 1235 Victorius,
463 1152 514 1214 ubi
542 1156 624 1228 quod
650 1151 808 1213 delendum
842 1169 907 1212 esse
940 1152 1012 1213 vidit
1041 1151 1178 1215 Ursinus.
1221 1173 1280 1216 nan

145 1280 220 1341 quae
244 1268 398 1341 praeterea
426 1263 549 1321 mutavit
574 1262 686 1321 omitto.
733 1259 786 1320 sed
814 1268 924 1320 contro
952 1259 1085 1321 adverbii
1113 1259 1180 1323 loco
1202 1279 1280 1343 saepe

146 1371 177 1428 in
196 1368 242 1428 his
261 1366 345 1428 libris
360 1370 520 1448 invenitur,
534 1387 592 1428 non
609 1376 718 1428 contro
733 1369 815 1443 quod
832 1366 877 1427 vel
896 1369 979 1442 quod
995 1374 1115 1429 contro.
1153 1369 1280 1431 ordinem

145 1473 304 1535 verborum
327 1482 439 1536 temere
465 1476 587 1535 mutavit
611 1473 826 1555 Schneiderus‚
857 1477 888 1534 in
912 1477 1068 1550 pestilenti
1098 1481 1280 1551 quomonin

142 1581 248 1657 feroci
268 1599 346 1656 apro
370 1584 529 1642 catamitos
548 1585 686 1642 colonum
705 1583 748 1641 od
762 1580 886 1655 fructus
901 1584 1066 1656 pervenire
1083 1600 1145 1644 non
1161 1588 1280 1660 potitur.

231 1687 254 1750 4
285 1688 328 1749 Ut
352 1698 470 1749 tamen
494 1687 642 1749 multum
667 1690 771 1749 sitin
795 1687 899 1747 nobis
923 1706 992 1767 quo
1011 1691 1181 1767 grauiora
1200 1709 1280 1770 quae

145 1806 228 1857 sunt
252 1815 290 1856 ea
308 1795 498 1882 diligentia
517 1795 655 1856 leuiora
675 1795 795 1855 lacere
810 1793 1010 1873 possimus]
1035 1797 1125 1869 Quod
1139 1801 1280 1872 qroomrc

144 1903 256 1964 Merula
283 1912 313 1963 et
341 1902 447 1963 deinde
477 1901 584 1980 reliqui
613 1901 751 1962 editores.
789 1903 907 1961 restitui
936 1900 1088 1981 archetypi
1121 1901 1280 1964 lectionem

145 2012 175 2070 in
203 2028 260 2089 qua
288 2028 357 2070 curn
386 2008 476 2069 verbo
501 2008 611 2084 socero
638 2007 697 2068 duo
725 2006 843 2067 ablativi
877 2025 936 2083 quo
968 2017 999 2068 et
1031 2011 1192 2084 diliqentio
1217 2028 1277 2070 con

144 2117 239 2177 iuncti
262 2123 340 2176 sunt.

234 2221 271 2282 Si
292 2230 442 2302 propter
470 2233 604 2287 terram
632 2230 692 2283 aut
715 2241 838 2300 aquam
866 2223 1012 2283 odorem
1041 2241 1145 2302 quem
1168 2223 1280 2304 aliqu<

144 2329 221 2390 loco
241 2336 384 2389 eructat
406 2328 641 2409 pestilentior
664 2336 719 2390 est
742 2328 888 2406 iuudus]
914 2332 1079 2391 Odoremce
1097 2347 1134 2390 ex
1153 2332 1264 2410 princip

144 2436 273 2497 editione
297 2435 392 2497 adhuc
416 2445 570 2515 receptum
594 2445 666 2497 erat.
703 2454 758 2514 pro
782 2436 838 2496 lroc
861 2439 955 2498 odore
978 2438 1093 2516 scripsi.
1133 2455 1201 2498 narn
1219 2455 1280 2498 cur:

145 2552 284 2622 quattuor
312 2561 414 2604 rerum
442 2543 597 2604 elementis
626 2543 736 2604 lundus
764 2542 950 2623 pestilentior
978 2543 1042 2605 fleri
1073 2545 1181 2624 possit,
1209 2555 1280 2605 ten·

144 2661 174 2711 et
197 2668 272 2729 aqua
295 2649 400 2730 odore,
429 2669 516 2730 quem
546 2650 644 2730 aliquo
674 2650 740 2711 loco
764 2649 874 2710 iundus
897 2659 1025 2731 eructat,
1054 2669 1123 2711 eum
1146 2651 1280 2731 pestileu

144 2759 250 2817 tiorem
274 2756 411 2839 reddunt,
435 2757 507 2818 caeli
532 2761 613 2837 regio
638 2759 728 2817 nimio
748 2756 846 2818 calore
870 2765 972 2838 nocet,
995 2775 1059 2838 aer,
1087 2777 1157 2819 cum
1181 2768 1280 2819 ventu

145 2882 204 2924 uon
228 2862 323 2923 bonus
347 2864 406 2945 liat,
430 2866 642 2944 corrumpitur.

232 2969 304 3030 Ulre
328 2973 405 3032 sint
427 2974 567 3051 positae
593 2969 716 3047 uillae]
746 2973 808 3032 llio
824 2971 882 3030 hoc
905 2989 964 3030 uno
987 2969 1053 3031 loco
1076 2973 1106 3031 in
1127 2971 1274 3053 archetyp

144 3080 288 3156 scriptum
308 3078 372 3160 tuit,
392 3081 452 3140 tide
470 3077 554 3152 1111,
572 3077 609 3139 11
631 3074 836 3158 et11116,9;
855 3096 913 3137 non
933 3080 1021 3152 miae,
1040 3079 1091 3139 sed
1111 3083 1156 3139 mi
1167 3078 1180 3138 1
1198 3076 1280 3161 tufi

142 3184 217 3264 112,
232 3181 261 3246 5.
285 3182 381 3264 4,12.
406 3182 440 3267 5,
460 3184 493 3266 1,
518 3183 610 3245 semel
639 3203 684 3246 nie
707 3184 747 3245 111
770 3182 822 3264 16,
842 3183 872 3246 2.
909 3184 981 3245 haec
1009 3186 1087 3245 siout
1115 3185 1185 3267 3113,
1213 3206 1280 3266 qun

144 3310 180 3351 er
208 3294 329 3371 antiquo
357 3301 387 3352 et
416 3291 528 3371 vulgari
558 3309 694 3352 sermone
724 3291 815 3352 Varro
843 3302 1011 3372 receperat,
1044 3301 1122 3374 tum,
1155 3312 1224 3354 cum
1254 3295 1274 3354 1

142 3399 302 3478 archetypo
326 3401 436 3478 scripta
460 3408 554 3479 crant,
578 3400 697 3458 retinui.

231 3504 253 3569 5
286 3507 452 3567 lnmissis
482 3508 657 3567 fenestris
686 3509 790 3567 nouis
818 3506 987 3585 aquilone
1019 3514 1053 3567 et
1080 3504 1280 3568 obstructi

142 3611 422 3692 pestilentibus]
448 3613 583 3673 Immisso
606 3611 719 3673 llerula
743 3622 773 3673 et
796 3613 903 3673 deinde
928 3613 1034 3692 reliqui
1058 3613 1200 3676 editores.
1237 3619 1280 3675 na

143 3724 240 3780 missis
269 3719 414 3795 fenestris
441 3723 524 3780 nocis
552 3724 595 3780 nd
626 3723 796 3795 aquilonem
826 3719 895 3778 olim
924 3721 1126 3782 conieceram:
1159 3718 1245 3803 159,

143 3828 342 3902 oporotlzecos
365 3830 419 3901 qui
437 3826 568 3902 sociarat,
592 3830 636 3887 ecl
658 3830 827 3902 oqtiilonent
854 3834 888 3886 ut
908 3825 1062 3901 fenestras
1085 3829 1220 3890 labeant
1240 3847 1270 3889 n

142 3951 201 4008 que
229 3940 262 3993 nt
289 3952 344 3995 eae
368 3936 539 4010 perflentnr
567 3939 688 3994 onerant.
735 3933 787 3992 sed
821 3927 983 3993 ‘fenestras
1011 3931 1181 3995 inmittere’
1212 3949 1280 3995 nu!

142 4040 253 4101 dictum
273 4043 311 4101 sit
330 4040 441 4101 dubito.
478 4042 578 4120 itaque
598 4039 727 4100 Merulae
747 4039 983 4100 emendationem
1003 4043 1124 4102 inmisso
1140 4040 1272 4118 senesii·

141 4151 225 4207 nouis
243 4150 386 4221 aquilone
404 4149 514 4226 recepi.
551 4154 684 4207 ceterum
706 4146 865 4206 Varronem
887 4148 1011 4225 piratico
1030 4145 1107 4207 bello
1127 4147 1183 4209 sub
1201 4146 1280 4208 Por·

142 4255 208 4332 peio
224 4251 367 4313 classibus
381 4254 545 4332 praefuisse
562 4257 680 4313 scimus.
714 4252 922 4333 Hippocratem
943 4255 1112 4315 venientem
1128 4254 1164 4315 ab
1177 4254 1275 4334 Illyri.

142 4358 339 4437 pestilentiam
363 4361 546 4439 praedixisse
570 4369 671 4420 narrat
694 4360 807 4421 Plinius
831 4359 881 4419 Vll
902 4358 973 4421 123.

231 4463 295 4526 vi
332 4465 452 4547 Neque
481 4485 520 4526 eo
549 4466 630 4527 dico
655 4476 740 4545 quot
767 4465 934 4544 habeant]
972 4469 1037 4540 Ouo
1065 4484 1126 4528 non
1152 4468 1280 4529 dobeo:
