2874 4994
228 316 271 380 74
588 325 778 382 COMMENT.
799 327 838 380 lN
857 326 1014 382 CATONIS

228 479 306 560 quod
327 479 474 541 Victorius
496 499 641 543 summum
666 485 858 544 extrinsecas
884 481 984 543 edidit.
1021 486 1050 543 st
1067 498 1180 558 pereat
1198 483 1296 543 attam
1311 477 1375 554 sor·

227 605 334 649 necem
352 589 484 663 trebello,
504 591 558 650 etri
572 589 680 666 sactes,
700 592 848 651 lateribus
866 608 1011 651 semmam
1029 592 1139 650 struite
1157 595 1214 649 eut
1231 588 1376 649 cernentis

225 713 370 757 summam
389 713 458 757 cum
477 700 539 757 tato
559 700 752 758 existasecas
769 698 893 758 oblinito
910 696 1070 757 iucundus.
1103 699 1200 756 tatere
1214 690 1374 754 Turnebus

225 802 244 863 1.
268 821 293 864 c.
317 803 459 882 coniecit,
486 812 581 885 recte,
610 806 728 886 opinor,
756 812 789 864 ut
819 801 1009 864 scribendum
1034 805 1074 864 sit
1096 806 1258 880 siparum
1282 803 1375 862 mtom

222 908 384 985 fornacem
406 912 531 972 trabeate
554 913 608 971 ubi
626 910 739 987 sectos,
752 914 860 972 ‚tatere
881 928 1027 972 summum
1049 913 1175 971 statttito
1197 926 1264 988 sqq.
1308 924 1373 969 nam

225 1037 284 1079 uon
308 1017 346 1077 de
369 1016 512 1078 lateribus
536 1017 699 1096 coquendis
722 1017 795 1077 haec
819 1016 970 1098 dicuutur,
993 1017 1046 1077 sed
1065 1016 1101 1076 de
1121 1016 1201 1077 calce
1221 1033 1258 1076 ex
1277 1014 1373 1095 lapide

226 1124 389 1204 coquenda.
436 1125 535 1202 itaque
559 1126 585 1184 si
608 1131 731 1204 propter
755 1133 891 1184 naturam
914 1123 971 1184 loci
994 1124 1098 1184 fornax
1122 1140 1229 1203 parum
1252 1121 1313 1184 alta
1336 1122 1373 1183 la·

225 1231 329 1295 cienda
346 1240 401 1311 est,
419 1232 584 1292 curandum
600 1240 645 1292 est
660 1240 693 1292 ut
708 1249 821 1292 summa
837 1249 906 1310 pars
920 1230 1021 1312 latere,
1040 1231 1068 1291 h.
1083 1248 1108 1291 e.
1124 1248 1216 1310 opere
1231 1228 1375 1309 latericio,

225 1341 357 1418 erigatur
385 1338 431 1398 vel
459 1341 621 1399 caementis
645 1357 713 1399 cum
737 1338 800 1399 luto
824 1340 1011 1399 extrinsecus
1033 1337 1192 1399 oblinatur.
1237 1344 1374 1399 statuere

224 1448 337 1508 dictum
360 1455 406 1506 est
429 1446 465 1506 de
491 1445 651 1507 torculario
672 1443 757 1526 18‚3
780 1447 908 1507 arbores
926 1447 981 1506 abt
997 1452 1121 1524 statues,
1145 1443 1185 1505 ib.
1204 1440 1227 1505 4
1245 1445 1374 1505 arbores

224 1557 367 1631 pedtctno
391 1557 422 1614 in
446 1556 548 1629 tepide
570 1556 706 1627 statuite,
733 1551 773 1612 ib.
797 1550 819 1613 5
841 1556 955 1614 silicem
978 1585 1020 1595 -
1044 1555 1168 1613 statuite
1191 1558 1223 1611 et
1243 1552 1375 1627 stipitem

225 1664 359 1741 statuite,
379 1659 415 1719 de
435 1668 550 1738 trapeto
566 1657 650 1738 221
671 1661 802 1720 librator
821 1663 867 1720 att
883 1667 1046 1734 statuatur,
1065 1661 1136 1719 item
1151 1654 1236 1737 49,2
1255 1659 1374 1717 atacem

225 1770 358 1841 statuite,
386 1764 492 1846 totta
516 1770 605 1826 ollem
628 1769 761 1827 statuite.

316 1871 337 1933 4
361 1872 432 1933 Hoc
456 1874 549 1951 signi
573 1874 644 1932 orit
667 1871 728 1933 ubi
751 1871 827 1933 calx
851 1880 951 1933 cocta
971 1874 1042 1933 erit
1060 1889 1215 1933 summos
1234 1869 1375 1950 lapides

226 1990 371 2041 coactos
399 1997 477 2039 esse
506 1977 691 2058 oportebit
713 1981 797 2039 item
822 1978 1100 2058 inlimi'lapides
1124 1981 1219 2039 cocti
1244 1977 1375 2039 eadent

225 2093 260 2147 et
288 2085 427 2146 llamma
453 2087 569 2145 minus
597 2085 734 2146 iumosa
762 2085 889 2163 exibit]
920 2088 995 2146 item
1023 2089 1121 2159 infimi
1146 2087 1266 2161 tepidos
1296 2089 1376 2147 coctt'

225 2196 336 2254 cedent
364 2210 468 2272 parum
497 2191 683 2252 considerate
707 2190 876 2254 Eussnerus
903 2211 930 2271 p.
955 2189 1020 2253 306
1048 2200 1197 2271 tamquam
1226 2190 1375 2269 glossema

225 2298 317 2361 deleri
345 2298 446 2359 voluit.
492 2317 560 2359 uam
589 2300 645 2359 tria
673 2307 743 2360 suut
770 2300 867 2378 sigua,
895 2298 1004 2377 quibus
1031 2306 1145 2360 coctam
1168 2315 1237 2359 esse
1261 2297 1374 2359 calcem

224 2417 372 2486 appareat,
387 2408 515 2484 primum
527 2405 604 2484 quod
616 2407 723 2466 summi
738 2405 849 2482 lapides
865 2406 942 2465 cocti
956 2413 1035 2485 sunt,
1050 2404 1174 2466 alterum
1186 2402 1268 2484 quod
1280 2404 1375 2464 inllmi

224 2512 336 2592 lapides
359 2512 478 2590 cadunt,
503 2514 624 2572 tertium
644 2511 722 2590 quod
741 2511 857 2571 ilautma
878 2513 976 2572 miuus
995 2512 1109 2572 fumosa
1129 2512 1199 2572 exit.
1233 2510 1374 2572 similiter

225 2616 311 2698 88,2
336 2621 370 2678 id
390 2621 472 2693 siant
494 2621 561 2679 erit.

313 2722 407 2794 Quae
436 2722 504 2783 tibi
531 2725 651 2784 usioni
678 2725 911 2803 supererunt]
942 2726 1058 2787 Usticae*
1079 2724 1157 2785 edita
1181 2733 1250 2787 onte
1276 2723 1373 2786 Victo·

224 2833 302 2891 rinm
326 2830 512 2909 exemplaria.
550 2827 665 2892 ‘Usioni
683 2841 877 2909 supererunt:
901 2830 943 2892 lta
962 2830 1020 2909 legi
1039 2831 1141 2912 debet,
1166 2850 1227 2893 uon
1247 2830 1375 2912 Ustiottb

224 2944 312 3016 atquo
337 2940 377 2997 ita
401 2945 447 2996 est
470 2939 500 2997 in
524 2939 654 3016 antiquis
677 2933 846 2999 codicibus'
870 2938 1026 2999 Victorius.

311 3045 436 3104 XXXIX
462 3041 478 3104 1
501 3043 603 3104 llolia
626 3043 770 3123 plumbo
795 3046 933 3105 uinoito
957 3044 1014 3105 uel
1038 3046 1188 3106 materie
1212 3062 1376 3123 quernea

224 3152 396 3211 uirisicca
416 3150 577 3230 alligato]
594 3150 770 3230 Corruptam
790 3150 933 3212 librorum
949 3153 1127 3230 scripturam
1144 3152 1256 3212 trustra
1274 3170 1374 3213 emen·

224 3257 295 3318 dare
320 3256 499 3317 studuerunt
523 3257 660 3318 editores.
707 3261 801 3318 atride?
822 3261 964 3332 cotttpcto
987 3259 1115 3318 coniecit
1137 3256 1302 3320 Turnebus
1325 3258 1375 3320 ad·

224 3383 299 3425 vers.
322 3361 510 3444 11,13,-vet
527 3367 629 3426 ridica
648 3368 773 3439 altipeta
792 3364 956 3425 Pontedera
976 3382 1004 3443 p.
1023 3363 1075 3444 52,
1099 3368 1226 3427 ciliciae
1245 3368 1376 3441 altinate

223 3470 428 3531 llottboellius
475 3473 550 3530 bene
572 3474 657 3531 sicce
682 3474 808 3545 etlipnto
831 3470 1023 3531 scribendum
1047 3488 1114 3532 esse
1136 3473 1263 3533 conieci.
1306 3490 1376 3534 nam

205 3577 296 3655 ,dolia
321 3579 346 3637 si
370 3576 440 3655 quid
464 3578 527 3634 vitii
551 3583 772 3657 contraxerunt,
795 3584 846 3637 aut
868 3575 989 3655 plumbo
1011 3577 1116 3639 adluso
1136 3578 1284 3641 firmanda
1303 3589 1377 3641 sunt

219 3692 271 3742 aut
294 3699 425 3761 quornea
449 3683 571 3741 materie
596 3673 674 3742 si'cca
698 3682 841 3760 alliganda
865 3691 894 3743 et
918 3684 1080 3745 sarcienda.

310 3787 330 3848 2
364 3786 449 3847 lude
479 3785 676 3849 laterculos
704 3789 815 3850 lacito
842 3791 989 3867 coquito
1018 3791 1052 3849 in
1082 3790 1267 3853 iornaceut
1296 3812 1378 3856 eum

221 3896 403 3956 conterito
427 3895 533 3973 idque
557 3895 720 3956 inducito
744 3914 805 3975 per
830 3895 977 3957 imbrem
1000 3900 1036 3958 in
1060 3896 1182 3958 uillam
1202 3904 1377 3978 quaerito

220 4021 238 4080 q
247 4002 304 4061 uid
334 4003 418 4062 lieri
441 4000 570 4081 possit]
595 4003 672 4062 Eum
696 4003 836 4062 omiserat
858 4001 984 4082 Merula,
1012 4022 1047 4063 ex
1071 4004 1233 4084 archetypo
1258 4006 1379 4069 addidit

221 4109 383 4189 Victorius,
406 4111 477 4168 item
501 4108 677 4187 Politianus,
701 4126 759 4168 nou
783 4116 856 4182 tum,
882 4118 916 4169 ut
939 4109 1089 4171 Gesnerus
1113 4110 1276 4174 adnotavit„
1323 4132 1377 4176 co

221 4218 304 4288 qttito
337 4217 368 4272 tn
398 4214 529 4287 forenna
561 4215 681 4292 scripsi,
714 4215 845 4293 itemque
874 4223 975 4293 postea
1004 4220 1035 4277 in
1063 4221 1135 4278 aitte
1163 4223 1310 4293 quaerito
1338 4239 1377 4281 ex

221 4320 351 4379 editione
376 4317 536 4379 basileensi
560 4339 584 4380 a.
611 4315 692 4380 1521
723 4324 831 4400 recepi.
877 4340 944 4382 nam
973 4325 1093 4384 nimiam
1121 4323 1273 4386 licentiam
1301 4326 1377 4388 olim

222 4425 351 4485 editores
375 4422 479 4485 Catoni
502 4425 681 4507 tribuerunt,
705 4445 772 4487 oum
792 4431 823 4488 tn
842 4431 1091 4508 praepositionem
1111 4432 1175 4492 siue
1194 4431 1376 4495 discrimine
