2874 4994
141 320 207 388 254
485 328 677 386 COMMENT.
696 330 736 385 IN
754 326 943 387 VARRONIS

98 464 101 476 ’
141 489 331 562 caredientes
345 488 389 547 ad
405 489 627 563 apricationem
646 488 808 568 columbus,
822 503 881 569 nec
898 488 999 548 minus
1017 486 1050 548 in
1064 487 1253 562 curativum

141 597 294 668 matrices,
312 611 392 668 quae
411 595 473 653 ovis
495 597 543 654 vel
560 594 654 670 pullis
678 595 833 670 incubant,
852 611 892 656 nc
908 596 1002 670 quasi
1015 596 1110 670 aravi
1120 601 1254 672 perpetuu

144 703 302 761 custodiae
319 703 442 761 servitio
462 703 663 762 contristatae
680 707 848 763 senescant.
880 718 952 762 narn
970 717 1040 762 cum
1054 703 1176 778 paulam
1190 703 1254 762 eim

142 809 287 880 aedificia
316 810 530 886 volitaverunt,
557 810 752 869 exhilaratae
778 815 965 870 recreantur
987 814 1018 869 et
1045 809 1091 868 od
1111 804 1189 882 fetus
1206 823 1256 868 ctu

142 916 310 989 vepetiores
332 916 471 987 redeunt,
491 920 620 991 propter
638 932 713 990 quos
736 933 775 976 ne
796 917 917 991 tanaitas
939 915 1062 990 quidem
1084 914 1206 988 erovart'
1219 920 1257 974 ml

140 1018 252 1095 fuvere
282 1026 442 1081 conantur.
488 1019 580 1080 Varro
608 1028 708 1081 autem
740 1028 909 1083 curatorem
941 1018 1146 1083 columbarum
1170 1024 1258 1080 cortun

143 1123 242 1186 locum
265 1123 375 1186 habere
400 1125 482 1187 iubet
505 1136 569 1189 rete
593 1126 629 1188 ab
649 1128 713 1188 aliis
733 1125 905 1210 disclusum,
924 1129 955 1189 in
974 1145 1066 1207 quom
1084 1127 1159 1189 ictae
1174 1125 1258 1189 mun

143 1231 198 1293 bae
221 1230 383 1293 incubandi
413 1252 502 1295 causa
532 1234 750 1296 transferantur
780 1244 811 1296 et
840 1252 856 1295 e
887 1252 946 1315 quo
975 1243 1105 1318 matres,
1133 1251 1197 1296 cum
1218 1235 1259 1295 itu

144 1337 241 1418 pullos
264 1338 382 1421 habent,
400 1342 432 1400 in
451 1357 538 1421 agros
562 1341 678 1403 evolare
701 1343 827 1421 possint
864 1343 963 1421 itaque
988 1344 1021 1403 in
1039 1341 1260 1422 praepositissa

145 1455 176 1506 et
199 1464 257 1521 que
280 1453 347 1524 post
370 1454 483 1509 matres
512 1449 616 1509 vitiose
645 1447 778 1510 additum
806 1447 900 1509 delevi
928 1457 958 1510 et
986 1466 1022 1509 ex
1047 1447 1148 1511 Ursini
1172 1449 1261 1510 cuniu-

144 1564 212 1615 tura
236 1556 357 1615 evolare
380 1555 496 1632 scripsi.
532 1574 573 1617 ea
592 1559 785 1632 peristerone
807 1564 915 1637 autem,
933 1555 1013 1636 quod
1038 1554 1108 1618 inde
1131 1554 1260 1616 abellini

144 1661 274 1722 editione
305 1661 448 1720 omissum
477 1668 554 1742 erat,
582 1664 715 1744 restitui,
738 1665 808 1724 item
840 1681 920 1738 quae
948 1661 1035 1739 setae
1065 1670 1148 1738 sunt,
1172 1668 1262 1723 cotun

143 1771 242 1830 locum
274 1773 308 1828 ut
340 1769 504 1829 disclusum
536 1769 576 1829 ab
609 1772 679 1830 aliis
711 1778 777 1832 rete
802 1771 927 1845 tabeat,
959 1785 1019 1845 quo
1052 1768 1263 1846 transferantur,

145 1894 163 1936 e
189 1893 248 1950 quo
276 1873 366 1950 foras
398 1893 438 1936 eu
462 1878 653 1952 peristerone
679 1880 802 1938 evolare
824 1880 943 1954 possint
969 1884 1092 1938 matres.
1138 1878 1212 1953 quod
1228 1872 1263 1950 [a

145 1986 231 2044 ciunt
253 2001 317 2062 sqq.

235 2088 332 2161 Quod
367 2087 482 2150 libero
515 2107 597 2150 aere
632 2107 709 2149 curn
737 2090 896 2150 exierint
928 2089 964 2150 iu
993 2106 1100 2169 agros
1133 2087 1266 2150 redinte-

145 2204 296 2277 grentur
318 2195 433 2256 altera
457 2193 500 2255 de
523 2213 628 2256 eausa
656 2204 808 2275 propter
836 2195 1013 2275 inlicitum]
1043 2198 1109 2270 Orto
1131 2198 1218 2257 liltero
1235 2225 1266 2238 -

142 2312 272 2383 propter
296 2305 421 2364 illiciam
441 2302 601 2364 lucundus.
639 2306 740 2364 alteru
755 2310 883 2381 propter
897 2306 1063 2382 pulliciem,
1081 2301 1112 2364 h.
1126 2321 1151 2364 e.
1169 2312 1268 2383 propter

145 2411 256 2493 pullos,
280 2409 420 2491 Ursinus,
451 2409 529 2488 quod
558 2407 694 2487 probavit
716 2408 926 2471 Schneiderus.
972 2408 1122 2493 inlicium,
1149 2408 1268 2489 quotu

146 2517 251 2598 apibus
283 2517 396 2578 dictum
430 2522 476 2576 est
507 2515 546 2576 lli
576 2512 629 2596 16,
647 2512 706 2598 22;
728 2513 786 2598 31,
819 2515 951 2578 deieudit
983 2515 1186 2577 Buechelerus
1214 2532 1270 2576 mus

27 2674 33 2690 .
146 2623 278 2684 Rhenan.
298 2642 322 2684 a.
343 2620 430 2685 1884
447 2641 475 2703 p.
490 2619 566 2684 418.
602 2622 718 2684 ditabus
741 2621 779 2683 de
802 2625 900 2684 causis
924 2632 1035 2685 matres
1059 2622 1206 2704 pullorum
1222 2639 1272 2682 em

145 2730 207 2790 lare
230 2729 340 2810 volunt,
360 2746 486 2808 quarum
510 2728 601 2790 altera
624 2728 698 2790 haee
717 2738 772 2812 est,
791 2730 870 2809 quod
889 2733 969 2810 ipsas
988 2729 1084 2791 libero
1105 2748 1174 2792 aere
1195 2728 1273 2790 redin-

147 2837 256 2915 tegrari
279 2835 391 2897 dieunt.
429 2835 520 2896 altera
543 2836 580 2896 de
604 2853 693 2897 causa
716 2836 746 2897 id
771 2837 884 2898 iaciunt
906 2845 1031 2917 propter
1049 2835 1195 2918 inlicium,
1211 2833 1275 2916 quod

146 2943 291 3006 columbis
310 2942 345 3002 ad
361 2940 457 3021 pullos
475 2940 677 3003 revolantibus
695 2941 870 3004 inliciuutur
890 2942 973 3023 aliae,
992 2941 1039 3004 vel
1057 2943 1194 3005 eiusdem
1211 2942 1273 3024 peri·

146 3051 288 3131 steronis,
311 3066 387 3128 quae
414 3047 512 3127 pullos
535 3066 594 3108 nou
623 3047 746 3130 hahent,
769 3067 807 3109 ue
830 3047 961 3130 avolent,
984 3049 1031 3110 vel
1055 3051 1153 3132 lerae,
1175 3047 1277 3113 utitis

148 3165 323 3238 sequantur.

236 3262 254 3325 i
285 3262 404 3343 Virgis
428 3264 580 3325 uiscatis
604 3262 752 3324 defictis
779 3265 813 3323 in
843 3261 953 3341 terra]
978 3264 1101 3337 Derieis
1124 3267 1157 3326 in
1180 3271 1277 3328 terrm

146 3372 224 3433 edita
247 3370 316 3431 iude
339 3389 356 3430 a
383 3373 518 3451 principe
542 3369 672 3431 editione
700 3370 887 3450 exemplaria.
934 3373 1054 3446 defictis
1077 3370 1228 3434 Victorius
1252 3388 1279 3431 er

146 3479 248 3540 codice
271 3478 445 3538 restituerat
468 3486 498 3538 et
521 3476 575 3539 hac
599 3478 693 3538 lomna
716 3477 865 3558 participii
888 3476 1051 3539 Varronem
1080 3480 1114 3539 in
1142 3478 1190 3540 his
1210 3477 1280 3539 libris

147 3603 234 3646 usum
253 3601 319 3644 esse
338 3586 456 3663 saepius
475 3584 673 3667 adnotaverat,
692 3583 732 3644 ΙΙΙ
747 3582 777 3665 3,
792 3582 814 3646 2
831 3587 947 3659 adficta
965 3588 1065 3661 villae,
1087 3582 1156 3668 t‚4
1172 3588 1281 3648 tabula

143 3695 250 3766 fictae,
279 3688 309 3771 9,
329 3688 347 3751 'l
372 3693 486 3752 cultilia
514 3694 638 3766 adficta.
683 3690 814 3753 Diomed.
837 3688 1018 3774 p.3tt,1t
1045 3695 1134 3768 fiacr
1155 3674 1295 3768 ambiere

147 3801 321 3859 declinatur
343 3802 428 3875 apud
449 3806 565 3861 veteres
588 3807 721 3875 ternpore
740 3797 894 3876 perfecto:
916 3802 1090 3878 reperimus
1109 3803 1189 3862 enim
1202 3802 1282 3873 fietus

146 3911 175 3966 et
194 3909 286 3981 fieus,
306 3906 445 3968 Scaurus
468 3908 506 3968 de
528 3909 590 3966 aito
612 3924 670 3966 sua
689 3899 841 3983 ‘saaittis'
860 3909 958 3982 inquit
976 3900 1172 3984 ‘confictus',
1196 3906 1281 3967 Varro

146 4016 189 4074 ad
214 4015 388 4075 Ciceronem
411 4017 502 4074 tertia
521 4016 628 4086 fixum
665 4015 737 4074 item
760 4011 879 4093 Lueret
902 4009 982 4076 1114
1000 4015 1082 4088 ficta
1106 4016 1239 4091 aestivis.

235 4119 372 4179 Animal
400 4119 493 4198 quod
521 4121 606 4180 item
634 4128 761 4199 petere
788 4120 931 4182 soleant
958 4119 1176 4201 accipitres]
1208 4119 1284 4195 Qvod

146 4227 327 4300 intercipere
353 4229 469 4287 soleant
497 4245 532 4287 ex
561 4227 716 4288 codicem
744 4226 906 4289 lucundus.
952 4226 1111 4309 archetypi
1138 4228 1283 4291 lectionem

147 4328 294 4392 Victorius
326 4335 465 4395 restituit.
510 4336 593 4410 quod
624 4337 768 4412 impetere
798 4339 917 4397 soleant
948 4333 1119 4399 Salmasius
1144 4337 1176 4397 iu
1201 4332 1283 4395 Solio.

143 4441 174 4516 p.
194 4433 258 4500 614
282 4446 311 4501 et
339 4440 394 4502 hoc
422 4450 544 4504 auctore
569 4431 779 4508 Schneiderus.
824 4461 885 4506 non
912 4443 1057 4507 nidorem
1090 4443 1180 4508 fidem
1204 4439 1284 4507 hebet
