2874 4994
363 330 493 384 RERVM
512 330 751 386 ttvsutcauvm
775 333 843 388 LIB.
862 334 887 387 u
908 332 925 388 2
1156 327 1215 392 151

74 485 133 544 liro
153 484 280 562 perlecti
300 485 443 565 temporis
471 484 525 560 bis,
548 483 716 567 11116,37
746 491 774 547 si
795 490 916 562 quondo
941 490 1040 550 sabito
1069 492 1158 551 imbri
1185 494 1215 551 in

70 598 162 669 posta
189 599 261 651 sant
287 609 449 668 oppressae
479 600 533 652 ant
556 590 679 668 [ripere
701 595 813 668 sabito,
845 601 1007 670 autequam
1036 600 1120 673 ipsae
1143 616 1214 673 pro-

74 700 206 758 viderint
229 700 263 757 ia
280 696 359 773 sore,
383 694 457 759 165
480 702 562 774 qnod
584 717 643 760 non
664 704 709 774 tit,
733 708 896 776 antequam
920 704 1085 763 accesserit
1108 719 1215 781 arruns,

74 803 124 866 ubi
152 810 349 866 accesserant
374 806 405 865 in
433 805 585 866 codicibus
613 809 757 886 scriptum
789 817 843 867 est.
885 826 952 868 cum
983 808 1084 869 futuro
1113 819 1215 868 exacto

73 911 118 973 bis
137 911 352 991 postfuturum
372 913 402 973 in
423 915 554 992 negativa
577 915 722 974 sententia
743 916 882 994 positum,
902 913 929 974 ll
949 912 1010 994 1,1
1031 932 1085 975 nos
1108 923 1136 975 te
1155 935 1214 975 oon

73 1022 267 1093 dimittemus,
298 1022 407 1094 inquit,
441 1027 602 1094 antequam
631 1023 684 1081 illa
713 1024 775 1081 tria
803 1025 983 1098 explicares,
1017 1020 1042 1080 ll
1062 1019 1132 1096 8,1
1163 1041 1214 1083 vos

72 1134 144 1188 oute
168 1129 215 1188 ire
233 1143 292 1186 nou
308 1130 422 1203 patiar,
438 1135 599 1201 antequam
618 1130 693 1187 milti
715 1131 920 1189 reddideritis.
960 1127 1088 1208 denique
1111 1132 1212 1204 prius·

70 1252 161 1310 qnam
187 1235 240 1315 ita,
269 1241 303 1293 ut
326 1233 356 1292 iu
380 1250 471 1293 nuum
497 1232 671 1294 vocabulum
695 1238 785 1310 prius
808 1244 837 1294 et
861 1252 953 1310 quam
977 1234 1153 1315 coaluerint,
1182 1237 1212 1294 iu

69 1339 115 1401 bis
145 1339 229 1401 libris
256 1347 432 1419 usurpatum
461 1358 519 1400 uon
548 1350 607 1420 est,
634 1340 686 1401 scd
715 1348 820 1420 quater
850 1343 1034 1419 interpositis
1063 1339 1211 1401 vocabulis

68 1455 204 1528 separata
224 1454 302 1528 suut,
325 1443 408 1526 141,
423 1443 453 1526 2,
477 1443 560 1528 145,
575 1444 604 1528 3,
627 1446 640 1506 l
660 1445 711 1528 68,
735 1445 857 1530 uam
881 1456 927 1507 ter
947 1449 1088 1507 continuo
1108 1449 1212 1528 posita,

66 1553 120 1616 scd
140 1556 181 1615 ita
201 1562 234 1614 ut
249 1557 338 1631 prius
361 1552 395 1613 ad
421 1554 590 1632 primariam
614 1556 713 1632 potius
737 1556 912 1615 senteutiam
935 1573 1021 1633 quam
1046 1554 1080 1614 ad
1106 1572 1209 1614 secun·

63 1662 179 1723 dariam
199 1663 353 1740 pertineat,
379 1657 475 1740 14,1
497 1664 708 1735 connascendo
729 1665 827 1738 prins,
851 1679 941 1737 qaam
966 1664 1064 1722 iacias
1086 1664 1209 1734 semina,

61 1766 197 1851 1222
226 1785 304 1842 qaae
331 1774 401 1827 aaut
432 1785 472 1828 ex
501 1785 538 1828 ea
561 1776 653 1828 enata
677 1772 782 1848 prins,
814 1787 904 1844 paam
933 1786 973 1830 ex
1001 1771 1037 1827 iis
1065 1771 1140 1843 qaia
1164 1786 1207 1829 se-

59 1879 155 1937 minis
182 1878 287 1948 eadat,
320 1882 354 1935 at
376 1877 436 1935 sint
468 1877 668 1955 exroaieota,
703 1871 837 1954 tamn
869 1893 966 1951 neque
998 1878 1087 1951 prius
1118 1893 1208 1950 qaam

58 1990 134 2044 sata
160 1989 242 2043 nota.

158 2086 196 2150 17
231 2086 361 2150 llatrcs
381 2105 501 2169 eorum
520 2090 565 2148 iis
586 2086 815 2167 temporibus
835 2106 903 2147 nou
927 2087 1107 2166 mulgeant
1130 2090 1205 2167 qui-

57 2195 142 2257 dam
165 2197 224 2273 qui
249 2205 283 2254 ut
308 2194 435 2256 melius
455 2197 596 2255 omniuo
620 2203 796 2274 perpetuo
821 2194 912 2272 quod
942 2205 975 2255 ct
1005 2193 1104 2255 lanae
1128 2196 1207 2276 plus

58 2303 189 2363 icrunt
212 2312 246 2362 et
269 2320 375 2380 agnos
402 2299 544 2381 plures]
576 2303 715 2376 Malaent
738 2299 898 2361 Iucundos.
935 2305 988 2376 qni
1014 2305 1119 2362 melias
1146 2302 1205 2362 etli-

57 2412 161 2470 tiones
180 2410 409 2489 autiquissimae,
428 2413 533 2470 meliors
551 2413 607 2484 qni
620 2407 753 2489 Ursinus,
772 2407 850 2487 quod
866 2406 1064 2469 Scbucidcrus
1084 2411 1205 2488 recepit.

57 2520 119 2594 qui
151 2523 185 2576 at
210 2519 314 2577 melius
342 2534 377 2576 cx
410 2515 512 2576 codice
543 2513 691 2576 Victorius
725 2516 910 2595 restituerat,
943 2513 1021 2594 quod
1055 2515 1205 2577 Gesnerus

57 2626 150 2704 quasi
180 2623 350 2683 sollemnem
382 2621 537 2683 formulam
571 2617 638 2701 ‘qui
667 2622 778 2682 iaciunt
809 2629 842 2682 ut
871 2630 917 2682 est
945 2617 1067 2683 melius'
1100 2642 1204 2702 parum

57 2742 132 2811 apte
156 2733 367 2809 interpretatus
391 2738 444 2789 est.
490 2731 588 2809 itaque
607 2733 661 2809 qai
683 2732 717 2790 id
738 2731 843 2789 melius
864 2729 979 2810 scripsi,
1002 2728 1030 2789 b.
1051 2747 1075 2790 e.
1100 2733 1150 2809 qui
1175 2730 1203 2790 id

58 2837 171 2899 melius
195 2839 313 2898 iaciunt.
359 2835 437 2896 idem
465 2839 649 2915 pronominis
678 2839 711 2897 ia
737 2853 809 2896 usus
833 2843 879 2896 est
909 2838 940 2896 in
963 2835 1088 2897 formula
1112 2846 1140 2898 et
1164 2842 1203 2912 iti,

58 2963 140 3026 quac
169 2963 227 3004 non
255 2942 352 3004 addito
383 2941 473 3003 verbo
502 2946 624 3023 ponitur
646 2943 659 3003 l
681 2940 749 3024 l,3
777 2950 807 3003 et
834 2945 868 3002 ia
894 2946 983 3003 etiam
1012 2947 1203 3018 lanatissiun's

58 3071 183 3129 quoqne
204 3051 380 3121 bominibus,
409 3046 493 3130 13,5
517 3059 545 3111 et
569 3053 602 3111 ia
624 3052 662 3111 ab
682 3069 769 3123 area,
797 3046 845 3127 16,
860 3045 881 3108 5
899 3067 996 3124 neque
1015 3053 1048 3109 iti
1064 3053 1203 3111 crebrius

58 3175 155 3235 quam
177 3176 252 3234 opas
272 3165 328 3231 est,
353 3156 378 3216 ll
400 3156 427 3236 1,
442 3153 485 3218 20
508 3165 537 3218 et
561 3159 594 3217 ia
615 3174 673 3231 qao
697 3164 840 3232 tempore,
871 3151 959 3234 9,16
982 3164 1011 3215 et
1035 3158 1068 3215 id
1088 3174 1203 3217 marom

58 3274 92 3329 et
113 3264 269 3341 seminam,
300 3261 389 3344 10,4
413 3272 442 3324 et
466 3266 499 3323 ia
524 3265 577 3323 abi
598 3266 744 3339 oportuit,
772 3280 839 3322 cum
873 3260 962 3320 verbo
986 3260 1011 3319 ll
1030 3259 1094 3342 8,4
1118 3271 1146 3322 et
1171 3267 1204 3325 id

59 3380 136 3434 onte
158 3375 358 3433 admissuram
382 3378 410 3431 et
431 3373 549 3445 turaias
567 3373 705 3444 facimus.
725 3403 768 3412 -
789 3368 894 3429 deiude
914 3385 1008 3443 uanos
1023 3370 1201 3443 pinaatores

59 3478 155 3541 scribi
180 3477 269 3538 voluit
293 3477 417 3538 Ursinus
441 3476 554 3536 collatis
575 3479 742 3556 praeceptis
766 3477 997 3556 geoponicornm
1022 3472 1199 3554 xvt113,9

59 3581 158 3667 μέχρι
182 3577 219 3645 δὲ
241 3580 357 3664 μηνῶν
385 3575 447 3644 δύο
471 3573 534 3643 οὐκ
565 3575 744 3664 ἆμελκτέον
772 3579 833 3644 τοῦ
861 3575 1036 3662 γάλακτος·
1063 3575 1201 3643 κάλλιον

58 3686 100 3754 δὲ
125 3686 347 3771 ripariarum,
371 3681 627 3771 εὐτραφέστατοι
650 3681 714 3771 γὰρ
738 3689 870 3752 ἔσονται
896 3686 930 3750 ol
952 3680 1059 3771 ἄρνες.

153 3799 199 3858 Nc
223 3797 306 3877 quid
335 3797 473 3858 laboret
501 3796 710 3875 curandum]
739 3798 893 3859 Laborem
920 3799 950 3855 in
978 3799 1111 3877 principe
1140 3799 1198 3857 etli-

57 3910 144 3968 tiouc
173 3905 332 3965 Politiauus
365 3923 423 3965 non
457 3907 598 3986 correxit,
631 3907 748 3966 laboret
779 3903 871 3964 codex
908 3901 1109 3983 Florentinns,
1147 3904 1198 3964 sed

55 4015 180 4075 laboret
199 4013 308 4090 reliqua
328 4011 503 4092 apographa.
539 4015 677 4074 laborent
696 4020 726 4071 et
743 4010 848 4071 deittde
869 4012 1045 4070 desiderant
1064 4027 1098 4068 ex
1119 4011 1197 4088 priu-

56 4123 128 4200 cipe
152 4119 278 4180 editione
303 4129 456 4198 inceptum
481 4127 552 4178 erat.

155 4223 194 4288 18
224 4224 381 4302 Atticae]
410 4220 459 4285 ‘lu
483 4225 700 4306 antiquioribus
729 4226 844 4286 cunctis
868 4227 988 4285 Atticae
1016 4225 1198 4284 invenimus:

55 4337 92 4396 iu
126 4332 225 4412 nullis,
261 4342 292 4392 ut
324 4341 408 4393 antea
437 4334 467 4392 iu
501 4335 619 4393 excusis
651 4332 818 4414 legebatur,
852 4324 1013 4392 Altinates'
1043 4328 1198 4393 Victorius.

55 4440 228 4503 antiatioac
251 4437 371 4520 Merula,
394 4443 538 4502 altinates
560 4438 719 4501 iucundus.
