2874 4994
141 330 184 396 66
292 410 293 414 ¹
482 339 673 394 COMMENT.
692 338 732 392 IN
750 337 938 392 VARRONIS

141 493 264 556 Merula.
296 504 427 556 veterem
446 492 604 556 lectionem
622 492 763 574 Angelius
786 493 926 554 restituit.
964 489 1165 553 Schneiderua
1180 499 1256 554 tanen

141 619 232 680 pravo
261 601 371 662 iudicio
394 598 523 662 Merulae
552 600 756 682 supplementa
780 599 916 680 probavit
943 608 973 660 et
1000 601 1031 660 iu
1060 597 1141 659 buuc
1162 597 1257 661 modun

142 709 273 791 rellnxit,
296 712 361 770 sine
385 716 505 782 aratro,
535 715 597 768 tam
619 727 654 770 eo
678 711 737 770 leui
757 710 848 768 simul
871 709 968 782 pracli
986 704 1124 782 faciant,
1145 712 1177 766 nt
1192 709 1266 783 prin—

142 819 222 893 cipio
242 848 282 859 -
299 819 479 894 procedam.

231 921 252 985 3
280 922 552 984 consuetudine
567 921 827 984 celeberrimae
846 921 886 982 ad
905 919 1107 982 utilitatem
1126 917 1278 996 adducit]

149 1031 352 1092 Celeberrima
381 1029 506 1110 Merula,
534 1032 730 1091 celeberrime
757 1028 909 1108 Angelius,
938 1029 1103 1089 celerrima
1129 1024 1288 1105 Victorius,

142 1139 302 1198 celerrime
326 1136 535 1199 Scbueiderus.
577 1139 776 1198 celeberrima
805 1155 840 1197 er
863 1136 998 1215 principe
1024 1133 1153 1195 editione
1175 1135 1290 1212 recepi.

143 1262 211 1304 nam
234 1253 357 1324 propter
381 1243 582 1305 celebritatem
606 1244 739 1305 locorum
763 1245 827 1323 ipsa
850 1240 1052 1323 cousuetudo,
1074 1258 1151 1321 quae
1171 1240 1199 1300 iu
1216 1237 1287 1300 llis

142 1349 216 1412 locis
240 1353 314 1413 lacta
338 1360 392 1433 est,
416 1349 541 1411 celebris
565 1350 683 1412 dicitur.

233 1459 394 1520 Alternis
417 1456 478 1536 iit]
510 1461 641 1519 Alternis
668 1457 713 1518 vel
737 1461 866 1521 alterius
890 1460 927 1532 fit
954 1455 1082 1536 plurima
1111 1453 1279 1534 apographa,

144 1568 272 1627 alternis
294 1569 333 1626 sit
356 1565 446 1626 editio
470 1567 649 1645 princepsa
676 1564 820 1626 Politiano
843 1583 903 1625 uon
927 1571 1071 1645 correcta,
1099 1563 1217 1623 alterio
1232 1561 1283 1620 ait

143 1673 234 1732 codex
261 1672 457 1733 l‘lorentinus.

231 1777 253 1839 4
286 1777 351 1839 Ubi
383 1787 479 1840 terra
512 1779 605 1840 leuis
639 1789 676 1842 ut
707 1783 743 1841 iu
777 1780 958 1859 campania
991 1774 1041 1839 ibi
1075 1793 1143 1836 non
1170 1773 1273 1836 bubus

143 1885 320 1964 grauibus
348 1885 409 1947 sed
438 1888 562 1946 uaccis
592 1895 652 1948 aut
678 1889 794 1948 asinis
822 1886 913 1966 quod
942 1893 1044 1945 arant
1072 1901 1112 1943 eo
1141 1881 1273 1943 lacilius

142 1993 183 2052 ad
216 2000 376 2053 aratrum
408 1992 488 2054 lene
516 1993 644 2055 adduci
672 2002 823 2073 possunt
853 1991 894 2052 ad
923 1989 1033 2051 molas
1061 2000 1097 2050 et
1124 1989 1164 2050 ad
1191 2007 1223 2049 ea
1245 1989 1272 2047 si

143 2116 231 2178 quae
264 2108 348 2160 sunt
376 2117 463 2179 quae
491 2102 527 2161 iu
555 2101 663 2161 fraudo
692 2096 964 2176 conuebuntur]
1001 2097 1111 2158 Vaccis
1137 2097 1274 2158 clusinis

145 2207 237 2267 editio
256 2209 396 2286 princeps
416 2226 431 2267 a
456 2206 600 2268 Politiano
620 2226 679 2268 non
699 2217 833 2268 correcta
852 2213 883 2266 et
901 2204 995 2266 codex
1014 2202 1170 2283 Caeseuas,
1183 2203 1274 2263 naccis

143 2322 197 2374 arvi
221 2317 316 2374 asinis
340 2313 454 2394 reliqui.
491 2316 546 2375 nbi
567 2321 653 2375 terra
677 2318 762 2395 levia,
792 2316 836 2374 ibi
856 2330 917 2374 non
941 2313 1038 2373 babae
1063 2311 1271 2386 problemati

142 2424 174 2480 in
207 2422 373 2497 Campania
406 2422 534 2482 coniecit
570 2421 729 2484 Gesnerus,
771 2418 915 2481 librorum
949 2419 1129 2498 scripturam
1158 2413 1274 2476 delenda

144 2526 345 2588 Schneiderus
369 2527 483 2588 collatis
507 2530 543 2588 ils
562 2546 637 2607 qnae
661 2527 697 2588 de
717 2535 797 2589 terra
817 2527 993 2608 Campanica
1015 2523 1198 2585 rettulerunt
1215 2521 1273 2582 Cato

143 2652 168 2694 c.
194 2630 258 2695 135
292 2642 402 2694 aratra
431 2639 462 2695 in
490 2643 606 2695 terram
639 2638 770 2696 validam
799 2636 969 2696 Romanica
1003 2634 1082 2694 bona
1115 2638 1217 2704 munt,
1250 2630 1275 2687 in

145 2747 262 2800 terram
287 2744 403 2816 pallam
436 2742 620 2818 Campaniae
648 2751 679 2804 et
702 2740 862 2803 Columella
886 2737 1044 2822 1110,18
1069 2745 1165 2816 patre
1186 2739 1275 2807 solum,

143 2848 226 2921 paca
257 2846 405 2922 Campani
426 2851 542 2924 pallum
571 2856 689 2911 vocant,
725 2848 762 2910 de
789 2847 888 2908 bubus
916 2846 1072 2927 Campanis
1100 2844 1177 2923 apud
1201 2841 1282 2904 Colu-

145 2952 261 3014 mellam
285 2952 322 3012 Vl
345 2951 412 3034 1,1
444 2955 554 3032 scripta
583 2963 653 3015 sum
680 2954 766 3035 baec,
803 2955 970 3030 Campania
994 2956 1176 3029 pleramque
1201 2953 1289 3011 boiam

140 3068 329 3136 propeneral
348 3063 432 3122 albos
456 3069 485 3122 et
508 3065 615 3139 ceilae,
643 3063 744 3121 labori
766 3067 865 3121 lamen
890 3068 918 3120 et
942 3063 1085 3120 culturae
1109 3061 1209 3135 patrii
1229 3055 1302 3117 eol?

143 3184 202 3228 non
232 3169 393 3245 inhabiles,
427 3167 463 3228 de
497 3166 636 3227 facilitate
667 3166 800 3237 culturae
830 3162 947 3245 v4,3
979 3166 1148 3242 Campania
1170 3195 1206 3206 -
1225 3179 1290 3223 nom

143 3276 240 3334 ulitur
272 3275 331 3335 bae
360 3278 511 3335 molitione
543 3281 659 3355 terrae,
691 3277 764 3348 pavia
795 3273 933 3348 facilitas
958 3276 1023 3332 aas
1054 3274 1113 3333 soli
1145 3273 1297 3331 minorent

143 3397 267 3457 operam
300 3383 464 3442 desiderat,
487 3415 529 3422 —
554 3383 649 3441 babae
679 3383 851 3456 prandibns
884 3380 1011 3439 coniecit
1040 3376 1180 3459 Ursinus,
1210 3374 1297 3436 idean

144 3495 241 3548 tamen
269 3488 417 3561 praeibas
445 3486 563 3548 delendi
591 3505 679 3566 posse
707 3487 857 3547 adnotavit
884 3486 1018 3565 exemplo
1042 3483 1185 3546 Varronis
1210 3480 1284 3563 apud

146 3593 275 3654 Nonium
299 3610 327 3670 p.
346 3590 426 3672 314,
445 3590 487 3654 28
523 3595 621 3654 Varro
652 3596 943 3655 Geronlodidascalo
977 3594 1031 3653 abi
1056 3610 1172 3668 praees
1198 3607 1289 3668 poro

145 3718 216 3759 nam
248 3703 373 3759 alantur
401 3707 492 3775 atpae
515 3708 687 3777 pascantur
712 3718 832 3775 praees.
874 3717 998 3760 acumen
1026 3701 1172 3761 orationis
1200 3698 1285 3758 Varro

145 3806 325 3883 quaesivisse
359 3805 475 3867 videtur
508 3806 624 3867 duobus
657 3807 809 3867 adiectivis
842 3809 915 3868 lenis
947 3816 977 3866 et
1007 3809 1116 3882 prauis
1150 3809 1227 3867 inter
1252 3822 1279 3863 se

145 3912 297 3990 oppositis.
336 3914 366 3973 in
395 3913 518 3992 reliquis
547 3916 722 3975 seutentiam
751 3913 911 3974 verborum
942 3913 1148 3974 Schneiderus
1175 3920 1281 3993 pertur-

145 4018 232 4098 bavit,
256 4037 324 4079 cum
348 4019 420 4079 baec
444 4022 483 4080 ita
508 4020 618 4099 ederet,
648 4039 681 4082 eo
702 4019 830 4096 facilins
853 4023 896 4080 ad
918 4028 1060 4081 aratrum
1090 4024 1156 4082 leae
1177 4019 1296 4081 adduci

139 4134 275 4203 possiam.
313 4127 356 4184 ad
377 4130 471 4186 molas
494 4134 523 4187 al
546 4129 589 4186 ad
610 4145 656 4205 ea,
679 4130 707 4186 si
728 4145 808 4200 anae
830 4134 909 4200 saal,
937 4144 1017 4201 quae
1040 4129 1072 4187 in
1093 4125 1194 4202 sande
1220 4143 1282 4187 con·

144 4234 304 4306 vehuntur,
327 4225 377 4308 [in
402 4249 463 4305 qun
486 4228 540 4310 re]
564 4236 620 4292 alii
642 4235 750 4312 asellis,
775 4235 831 4292 alii
852 4236 956 4293 vaccis
979 4250 1018 4294 ae
1041 4236 1133 4294 mulia
1155 4239 1283 4294 utuntur.

146 4352 213 4394 nam
232 4351 300 4394 cum
320 4337 375 4394 tria
395 4338 465 4417 sint,
484 4337 519 4396 ad
539 4355 614 4415 quae
634 4336 768 4397 adbiberi
788 4339 904 4397 iuvenci
919 4346 1053 4417 possunt,
1069 4338 1134 4399 leve
1152 4350 1284 4417 amuum,

146 4437 249 4518 molae,
273 4456 306 4498 ea
330 4458 405 4518 quae
429 4444 459 4500 iu
485 4441 575 4501 luudo
600 4442 816 4525 convehuntur,
840 4461 907 4503 ctam
931 4446 1032 4522 priore
1056 4461 1184 4526 genere,
1211 4441 1282 4523 quod
