2874 4994
152 318 215 384 126
511 326 703 383 counitur.
721 328 762 381 IN
781 327 939 384 CATONIS

150 484 217 543 nori
236 483 341 562 eapitis
361 484 478 543 initium
499 501 567 543 eum
587 502 640 544 sua
660 485 855 562 inscriptione
877 484 956 564 lecit,
986 482 1024 545 tle
1042 484 1197 545 odoratum
1211 484 1279 547 iae

149 593 212 650 siet.
237 590 243 667 Ι
273 590 309 651 lli
331 593 491 651 adoratum
520 591 595 650 berre
618 594 688 665 siet,
717 594 762 651 sic
786 589 893 666 facita.
938 594 1049 653 sumito
1078 596 1182 653 testam
1203 594 1278 669 pica-

150 705 211 757 tam
230 716 293 777 sqq.
334 696 596 758 Commelinianmn
616 697 777 758 editionem
798 698 906 777 reliqui
925 698 1056 760 editores
1076 706 1284 779 expressemuk

150 803 351 866 Selrneiderus
377 813 473 865 tamen
499 814 579 865 recto
601 807 716 866 rnonuit
735 804 808 865 haee
827 824 945 886 quoque
965 806 1002 867 de
1021 809 1090 867 rino
1108 804 1168 867 Cau
1183 806 1280 885 mrlptn

149 920 178 972 et
202 930 269 973 cnm
294 914 449 991 superiore
473 914 570 992 eapite
594 911 758 991 copulanda
782 930 857 974 esse.

238 1019 283 1078 lte
308 1018 386 1080 lacu
410 1037 510 1098 quam
539 1022 688 1099 primum
718 1021 840 1081 vinum
863 1021 897 1079 in
922 1019 1020 1082 dolia
1044 1021 1161 1083 indito
1183 1022 1270 1083 sinito

149 1125 225 1186 dies
250 1124 300 1184 XV
329 1136 453 1205 operta
481 1135 670 1206 antequam
698 1126 839 1187 oblinas
870 1126 1070 1209 relinquito
1094 1148 1162 1211 qua
1183 1130 1267 1189 inter·

148 1236 266 1312 spiret
289 1236 410 1295 uinum
432 1243 557 1313 postea
581 1233 750 1313 oblinito]
782 1236 888 1296 Vinum
907 1243 975 1316 post
994 1240 1171 1315 interspiret
1188 1236 1266 1297 rium

149 1341 418 1421 exsuperioribus,
443 1342 620 1421 dividetur,
644 1344 803 1421 repetitum
824 1351 878 1403 est.
912 1344 968 1405 hoe
988 1344 1086 1405 deleto
1105 1342 1268 1417 scribendum

150 1458 214 1509 erat
238 1453 400 1527 relinquito
424 1469 484 1525 qua
509 1453 692 1527 interspiret,
712 1459 820 1527 posteo
843 1452 974 1513 oblinito.
1004 1470 1071 1512 nam
1095 1454 1269 1529 interspirare

144 1556 180 1616 de
206 1559 272 1617 rino
297 1558 356 1618 dici
381 1575 439 1618 non
463 1566 594 1637 poterat,
623 1557 673 1617 sed
702 1576 760 1618 non
785 1558 884 1618 addito
909 1562 1027 1620 nominc
1051 1561 1166 1620 dictum
1188 1558 1268 1619 estdc

143 1667 237 1742 spatio
266 1667 296 1725 in
325 1663 411 1725 doliis
439 1666 552 1743 opertis
581 1664 616 1724 ad
647 1648 819 1744 spirarulnm
848 1666 967 1747 relicto,
1000 1675 1030 1728 et
1064 1668 1109 1727 sic
1138 1668 1169 1727 in
1191 1664 1270 1725 eaden

145 1771 269 1832 termula
294 1775 438 1851 scriptum
464 1779 510 1831 est
529 1789 619 1850 supru
641 1770 712 1853 112,
732 1770 752 1832 2
772 1777 947 1850 operculum
967 1777 1113 1855 inpunita,
1132 1776 1270 1849 relinquito

143 1898 204 1953 qua
224 1884 408 1958 interspirct,
432 1879 470 1939 it.
491 1877 511 1941 3
531 1884 674 1956 operculo
694 1884 818 1957 aperito,
843 1885 1006 1957 relinquito
1025 1900 1088 1957 qua
1109 1882 1269 1958 interspiret.

231 1986 252 2049 2
284 1987 327 2048 Et
359 2006 401 2048 ne
434 1986 513 2067 plus
547 1988 827 2067 quadriennium
859 1991 894 2048 in
927 1988 1003 2050 sole
1037 1990 1176 2050 sineris
1210 1994 1270 2067 post

142 2096 419 2175 quadriennium
452 2097 487 2155 in
520 2114 672 2156 cuneum
702 2097 909 2174 componito
938 2104 972 2157 et
1004 2094 1155 2175 instipa]
1184 2096 1220 2155 Et
1243 2110 1270 2153 ru

141 2207 210 2279 ptus
229 2206 426 2278 quatriduum
446 2208 477 2264 in
496 2208 557 2265 sole
575 2207 691 2264 siveris.
722 2210 791 2280 past
810 2207 1008 2278 quatriduum
1028 2207 1059 2264 in
1080 2207 1197 2265 culeum
1209 2218 1270 2263 rou·

139 2315 245 2388 ponito
273 2319 303 2372 et
329 2315 360 2372 in
388 2331 465 2389 sapa
488 2311 614 2392 Merula,
643 2311 693 2372 ulii
723 2315 890 2388 componito
920 2320 949 2371 et
974 2314 1119 2389 instipato
1142 2309 1219 2372 dedit
1237 2306 1270 2367 lu·

142 2418 265 2480 candus
318 2422 517 2495 quatriduum
550 2419 618 2479 iude
652 2439 668 2478 u
701 2420 836 2497 principe
870 2417 999 2479 editione
1032 2426 1188 2497 receptum
1216 2422 1274 2493 erat,

142 2529 378 2601 quadriennium
408 2526 479 2605 legit
502 2525 616 2587 Plinius
642 2525 704 2586 lllll
725 2523 776 2606 79,
806 2545 863 2588 nec
891 2545 949 2588 reon
981 2528 1067 2603 upud
1093 2544 1149 2587 nos
1174 2540 1279 2601 quoquc

146 2635 236 2693 (larun
272 2638 371 2693 uinum
405 2654 444 2693 uc
474 2637 582 2696 Italico
611 2634 753 2710 [uniendi
780 2638 929 2695 rationem
962 2635 1035 2705 Cato
1066 2632 1283 2701 demonstrarit,

143 2758 236 2815 super
264 2749 368 2801 cetera
396 2745 427 2801 in
450 2746 512 2801 sole
535 2744 739 2815 quadriennio
762 2745 980 2802 meliorandum
1003 2744 1206 2818 praecipiens.
1243 2738 1289 2797 si-

142 2845 252 2905 militer
284 2847 319 2905 de
355 2849 420 2906 rino
452 2866 558 2926 graeco
586 2850 731 2927 scriptum
761 2858 806 2909 est
838 2845 913 2929 105,
939 2847 959 2910 2
989 2850 1145 2910 biennium
1168 2850 1202 2911 ‚in
1224 2848 1308 2907 solt!

140 2957 231 3012 sinito
251 2957 383 3030 positum
407 2974 479 3030 esse,
505 2954 555 3015 nlri
579 2958 649 3015 item
674 2959 797 3016 dicturam
821 2955 975 3015 substituit
995 2955 1162 3015 Pontedera
1186 2966 1301 3033 parurn

142 3060 335 3121 considerate.
383 3080 449 3122 nam
474 3060 583 3142 quibus
609 3062 773 3122 rationibus
802 3065 830 3122 in
864 3062 919 3121 lroc
943 3079 1053 3139 genere
1077 3062 1139 3120 riui
1160 3056 1313 3139 parandi»

142 3166 265 3228 llomani
289 3171 335 3230 usi
359 3172 428 3252 sint,
455 3173 614 3232 nescimus
655 3170 761 3230 deinde
785 3170 821 3229 de
845 3172 969 3230 veritate
993 3170 1161 3247 scripturae
1183 3171 1212 3229 in
1231 3184 1315 3227 cu·-

141 3294 230 3335 neum
254 3282 422 3355 componito
442 3262 638 3338 dulrita'ndmn
659 3297 716 3337 rron
736 3286 808 3338 erat.
846 3296 983 3357 eraricum,
1006 3295 1061 3355 pro
1082 3294 1142 3355 quo
1162 3278 1316 3337 culleum

141 3381 271 3444 editores
299 3384 534 3466 substituerunt,
565 3384 697 3445 defendit
721 3383 869 3445 llenricus
894 3382 1011 3444 liressel
1035 3382 1185 3445 Bulletino
1212 3378 1316 3443 tetta-

141 3494 347 3552 commissione
382 3490 584 3569 archeologlea
612 3492 796 3552 commmmlc
828 3491 857 3551 di
886 3491 978 3551 lloma
1012 3510 1036 3549 r.
1065 3489 1115 3551 Vll
1149 3510 1174 3552 a.
1203 3484 1316 3551 miv

141 3618 168 3677 p.
188 3595 227 3658 71
254 3617 289 3657 ex
314 3600 508 3677 inscriptione
533 3598 641 3658 ibidem
666 3598 743 3658 edita
764 3618 814 3675 pr.
838 3600 906 3658 idrus
926 3599 1108 3659 ll‘ouernbres
1131 3602 1229 3660 einum
1248 3599 1311 3657 na

140 3723 269 3765 eraricum
303 3705 445 3781 amsurac
480 3707 754 3767 cantantium<
803 3724 917 3766 cuneus
950 3707 1029 3766 enim
1063 3712 1110 3765 est
1143 3704 1223 3767 locus
1250 3704 1316 3762 iij

141 3812 214 3872 cella
245 3813 369 3893 vinaria,
398 3812 433 3872 ad
463 3812 685 3873 similitudinem
715 3832 878 3874 cuneorum
907 3814 937 3873 in
966 3812 1083 3873 tlreatro
1117 3813 1223 3894 laetus,
1250 3811 1306 3870 itt

141 3938 229 3999 quem
249 3919 407 4000 arrrpliorae
426 3930 653 3999 oumpammtur.
683 3924 839 3981 incedam
859 3923 1026 3997 componito
1045 3919 1117 3981 olim
1137 3920 1305 3981 Gesneru3

140 4029 316 4088 coniecerat.
354 4028 483 4107 denique
508 4031 649 4105 instipato
672 4045 726 4106 pro
751 4032 862 4105 inslipa
883 4036 964 4088 recte
984 4026 1108 4088 dederat
1127 4026 1292 4090 lucendus.

140 4136 239 4212 itaque
264 4134 454 4195 scribendum
479 4144 542 4194 erat
563 4144 632 4210 post
654 4138 888 4210 quadriennium
914 4139 943 4195 ia
968 4154 1100 4196 crtrteum
1128 4137 1294 4214 conpendi?

140 4249 169 4300 ct
194 4244 344 4315 instiputo.

229 4348 323 4405 dxlv
354 4346 367 4406 l
401 4347 540 4408 veratri
569 4348 713 4409 radices
741 4348 955 4409 contundite
983 4351 1018 4409 in
1046 4349 1119 4430 pila
1150 4368 1208 4411 eas
1229 4366 1284 4409 ra·

141 4453 239 4513 dices
272 4454 353 4513 datto
386 4458 521 4516 circum
556 4456 665 4516 uitem
698 4464 732 4516 et
760 4465 903 4517 stereus
932 4466 1038 4517 uetus
1066 4466 1102 4519 et
1129 4459 1276 4520 cinerem
