2874 4994
338 113 471 170 RERVM
489 114 729 170 nvsrtcnuvm
747 115 815 171 LIB.
835 116 873 170 lIl
896 116 934 172 16
1145 109 1209 174 297

152 269 236 332 Cum
260 289 275 331 a
303 269 460 331 miliario
492 287 568 332 cum
597 269 630 331 id
659 270 792 330 iecisse
825 279 908 331 snnt
940 272 1212 334 animaduersae

37 377 233 440 iaciuudo
265 380 301 439 iu
329 396 387 438 eas
415 378 566 456 puluere
594 386 630 438 et
660 378 991 438 circumtinniendo
1022 396 1103 439 aere
1133 399 1212 459 per·

42 486 220 571 territae
244 476 463 564 quo'uolunt
486 484 688 565 perducere
712 502 781 545 uon
805 484 908 563 longe
940 484 1021 547 lude
1046 485 1213 548 oblinunt

41 590 241 670 erithace]
273 593 346 654 Cum
369 610 389 654 a
411 595 544 654 miliario
568 610 636 654 carn
660 595 694 653 iat
724 592 907 674 apographa,
931 611 999 655 enm
1026 611 1046 653 a
1075 598 1212 656 mellaria

49 701 95 760 id
119 700 153 759 iu
177 700 312 779 principe
334 699 464 760 editione
488 698 651 760 politianus
675 717 733 760 non
758 703 896 761 correxit.
939 718 1007 761 cam
1031 719 1051 760 a
1073 704 1211 762 mellaria

47 808 94 868 id
109 805 225 882 secisse
237 813 309 868 sant
326 810 567 883 animadversae,
582 810 726 868 iaciendo
746 811 777 869 in
795 826 847 868 eas
858 811 1014 885 pulverem
1033 814 1063 867 et
1081 810 1212 869 circam-

48 915 224 977 timmr‘emda
242 932 317 975 aere
331 918 517 991 perterritas
535 933 594 989 aaa
613 917 742 976 voluerit
755 917 907 991 perducet
926 912 1037 974 Merula
1058 922 1087 974 et
1106 914 1212 975 deiude
1293 987 1296 992 ,

55 1019 175 1100 reliqui
198 1019 337 1081 editores.
374 1039 434 1082 nan
458 1025 546 1096 lanpe
569 1024 640 1081 inde
662 1038 780 1082 ramam
802 1025 850 1083 ael
870 1024 946 1097 qaid
967 1024 1055 1081 alirrd
1076 1023 1214 1083 oblinunt

54 1128 203 1190 erithace
225 1126 387 1209 locandus,
410 1128 489 1207 quod
514 1126 715 1190 Schneiderus
738 1130 861 1209 recepit.
903 1127 1000 1188 deleto
1024 1130 1123 1206 priore
1147 1127 1212 1189 loco

57 1252 134 1296 cam
158 1236 265 1314 scripsi
297 1253 317 1296 a
344 1239 481 1297 mellaria
509 1253 578 1297 cam
607 1238 639 1296 id
665 1234 776 1311 secisse
805 1243 875 1296 eant
905 1237 1153 1306 animadversam
1182 1237 1213 1295 in

61 1340 192 1420 reliquis
213 1340 373 1402 lectionem
396 1342 549 1422 archetypi
576 1344 702 1403 restitui.
745 1360 851 1402 cuma
876 1340 1007 1402 mellaria
1031 1341 1212 1401 animadver-

63 1465 133 1509 sum
157 1458 203 1509 est
225 1466 297 1528 apes
320 1467 355 1509 ex
379 1448 451 1510 alvis
475 1451 586 1529 exisse,
610 1457 766 1529 postquam
795 1466 846 1510 eae
874 1447 996 1528 pulvere
1024 1448 1159 1509 iaciendo
1183 1456 1213 1508 et

63 1572 133 1616 aere
157 1555 426 1616 circumtiuniendo
449 1559 625 1635 perterritae
650 1566 735 1637 sunt,
758 1574 818 1616 non
845 1554 931 1634 longe
956 1555 992 1615 ab
1016 1573 1051 1615 eo
1079 1554 1157 1636 loco,
1181 1557 1212 1615 in

64 1678 154 1741 quem
185 1679 235 1722 eas
263 1660 428 1741 perducere
458 1661 573 1743 volunt,
602 1662 739 1724 oblinunt
771 1661 862 1723 rebus
890 1661 1075 1742 quibusdam,
1104 1661 1213 1741 quibus

65 1785 136 1847 apes
169 1766 364 1829 delectantur.
410 1787 477 1829 nam
511 1771 700 1848 participium
728 1772 917 1847 perterritae
944 1767 1149 1846 neglegentius
1177 1770 1212 1830 ad

65 1875 197 1954 priorem
220 1883 334 1953 partem
354 1877 567 1937 enuntiationis
587 1875 765 1955 adplicatum
784 1883 837 1935 est.
876 1876 1013 1935 oblinunt
1031 1882 1130 1934 antem
1153 1893 1213 1935 non

66 1979 222 2041 additare
246 1999 321 2059 quae
345 1981 488 2043 oblinitur
511 2001 565 2062 per
589 2001 621 2043 se
646 1982 756 2044 dictum
781 1990 835 2041 est.

154 2085 196 2150 31
230 2087 408 2149 bdlerunt
431 2089 548 2150 aluum
573 2108 683 2169 prope
714 2088 855 2150 easdem
882 2086 1023 2148 inliciis
1052 2098 1086 2149 et
1113 2089 1212 2150 litam

66 2196 164 2256 intus
192 2203 228 2255 et
250 2213 360 2275 prope
384 2199 570 2275 appositae
599 2196 692 2257 lumo
724 2196 798 2256 leui
826 2193 1049 2256 circumdato
1080 2205 1214 2275 cogunt

68 2318 126 2362 eas
149 2300 302 2379 intrare]
327 2303 367 2364 Et
389 2306 473 2365 litam
497 2321 532 2363 er
557 2303 717 2383 archetypo
736 2301 899 2362 Politianus
923 2300 1080 2383 adnotavit,
1104 2310 1134 2364 et
1156 2307 1212 2365 ilti-

68 2416 128 2469 tam
153 2425 191 2486 m,
214 2411 315 2469 elitam
344 2409 457 2488 reliqua
481 2409 656 2489 apographa.
703 2413 808 2472 illitam
835 2442 870 2451 -
894 2408 980 2484 [amo
1003 2412 1062 2470 leri
1083 2412 1212 2470 circam-

68 2517 139 2576 dato
161 2513 284 2576 blerula.
330 2516 466 2590 afferunt
494 2521 593 2578 alvum
617 2535 715 2594 prope
743 2518 853 2578 eisdem
880 2519 981 2578 illiciis
1004 2519 1111 2577 illitam
1135 2521 1214 2577 intas

69 2629 96 2683 et
110 2639 210 2699 prope
228 2626 366 2698 apposita
382 2623 467 2700 samo
482 2627 542 2685 teat
559 2626 747 2687 circueundo
766 2630 880 2698 copaat
897 2641 949 2684 eas
969 2627 1088 2684 intrare
1106 2622 1214 2683 locuu-

69 2728 132 2791 dus.
178 2732 240 2790 leni
263 2747 298 2789 ex
322 2728 423 2791 codice
447 2728 595 2790 Victorius
626 2730 720 2804 dedit,
750 2729 863 2808 reliqna
893 2749 928 2789 ex
952 2728 1055 2790 Aldina
1084 2728 1213 2790 editione

68 2837 219 2916 repetivit;
248 2838 439 2897 circumdato
462 2835 603 2914 Angelius
631 2839 811 2894 restituerat.
854 2854 952 2911 prope
980 2834 1033 2913 bisc
1055 2837 1124 2913 poni
1154 2854 1213 2894 nou

69 2952 193 3021 poterat.
239 2940 296 3002 hoc
318 2944 350 3002 in
373 2944 472 3021 priore
500 2941 565 3001 loco
594 2939 690 3000 deleto
720 2941 827 3018 scripsi
855 2939 1002 3014 adserunt
1029 2945 1129 3001 alvum
1157 2946 1212 3002 eis·
1278 3003 1283 3012 ,

68 3051 134 3110 dem
158 3052 271 3110 inliciis
293 3052 377 3110 litam
400 3053 480 3109 latas
500 3056 529 3109 et
548 3064 645 3124 prope
669 3048 809 3122 adposita
829 3045 915 3121 [nmo
938 3050 1001 3107 leni
1013 3050 1213 3109 'circumdato

67 3137 180 3233 copam
208 3175 261 3216 eas
293 3159 421 3216 intrare.
467 3172 534 3214 nam
567 3156 682 3228 elitam,
710 3151 788 3230 quod
822 3152 986 3230 apographa
1020 3151 1143 3234 habent,
1170 3157 1212 3214 in·

70 3271 170 3323 certae
203 3261 272 3322 lidei
298 3270 358 3342 est,
387 3277 562 3340 quamquam
596 3262 684 3320 elevit
716 3277 752 3317 ex
782 3256 893 3318 Lucilio
924 3258 1072 3319 adnotavit
1100 3258 1213 3320 Nonius

73 3388 99 3446 p.
112 3366 187 3449 103,
201 3364 245 3428 24
264 3369 361 3429 Eleait
384 3371 557 3442 macularit,
572 3367 709 3428 Lucilius
728 3367 778 3425 lib.
792 3365 908 3425 XXVI
922 3369 951 3426 si
967 3368 1018 3426 bic
1042 3370 1215 3428 vestimenta

69 3479 156 3537 elevit
179 3478 241 3535 lato
265 3493 329 3553 sqq.

163 3580 295 3661 thue
328 3583 363 3641 iu
395 3600 520 3641 ironam
553 3580 728 3641 coloniam
761 3597 837 3639 cum
873 3581 1101 3640 introierunt
1138 3599 1213 3659 per-

67 3696 211 3749 manent
233 3688 319 3749 adco
344 3687 517 3764 libenter]
543 3689 579 3749 Ut
597 3691 628 3747 in
648 3703 755 3747 novam
774 3689 923 3747 coloniam
942 3703 1010 3747 cnm
1030 3689 1214 3761 introierint,

62 3804 267 3872 permaneant
290 3799 368 3860 adeo
391 3796 519 3855 libenter
543 3792 703 3872 lncundus,
723 3803 755 3852 at
778 3811 858 3868 qaae
881 3796 912 3854 in
936 3810 1043 3853 noram
1066 3797 1214 3854 coloniam

65 3920 134 3962 cum
164 3905 362 3976 introierant,
390 3908 573 3977 permanent
606 3903 683 3960 adeo
712 3900 841 3960 libenter
871 3898 1026 3960 Victorius.
1072 3918 1151 3975 perne
1178 3918 1213 3960 ex

66 4008 273 4070 emendatione
303 4006 425 4067 Victorii
459 4007 572 4086 recepi,
597 4006 648 4065 sed
678 4014 723 4079 at,
752 4003 829 4082 quod
864 4006 895 4065 in
923 4004 1082 4085 archetypo
1111 4008 1213 4067 vitiose

68 4114 203 4176 additum
227 4123 300 4196 crat,
323 4113 427 4192 deleri,
450 4131 530 4188 qnae
554 4116 583 4173 in
607 4130 715 4174 notram
739 4113 887 4173 caloniam
911 4130 974 4190 sqq.

159 4218 201 4284 32
235 4219 336 4313 Nunc
369 4223 436 4282 iam
466 4222 594 4301 quoius
622 4218 815 4280 adhibetur
844 4236 881 4277 ea
910 4236 993 4279 cura
1022 4218 1063 4279 de
1093 4221 1215 4284 lructn
