2874 4994
144 310 208 375 112
505 315 694 385 continuo.
712 315 751 370 IN
772 312 930 370 CATONIS

142 474 219 535 lntnr
247 469 294 554 18,
314 470 334 533 ‘2
359 475 435 533 inibi
456 477 614 547 lincolam,
642 468 730 552 19,2
753 474 899 546 linyulnm
923 487 991 530 cum
1011 468 1123 545 socies.
1169 468 1275 531 litterae

142 604 156 643 s
181 584 209 641 iu
233 580 392 660 archetypo
416 582 521 640 vitioso
545 579 659 640 additae
683 578 815 658 exempla
840 578 907 639 dedi
931 596 956 639 c.
975 576 1007 660 4,
1030 576 1081 639 ubi
1100 594 1213 655 operas
1228 576 1280 657 pru'

141 708 236 766 opero
259 690 402 767 scriptum
427 694 498 748 erat.
1054 694 1057 701 '

229 797 382 856 LXXXVI
404 794 532 855 Postea
557 797 591 854 in
615 793 728 854 aulam
753 793 852 853 indat
875 803 909 854 ct
932 810 1058 879 nquam
1082 810 1208 872 puram
1224 810 1276 853 co·

142 902 283 982 eatque]
315 903 435 963 {tectius
463 910 527 962 urat
554 909 583 962 et
611 920 721 976 oqrrom
747 918 860 978 purum
887 903 984 962 addat
1010 908 1176 976 coccique,
1206 900 1274 980 quud

142 1011 210 1071 oiim
235 1009 425 1071 scribendum
450 1010 576 1091 conieci,
605 1025 782 1087 quamquam
806 1010 905 1069 minus
928 1016 1066 1069 accurato
1090 1024 1205 1083 nquam
1225 1024 1274 1067 non

142 1118 242 1179 addito
267 1117 356 1178 norbo
380 1118 438 1177 dici
462 1124 578 1196 poterat
601 1118 656 1195 ita,
680 1124 713 1175 ut
737 1125 816 1175 essct
839 1111 953 1194 ‘postea
977 1116 1112 1176 triticum
1136 1116 1168 1175 in
1190 1112 1272 1174 uului

141 1227 223 1286 indat
247 1233 277 1286 et
300 1244 405 1305 aquarn
429 1243 533 1304 puram
557 1223 639 1284 indat
662 1217 850 1303 cuquntquc’.

229 1332 396 1393 LXXXVII
420 1327 505 1392 Eam
529 1333 685 1409 patInnni
709 1333 743 1390 in
764 1329 838 1390 solo
857 1332 981 1409 ponito
1000 1326 1158 1408 arescot]
1180 1329 1271 1390 Pontio

141 1450 174 1501 ut
197 1450 320 1501 arescot
348 1441 425 1500 odito
454 1449 521 1499 autc
551 1436 714 1498 Victorinni
742 1436 932 1519 exemplaria,
960 1441 1066 1515 ponito
1100 1443 1223 1498 arescot
1243 1454 1268 1495 u

140 1548 301 1627 archetypo
321 1546 413 1607 edidit
428 1544 585 1606 Victorius.
609 1553 733 1605 arescat
751 1544 844 1605 dolori
865 1546 955 1606 votuit
973 1544 1120 1605 londanus
1137 1543 1268 1623 ephemrr.

141 1654 229 1715 litter.
254 1673 345 1733 germ.
367 1674 392 1714 a.
414 1651 498 1714 1882
519 1671 545 1730 p.
567 1648 661 1713 1529.
689 1670 755 1711 conr
772 1655 910 1729 notitiam
930 1656 960 1713 in
979 1656 1043 1714 sole
1057 1654 1173 1730 ponito,
1194 1653 1266 1711 sinito

140 1771 263 1823 arescat
282 1764 396 1841 scripsi,
429 1778 496 1819 nom
516 1761 634 1838 saepius
655 1761 684 1818 iu
704 1760 749 1818 his
768 1761 935 1839 praeceptis
954 1760 1147 1838 imperativus
1165 1776 1182 1817 n
1197 1756 1265 1817 tun·
1308 1814 1310 1843 =

141 1871 195 1928 riis
218 1872 344 1930 omissos
368 1886 433 1929 esse
459 1866 524 1927 ridi
562 1870 651 1926 sinito
675 1876 799 1927 arescot
822 1867 857 1926 de
881 1886 949 1928 area
973 1869 1120 1945 scripturn
1138 1873 1184 1925 cst
1200 1860 1261 1925 cti
1308 1886 1310 1959 j

141 1984 172 2036 ct
195 1976 231 2036 dc
254 1976 333 2036 lente
357 1994 382 2035 c.
405 1971 476 2036 116.

56 2082 59 2087 ’
229 2084 413 2143 LXXXVIII
438 2081 454 2143 1
480 2081 689 2159 Amphorarn
709 2080 871 2142 ‹ioirncto
891 2080 982 2142 collo
1002 2098 1126 2160 puram
1145 2079 1263 2159 inpleto

140 2209 250 2270 oquae
279 2189 402 2270 purae]
432 2192 616 2265 Ampliorom
645 2189 797 2264 defricato
825 2193 1006 2265 colluitoquc
1030 2206 1145 2265 purum
1167 2190 1263 2264 impleto

141 2318 223 2374 oquo
240 2318 323 2375 puro
349 2296 507 2357 iucundus,
545 2292 735 2374 ‘dniphornm
760 2295 892 2355 defracto
916 2294 1005 2355 collo:
1030 2293 1063 2355 ln
1087 2294 1144 2355 hoc
1167 2304 1196 2355 et
1215 2292 1263 2353 diis

141 2404 290 2465 nonnullis
319 2405 404 2485 iocis,
433 2422 508 2482 qnos
532 2402 580 2462 hic
606 2404 725 2480 rariori,
754 2402 841 2463 ddum
865 2404 1057 2481 untIquornm
1081 2401 1213 2462 codicum
1231 2418 1263 2459 se·

140 2520 228 2571 cutus
243 2508 321 2569 snin’
337 2510 493 2571 Victorius.
522 2513 631 2586 inpleto
651 2528 718 2570 curn
738 2511 873 2588 gonotiro
893 2527 963 2570 casu
983 2508 1097 2571 dIctum
1116 2500 1263 2569 estoldi

141 2636 193 2677 ors
213 2618 313 2693 soccis
338 2621 462 2692 totototo,
492 2636 559 2676 cnm
583 2616 708 2676 ablativo
732 2613 789 2698 52,
814 2615 830 2677 1
857 2619 984 2677 calicem
1011 2625 1099 2677 terro
1122 2618 1226 2693 inpleto
1242 2621 1264 2673 rt

144 2720 215 2805 133,
235 2721 255 2784 3
278 2727 438 2798 quasillum
463 2732 549 2783 terro
573 2728 691 2800 inpleto

230 2830 265 2890 ld
290 2831 512 2909 nilqnoticns
539 2833 574 2890 in
603 2831 659 2890 dic
688 2832 823 2891 cotidie
852 2829 980 2908 facito]
1013 2833 1130 2891 Cotidie
1159 2833 1190 2891 in
1209 2829 1265 2889 anti·

142 2940 337 3017 quississIniis
361 2938 541 2997 editionibus
565 2941 706 2998 omissum
731 2948 807 3017 crat,
838 2958 872 2997 ox
902 2937 1062 3017 archetypo
1086 2936 1198 2999 addidit
1218 2934 1267 2995 Vic-

142 3047 244 3124 torius,
268 3044 388 3106 inclusit
413 3044 621 3106 Schneiderus.
669 3046 793 3106 similent
823 3044 1032 3105 nbnrninntiurn
1056 3048 1088 3105 in
1112 3045 1268 3105 definitione

141 3153 283 3229 tcinporis
307 3155 403 3212 notavi
428 3150 480 3232 43,
499 3150 527 3212 2.

230 3258 318 3319 ‘oua
350 3261 483 3320 inuries
516 3262 587 3319 crit
616 3259 672 3319 nul
701 3279 842 3320 currunt
867 3259 924 3320 uei
948 3279 1074 3321 caseos
1097 3258 1155 3321 uel
1179 3258 1270 3320 salsa·

140 3375 258 3426 moritu
283 3386 350 3446 qno
374 3367 505 3427 condas
530 3386 602 3426 cuin
627 3370 774 3427 muriam
799 3371 832 3428 in
858 3366 991 3428 tubello
1011 3367 1070 3429 uel
1089 3369 1125 3428 in
1144 3370 1272 3447 potions

140 3476 174 3533 In
203 3473 278 3533 soie
308 3474 448 3553 ponito]
482 3476 527 3533 En
555 3478 668 3535 nturirs
696 3480 769 3549 crit,
797 3494 858 3551 queo
886 3479 934 3536 nel
959 3492 1086 3536 carnem
1113 3479 1164 3536 trel
1183 3490 1274 3537 roseos

141 3584 187 3640 uel
208 3584 392 3640 solsunrcnto
417 3584 542 3641 condior
563 3580 722 3661 Irrrrnidns,
745 3601 782 3642 eo
806 3586 920 3643 rnurr‘cs
939 3587 1006 3656 erit,
1031 3586 1080 3643 rel
1096 3602 1221 3645 carnem
1238 3584 1277 3643 oei

141 3705 246 3745 corros
271 3690 317 3745 nel
338 3690 521 3748 salsamento
545 3707 602 3763 (μω
627 3692 753 3749 condius
778 3688 934 3751 Victorius,
975 3708 1035 3765 quo
1059 3694 1185 3767 condus,
1208 3688 1276 3771 quod

140 3794 237 3869 ipsunt
257 3791 335 3851 irnud
354 3792 443 3853 dubio
463 3792 611 3855 Victorius
630 3795 754 3876 roiubut,
778 3814 813 3855 cx
832 3795 992 3876 archetypo
1012 3799 1144 3859 restitui.
1181 3796 1278 3859 deinde

142 3902 172 3958 in
197 3901 306 3959 lolndln
331 3903 378 3959 nel
399 3904 428 3960 io
455 3905 563 3976 porrina
588 3901 664 3961 oditn
690 3912 756 3962 untc
781 3902 944 3963 Victorino}
968 3903 1160 3986 cuonrplarin,
1191 3909 1220 3966 in
1241 3908 1280 3965 iu·

140 4007 217 4066 brello
242 4011 288 4066 nel
311 4010 340 4067 in
362 4011 486 4083 pritinos
510 4028 545 4067 cx
569 4009 670 4068 corlicc
694 4009 774 4068 dudit
799 4007 961 4089 Victorius,
990 4010 1070 4089 quod
1094 4012 1204 4093 reliqui
1226 4012 1280 4073 cdi·

141 4123 220 4171 toros
245 4116 461 4194 rupotivurunt,
490 4133 667 4193 quoinqucrn
691 4115 764 4175 hacc
788 4115 846 4176 dici
871 4135 929 4176 non
953 4134 1042 4195 posse
1066 4128 1202 4201 apparet,
1228 4120 1280 4180 nisi

140 4219 285 4276 ndirnnnr
314 4219 455 4298 nndunn,
484 4240 542 4299 qno
571 4222 746 4282 rcicrnntnr.
793 4225 892 4302 itaquo
921 4226 1086 4298 diffunditu
1117 4226 1280 4288 addendum

142 4344 207 4382 osso
236 4326 363 4404 conioci,
391 4347 428 4386 cn
456 4331 569 4387 neurius
597 4333 671 4401 erit,
699 4334 747 4389 vel
772 4348 897 4391 ror-nem
925 4336 972 4392 rel
993 4350 1101 4393 cascos
1123 4338 1175 4397 nel
1193 4338 1280 4396 sulco-

142 4439 241 4489 nrentn
269 4449 328 4504 qrto
355 4437 483 4493 condor:
516 4453 582 4494 (torn
609 4440 740 4497 nutriam
769 4441 799 4497 in
822 4440 934 4498 labello
957 4443 1005 4499 nel
1026 4442 1057 4501 in
1078 4444 1207 4517 potinus
1228 4438 1281 4516 dis-
