2874 4994
147 325 211 391 132
492 334 682 391 COMMENT.
702 335 742 389 IN
759 333 947 390 VARRONIS

146 490 232 551 modo
262 489 333 552 baec
356 492 386 550 in
410 491 569 571 archetypo
598 492 707 569 scripta
736 490 854 552 inerint.
900 489 952 550 sed
980 492 1034 551 illo
1062 491 1124 550 trio
1152 487 1309 568 compsi·

146 598 232 659 batur
256 617 312 659 usu
335 597 489 678 Varronis,
521 594 621 679 16‚2
654 616 694 657 ex
722 600 758 657 iis
786 598 885 657 tribus
911 602 1070 676 quartum,
1092 594 1145 655 ubi
1170 596 1197 653 iu
1223 589 1294 653 usti

141 704 240 783 fundo
264 709 340 767 lroec
365 710 425 767 duo
448 713 503 766 ocri
525 708 587 765 tria
617 713 698 778 sunt,
733 700 801 786 i,4
832 722 909 779 quas
936 720 987 764 res
1015 704 1094 763 duas
1120 693 1280 776 sequentiis

145 817 244 875 altero
268 817 320 874 illa
344 817 417 888 duo,
441 810 531 894 23,1
558 815 610 873 illo
639 814 699 872 duo
723 814 844 888 primm
869 817 975 875 ¹contra
997 807 1011 870 l
1031 804 1101 893 r‚5
1123 808 1269 871 siccundis)i

145 923 227 996 iilud,
252 917 282 1002 9,
303 918 320 981 7
346 924 466 982 tertium
491 922 573 982 iilud.

233 1027 315 1089 Cum
350 1035 487 1108 poetam
521 1045 637 1087 sesum
671 1027 792 1086 uisere
826 1027 1057 1087 uenissemus
1088 1041 1130 1085 ne
1161 1020 1264 1083 medici

144 1133 320 1196 aduentus
345 1153 407 1195 nos
431 1131 643 1210 incedisset]
668 1132 789 1193 Aldinae
813 1132 952 1194 editionis
974 1131 1064 1193 lectio
1089 1146 1158 1192 cum
1182 1130 1264 1189 Peton

141 1241 254 1317 fessum
283 1245 380 1303 uisere
407 1246 601 1314 venissemus,
631 1244 664 1301 ni
690 1243 801 1302 medici
828 1243 973 1301 aduentus
1000 1256 1056 1300 nos
1079 1239 1272 1313 interrupisset

144 1348 230 1429 vulgo
255 1358 373 1429 recepta
402 1358 477 1428 erat,
509 1347 558 1408 uhi
584 1347 697 1423 fessum
725 1365 780 1427 pro
809 1355 929 1426 aegroto
953 1345 1066 1407 dictum
1090 1343 1280 1423 escendunt,
1332 1426 1334 1433 Ι

143 1463 177 1517 ut
201 1453 320 1532 113,1
350 1454 427 1531 sessi
453 1472 558 1534 opere,
591 1451 739 1533 11116‚8
766 1452 879 1528 sessum
910 1455 1081 1527 sublevant,
1114 1469 1283 1532 quamquem

142 1561 216 1622 baec
240 1561 356 1622 diversa
381 1579 446 1620 esse
470 1567 601 1640 apparot.
638 1559 800 1639 probabilis
824 1560 989 1621 emendatio
1014 1568 1180 1639 corruptae
1203 1561 1286 1637 scrip·

142 1679 227 1730 turae
251 1670 368 1728 inventa
393 1686 452 1728 non
477 1676 535 1748 est,
559 1666 610 1726 sed
636 1670 798 1743 inpedisset
826 1665 1016 1727 scribendum
1046 1685 1116 1727 esse
1146 1666 1221 1727 vidit
1243 1665 1291 1727 Ur·

142 1778 233 1836 sinus.
254 1783 433 1855 ipraeterea
470 1777 531 1835 nisi
566 1776 678 1835 medici
713 1776 832 1853 scripsi:
872 1776 927 1833 nisi
960 1776 1060 1853 potius
1098 1777 1156 1834 nei
1190 1775 1295 1834 medici

145 1882 336 1943 scribendum
356 1890 428 1943 erat.
461 1885 495 1942 οἱ
512 1890 631 1960 praeter
651 1880 806 1941 iormuiam
827 1877 1145 1963 adfirmand11113,9
1162 1899 1297 1958 pereum,

144 1994 177 2051 ον’
196 1993 310 2067 piscem
326 1993 435 2067 putavi
457 2008 521 2050 esse
544 1988 652 2068 iegitur
671 1986 710 2047 iil
732 1984 818 2068 1,10
840 1991 875 2049 ni
896 1991 955 2049 tuis
973 2005 1093 2063 quoque
1114 1991 1232 2049 litteris
1250 2007 1298 2049 ec·

142 2100 247 2158 ornati
266 2101 402 2175 parietes
426 2104 531 2158 essent.

232 2202 252 2264 2
286 2203 330 2263 iio
355 2206 465 2265 tertia
490 2212 593 2283 parte
619 2201 679 2263 ubi
702 2210 759 2262 est
786 2202 827 2262 de
856 2201 951 2280 arte]
980 2204 1066 2275 Quae
1088 2210 1139 2263 est
1164 2202 1301 2263 Ursinus

222 2304 281 2384 ‘¹03
303 2308 387 2390 nep]
412 2309 495 2371 Hom.
516 2310 547 2370 li.
568 2310 606 2371 Η
619 2306 689 2370 114.
709 2311 746 2370 Π
764 2306 836 2370 709.
864 2309 896 2370 Φ
917 2306 979 2372 107
1005 2301 1112 2388 ὅπερ
1138 2303 1200 2370 σέο
1225 2311 1301 2370 πολ·

144 2408 205 2478 λὸν
227 2409 382 2496 ἀμείνων.

232 2524 253 2584 C
278 2524 399 2584 lucilii
432 2523 541 2603 bipri]
579 2526 700 2584 Clucilii
723 2522 767 2582 rei
795 2527 900 2584 siusili
927 2521 1111 2602 apographa,
1141 2524 1303 2583 CLucilii

143 2629 320 2708 politianus,
344 2630 380 2690 dc
405 2649 463 2709 quo
489 2630 559 2689 suisa
589 2630 703 2690 rettulit
727 2628 891 2690 Gesnerus:
922 2648 989 2689 nam
1012 2630 1130 2690 lucilli
1158 2632 1191 2690 in
1221 2632 1298 2709 prin·

142 2738 207 2815 cipe
241 2735 371 2796 editione
406 2754 463 2795 non
503 2739 638 2814 mutarit,
669 2735 719 2794 scd
758 2738 782 2794 0
811 2735 931 2797 addidit.
977 2737 1069 2812 Hirpi
1107 2755 1144 2797 ex
1180 2733 1296 2797 ‘vetere

142 2838 261 2903 codice'
285 2842 414 2903 Ursinus
439 2845 556 2904 notarit.
594 2842 673 2903 unde
701 2844 730 2903 0.
755 2844 869 2904 Lucilii
890 2845 982 2920 Hirpi
1004 2842 1215 2904 Schneidcrus
1239 2844 1293 2903 edi·

142 2948 198 3030 dit3
226 2951 256 3009 0.
276 2950 407 3011 dccccii
426 2950 517 3008 Hirri
538 2951 567 3008 in
593 2949 832 3010 adnotationibus
855 2949 933 3009 idem
957 2950 1095 3031 coniecit,
1116 2951 1198 3011 sicut
1220 2949 1292 3030 opud

142 3054 315 3117 Ciceronem
341 3057 429 3136 epist.
454 3056 489 3116 ad
515 3055 580 3117 iam.
600 3055 663 3115 Viii
684 3054 753 3137 8,5
782 3059 810 3117 in
839 3067 960 3117 senatus
988 3055 1126 3117 consuito
1155 3055 1228 3117 oiim
1258 3075 1289 3116 οι

142 3165 314 3224 coniectura
339 3162 461 3223 Marnrtii
487 3161 650 3241 legebatur.
698 3163 748 3221 sed
780 3163 819 3223 ibi
847 3167 877 3224 in
902 3163 1033 3224 biediceo
1061 3163 1168 3223 codice
1197 3167 1289 3225 lucius

143 3272 287 3348 scriptum
308 3279 362 3349 est,
382 3271 518 3330 Lucilius
543 3269 740 3349 Nipperdeius
764 3273 793 3329 iu
815 3270 896 3330 Caes.
916 3288 944 3348 p.
961 3268 1024 3331 136
1047 3271 1198 3351 restitui13
1216 3270 1285 3330 idem

142 3374 219 3456 apud
238 3375 400 3437 Varronem
424 3379 453 3436 C.
476 3377 574 3437 lucili
593 3377 683 3436 Hirri
705 3375 896 3437 scribendum
920 3394 985 3436 esse
1010 3379 1136 3438 monuit.
1173 3387 1284 3457 praeter

141 3481 304 3544 Varronem
338 3501 440 3543 rerum
472 3501 578 3543 nomen
607 3483 728 3543 tradidit
755 3482 931 3543 Plutarchus
959 3482 1090 3563 Pompei.
1137 3502 1163 3544 c.
1183 3481 1225 3546 54
1252 3483 1282 3542 dc

142 3588 293 3650 tribunatu
314 3588 395 3648 iiirri
419 3607 444 3648 a.
466 3587 526 3649 701
556 3586 700 3670 scribens,
718 3583 774 3649 καὶ
796 3584 899 3669 λόγος
922 3582 1028 3664 εὐθὺς
1050 3584 1170 3672 ἐχώρει
1187 3581 1280 3660 πολὺς

141 3689 225 3772 ὑπὲρ
254 3687 460 3777 δικτάτορος,
488 3687 530 3755 ὃν
560 3699 688 3774 πρῶτος
717 3693 763 3770 εἰς
791 3692 893 3777 μέσον
925 3693 1109 3778 ἐξενεγκεῖν
1132 3690 1278 3779 ἐτόλμησε

142 3801 341 3873 Λουκίλλιος
371 3793 389 3861 ὁ
419 3794 587 3882 δήμαρχος
615 3807 660 3886 τῷ
691 3796 784 3887 δήμῳ
812 3808 987 3886 παραινῶν
1015 3797 1153 3867 ἑλέσθαι
1181 3795 1273 3866 dmi·

140 3928 223 3991 τορα
238 3900 424 3988 Πομπήιον.
452 3909 521 3969 inde
544 3919 574 3968 et
592 3909 788 3989 Giandorpius
807 3912 876 3972 oiim
895 3911 973 3991 apud
992 3911 1151 3974 Caesarem
1168 3912 1202 3972 de
1218 3909 1270 3970 beii.

142 4015 228 4077 cini
250 4012 290 4076 15
312 4014 389 4075 idem
413 4034 520 4075 nomcn
547 4019 679 4077 restituit
702 4024 732 4076 ct
755 4017 953 4097 Nipperdeins
976 4016 1145 4082 ib.11182.
1181 4033 1266 4080 namo

141 4122 264 4200 reliquis
289 4121 395 4181 Hirrus
419 4122 527 4181 dicitur
552 4132 581 4181 ct
604 4121 639 4181 ab
675 4125 740 4202 ipso
764 4123 895 4185 Varrone
925 4127 1034 4185 iterum
1062 4117 1265 4205 appellatorii

145 4226 194 4309 17,
210 4228 239 4307 3,
260 4226 310 4285 ubi
329 4228 454 4287 Hirrius
477 4231 505 4286 iu
526 4228 678 4288 codicibus
702 4233 847 4310 scriptum
867 4239 921 4292 ost
957 4230 994 4291 do
1014 4232 1081 4293 eius
1100 4250 1164 4293 cum
1182 4226 1261 4289 Scrofa

143 4335 269 4392 amicitia
294 4331 397 4392 scribit
416 4334 519 4393 Cicero
540 4333 577 4394 ad
597 4336 654 4396 dtt.
670 4335 721 4394 Vil
744 4335 772 4418 1,
792 4335 811 4399 8
835 4341 928 4399 redeo
952 4340 996 4398 ud
1013 4341 1150 4400 Hirrum.
1177 4350 1258 4410 coepe·

143 4456 196 4497 rus
220 4456 284 4498 erim
309 4440 383 4498 nubi
401 4444 538 4514 placare,
559 4446 689 4517 perstre:
712 4445 806 4503 bobes
826 4446 978 4526 Scrofam,
1001 4448 1097 4508 bobes
1119 4447 1217 4507 Silium
