2874 4994
381 88 511 169 audura
529 111 770 169 nvsrroruvu
793 113 861 168 ura.
881 114 893 166 1
914 111 953 170 aa
1201 105 1240 169 71

10 251 17 285 ⁷
123 271 251 343 sliprme
269 270 369 345 coepit
386 264 504 348 Popma,
523 270 665 329 donicum
682 269 834 329 siliculum
853 271 933 346 cepit
950 266 1115 328 Pontedera
1130 286 1158 346 p.
1171 265 1243 347 nl,

120 376 225 447 quaudo
252 376 352 435 miuus
378 376 529 436 siliculum
556 377 638 452 cepit
664 373 772 436 Petrus
794 374 889 435 Faber
913 383 1069 436 comment.
1095 376 1125 434 in
1149 374 1243 435 Cicer.

116 478 230 540 academ.
255 477 268 539 Ι
291 476 311 542 8
335 498 364 560 p.
384 477 449 543 275
477 481 522 541 ed.
548 479 643 543 Daris.
671 482 852 563 coniecerat,
880 490 948 562 post
975 480 1054 542 hunc
1083 480 1243 543 Salmasius

109 582 172 649 Plin
192 605 288 648 exerc.
303 606 330 666 p.
348 584 420 649 172.
456 586 512 649 hos
531 597 653 676 secutus
671 606 740 650 cum
756 592 855 650 minus
869 592 1019 651 siliculum
1033 593 1113 666 cepit
1126 590 1243 668 scripsi.

105 709 167 754 nam
196 693 232 754 de
256 692 367 774 lupinis
395 694 473 755 idem
498 695 575 775 quod
600 695 636 756 de
661 696 736 758 iabin
760 696 897 757 docuisse
921 696 1037 757 ridetur
1055 695 1156 778 Varro,
1180 707 1242 758 tum

98 817 160 862 aum
199 799 321 880 siliquas
349 804 421 863 satis
449 819 569 880 magnas
597 821 657 864 non
681 806 828 885 ceperint,
855 802 928 864 haec
957 821 1012 882 pro
1040 811 1172 863 stercore
1200 798 1243 863 in·

92 907 212 969 aranda
232 926 306 970 esse.
344 907 380 968 de
398 908 509 989 lupInis
527 908 643 971 Plinius
660 909 738 970 xvu
757 907 802 973 54
820 909 924 972 scribit
942 909 1023 990 haec,
1043 913 1123 970 iuter
1142 926 1243 971 omncs

86 1022 202 1077 autem
224 1022 343 1077 constat
361 1018 440 1077 milril
456 1035 521 1078 esse
543 1020 647 1079 utilius
670 1021 769 1096 lupini
790 1025 898 1094 sepulc,
918 1021 1099 1096 priusquam
1121 1019 1241 1091 siliqua-

17 1176 20 1181 .
83 1129 144 1196 tur,
185 1130 293 1183 aratro
316 1124 557 1185 collidentibus
579 1142 668 1186 uersa
692 1129 890 1203 manipulisve
918 1128 1058 1185 desectae
1080 1127 1167 1185 circu
1189 1141 1241 1185 ra·

10 1168 21 1315 ξ
81 1231 185 1291 dices
212 1231 359 1291 arborum
387 1247 426 1290 ac
454 1233 557 1290 uilium
585 1232 719 1304 obrutrs;
751 1232 787 1292 de
821 1230 895 1292 labis
923 1229 1146 1310 Theophrastus
1173 1229 1242 1291 hist.

10 1326 17 1413 jr
79 1334 191 1414 plant.
215 1333 278 1395 VIII
296 1331 368 1415 9,1
399 1325 478 1397 idi
505 1331 648 1417 κύαμος,
676 1328 786 1418 ὥσπερ
815 1332 951 1418 ἐλέχθη,
978 1331 1033 1398 καὶ
1061 1327 1169 1410 ἄλλως
1201 1326 1243 1398 οὐ

15 1434 18 1439 ’
76 1433 190 1524 βαρὺ
210 1436 265 1504 καὶ
284 1439 332 1503 ἔτι
351 1440 519 1522 compilatur
539 1440 633 1505 δοκεῖ
648 1435 712 1524 τὴν
730 1449 795 1525 γῆν
815 1436 871 1507 διὰ
891 1438 1058 1526 μανότητα
1073 1437 1128 1504 καὶ
1148 1436 1242 1522 adarp-

76 1548 198 1624 νέαν·
226 1540 267 1610 dc'
294 1537 312 1611 ὃ
346 1542 402 1610 καὶ
430 1546 466 1611 οἱ
495 1544 570 1630 περὶ
601 1548 818 1613 Μακεδονίαν
847 1544 902 1612 καὶ
931 1550 1128 1628 Θετταλίαν,
1161 1540 1242 1611 ὅταν

10 1656 13 1729 l
74 1645 268 1735 ἆνθώσιν,
301 1644 527 1738 ἀνατρέπουσι
558 1648 617 1731 τὰς
649 1648 811 1739 ἀρούρας,
849 1677 924 1740 quae
958 1660 1096 1739 repetivit
1127 1657 1242 1719 PlinIus

10 1756 20 1813 .'
75 1759 193 1824 XVIII
214 1759 284 1825 120.

188 1869 210 1932 4
231 1869 302 1931 Nec
326 1872 442 1932 miuus
466 1890 504 1933 ea
527 1871 811 1934 discriminanda
835 1875 871 1934 in
900 1873 1124 1935 conserendo
1153 1891 1241 1953 quae
1342 1915 1345 1922 -

10 1990 12 2011 ²
75 1978 396 2039 suntIructuosa
419 1985 569 2057 propter
601 1978 841 2059 uoluptatem]
874 1981 959 2053 Quae
985 1989 1055 2041 suut
1079 1979 1241 2056 fructuosa

10 2138 12 2145 .
76 2082 114 2143 ad
157 2086 210 2160 iis,
231 2101 312 2159 quac
331 2087 411 2158 fiunt
431 2093 558 2162 propter
582 2089 762 2163 uoluptatem
785 2085 946 2165 Iucundus,
969 2105 1049 2162 quae
1068 2094 1139 2147 suut
1153 2085 1240 2162 sruc-

77 2198 190 2252 iuosa
216 2196 344 2268 practer
374 2195 555 2270 uoluptatem
583 2192 749 2254 Pontedera
778 2212 805 2273 p.
827 2186 899 2256 118.
941 2194 997 2255 tria
1030 2210 1139 2272 genera
1172 2201 1242 2254 sunt

78 2313 203 2360 earum
228 2314 330 2358 rerum
361 2315 436 2377 quae
464 2299 493 2359 in
525 2301 589 2376 agri
617 2297 732 2360 cultura
763 2301 851 2383 irunt,
878 2302 1008 2379 primum
1035 2318 1138 2360 earum
1166 2318 1241 2380 quae

81 2403 230 2466 iunctum
258 2405 372 2484 ierunt,
404 2403 570 2465 secundum
603 2422 705 2466 earum
734 2423 808 2483 quae
835 2413 959 2485 propter
987 2405 1165 2486 voluptatem
1198 2409 1241 2469 In·

84 2510 276 2591 stituuntur,
300 2511 422 2578 tertium
446 2527 548 2570 aarum
572 2528 657 2592 quae,
681 2529 858 2591 quamquam
882 2530 980 2591 neque
1003 2513 1040 2574 ad
1059 2515 1167 2575 victum
1188 2514 1240 2575 Iro·

81 2614 212 2679 minum
240 2634 338 2699 neque
366 2615 402 2677 ad
430 2634 551 2678 sensum
580 2628 609 2678 et
637 2616 862 2680 delectationem
890 2621 1055 2702 pertinent,
1083 2629 1181 2682 tamen
1204 2623 1240 2683 ad

86 2736 204 2797 agrum
226 2724 384 2787 colendum
407 2722 496 2785 utiles
519 2735 597 2785 sunt.

190 2829 209 2895 5
242 2830 427 2893 UmbrosIs
455 2829 546 2892 locis
578 2830 648 2892 alta
682 2850 784 2892 seras
817 2843 855 2893 ut
883 2833 1036 2894 corruda
1066 2834 1159 2912 quod
1191 2836 1240 2894 ita

86 2936 191 3007 petit
222 2956 418 3017 asparagus
451 2941 574 3018 aprica
608 2946 646 2999 ut
677 2937 727 2998 ibi
760 2957 859 2999 seras
889 2938 1020 3000 niolam
1049 2951 1084 3002 et
1116 2941 1240 3003 hortos

86 3035 213 3108 lucras
233 3045 326 3128 quod
346 3063 385 3107 ea
404 3045 478 3107 sole
498 3044 750 3124 nutricantur]
771 3049 897 3124 Aprica,
916 3046 995 3126 quod
1015 3048 1045 3106 In
1065 3048 1239 3127 corrIgenda

83 3142 240 3234 principis
260 3152 399 3214 editionis
418 3152 545 3214 lectione
561 3151 724 3214 Politiauus
739 3156 888 3234 omiserat,
906 3152 1016 3215 habent
1031 3171 1119 3215 manu
1136 3157 1241 3235 scripti

10 3316 13 3343 ,
78 3243 169 3315 libri,
210 3262 361 3323 umbrosis
383 3263 458 3322 locis
481 3264 544 3321 aliu
568 3279 663 3336 seras,
687 3269 721 3322 ut
744 3265 862 3324 coruda
881 3281 941 3323 uon
960 3269 1078 3336 noceat,
1097 3265 1179 3337 quod
1196 3265 1240 3323 ita

72 3360 164 3426 reru
190 3385 375 3447 asperaqus.
412 3374 442 3429 ct
469 3371 579 3445 aprica
602 3371 764 3443 siiturus,
792 3371 846 3430 udi
871 3388 959 3431 serus
986 3371 1095 3430 uiolam
1118 3368 1240 3452 Merula,

20 3531 26 3541 .
74 3463 246 3538 umbrosis
268 3477 343 3536 locis
366 3477 429 3535 ulia
452 3493 548 3550 seras,
571 3483 605 3535 ut
628 3478 774 3551 corruda,
797 3480 879 3552 quod
897 3480 940 3536 ita
959 3479 1038 3553 petit
1058 3494 1238 3552 asperamus,

69 3569 105 3620 θ’
137 3587 292 3664 aurius,
320 3589 353 3642 ut
380 3583 425 3643 ibi
449 3600 536 3643 seras
564 3586 671 3644 violam
700 3580 865 3665 Iucundus,
899 3584 1046 3644 umbrosis
1073 3586 1147 3643 locis
1174 3587 1239 3644 alla

65 3684 189 3765 mas,
214 3698 249 3752 ut
266 3691 413 3765 corruda,
437 3692 520 3764 quod
537 3693 580 3751 ita
595 3694 672 3768 petil
691 3709 872 3768 aspernans,
892 3692 1017 3767 apricis,
1040 3696 1074 3748 ut
1093 3691 1136 3749 ibi
1152 3709 1239 3750 serus

69 3775 207 3859 ”imam
230 3796 380 3878 Angelius.
417 3798 564 3858 umbrosis
587 3803 662 3859 locis
685 3802 748 3861 alia
771 3816 870 3872 seras,
898 3805 930 3857 ul
953 3797 1131 3871 corrudam,
1159 3799 1242 3871 quod

67 3881 122 3979 ³7⁰„
154 3910 244 3976 perit
270 3923 456 3983 asperaque,
485 3913 514 3966 ct
542 3910 671 3987 apricis,
701 3914 736 3968 ut
763 3907 806 3966 ibi
831 3923 918 3966 seras
946 3906 1054 3965 niolam
1082 3904 1239 3964 clitorius

63 3983 207 4088 facias,
230 4015 313 4090 quod
334 4030 354 4073 a
377 4017 440 4074 scic
461 4016 660 4074 nutricautur
683 4012 817 4075 UrsInus.
853 4010 1011 4073 corrudam
1039 4009 1098 4070 dici
1123 4026 1237 4089 aspara-

69 4109 161 4170 gum
194 4120 359 4182 sllrestrem
384 4118 471 4180 docet
493 4116 653 4179 Columella
677 4117 716 4180 XI
736 4117 766 4200 3,
779 4116 823 4181 43
845 4121 936 4179 satiri
967 4119 1122 4194 asparapi,
1148 4134 1238 4191 quam

73 4215 265 4290 ⁰⁰²·rudum
289 4230 401 4289 rustici
421 4234 540 4304 uocant,
557 4230 682 4309 semina,
701 4228 771 4287 item
791 4224 903 4286 Plinius
924 4223 989 4285 xlx
1006 4221 1077 4306 151.
1096 4223 1149 4283 XX
1166 4221 1237 4285 110,
