2874 4994
351 109 399 163 DE
418 110 506 166 AGRI
526 111 698 167 CVL'I'VRA
719 113 859 168 LIBRVM
879 114 908 169 0.
925 115 943 171 6
1178 109 1221 173 23

69 261 199 324 ablativo
226 271 357 328 materie
379 286 403 327 o.
422 266 537 348 4‚'ubi
560 272 708 330 materiae
731 271 761 329 in
785 270 944 350 archetypo
969 271 1038 352 suit,
1066 280 1097 331 ot
1119 270 1220 353 39,1,

68 370 121 431 scd
146 378 280 434 materia
299 371 351 455 21,
370 371 391 436 5
412 384 442 435 et
462 372 534 437 lll.
576 375 712 436 similiter
734 380 847 438 maries
866 373 919 456 88,
937 374 967 457 2,
989 381 1090 438 maria
1111 375 1219 459 105,2

67 488 97 538 et
116 483 251 541 mariam
271 476 323 562 88,
339 479 368 542 2.
389 478 460 563 105,
477 482 510 544 l:
528 482 627 559 Rufri
638 487 806 544 maceriam
822 480 893 564 135,
908 482 938 563 2,
959 482 1053 559 Rufri
1066 489 1220 547 macerias

10 602 12 647 ὲ
65 584 121 666 22,
140 583 173 668 4,
197 591 352 650 macerias
377 585 427 669 15,
451 592 645 666 intemperies
671 586 743 670 141,
763 587 792 650 2.

158 692 195 753 io
233 693 300 755 hoc
336 694 437 755 modo
476 697 589 755 serito
624 693 758 774 bipalio
793 696 945 776 uortiio]
980 700 1072 759 Prius
1105 701 1218 777 bipalio

64 805 180 864 sortito
198 800 336 881 legerunt
354 801 446 862 Varro
465 821 489 863 r.
508 821 532 862 r.
553 801 563 860 Ι
583 799 635 883 24,
654 801 676 863 4
695 806 745 864 iile
763 806 860 886 adicit
879 806 917 865 ab
937 808 1040 866 eodem
1058 810 1217 883 scriptore,

62 911 93 968 si
115 912 202 970 locas
226 916 361 971 umectus
383 913 432 990 sit,
455 911 499 970 ibi
518 913 681 971 cacumina
701 914 882 988 populorum
901 914 1033 973 serendo
1053 922 1082 974 et
1100 915 1216 975 haran-

63 1016 213 1076 arueram.
264 1017 298 1076 id
323 1019 413 1092 prius
445 1018 557 1093 bipalio
589 1021 679 1092 aerii,
713 1020 757 1078 iii
785 1022 887 1079 oculos
914 1020 1099 1080 harundinis
1122 1023 1217 1097 pedes

62 1130 172 1183 ternos
194 1125 288 1182 aliam
302 1125 351 1183 ab
375 1126 436 1185 aiio
454 1128 527 1199 scri,
551 1133 581 1184 et
599 1123 714 1185 PlinIus
734 1123 797 1185 XVI
819 1122 881 1186 173
901 1128 1086 1188 harundinis
1105 1129 1217 1190 Italiae

62 1247 139 1289 asiis
168 1231 212 1289 aa
237 1233 342 1292 vineas
368 1234 508 1292 maxime.
559 1232 632 1293 Caio
659 1235 813 1293 sericam
836 1235 972 1294 inierim
995 1236 1105 1295 arnidis
1130 1239 1215 1309 caris

61 1339 180 1413 bipalio
207 1338 334 1398 sabaeio
358 1341 448 1414 prius
476 1342 551 1418 solo,
579 1342 675 1400 oculis
699 1341 851 1416 dispositis
875 1343 1032 1401 intervallo
1057 1349 1214 1402 ternorum

56 1446 184 1520 pedum,
216 1447 308 1505 simui
337 1451 366 1504 et
398 1447 578 1520 corrudam,
610 1448 692 1507 ande
725 1450 875 1522 asperari
897 1451 989 1523 finni,
1022 1451 1215 1510 concordare

60 1553 241 1625 amicitiam,
264 1553 369 1612 salicis
391 1545 529 1631 (salicem
552 1545 696 1633 editores)
719 1571 791 1614 aero
810 1557 906 1629 circa,
931 1573 992 1629 qna
1016 1558 1100 1616 anilo
1119 1574 1213 1631 oana-

59 1661 200 1719 iicarnm
222 1661 336 1719 utilior.
766 1666 773 1682 ’·

155 1762 179 1826 4
201 1763 343 1825 Vineam
367 1783 434 1844 quo
458 1767 494 1825 in
517 1783 601 1843 agro
620 1768 766 1826 conseri
784 1776 929 1846 oportet
947 1769 999 1829 sic
1018 1768 1212 1832 obseruata

61 1874 127 1952 qui
159 1872 261 1934 iocus
294 1874 377 1932 uino
411 1874 567 1950 optimus
600 1872 742 1934 dicetur
775 1893 854 1934 esse
886 1882 921 1935 et
949 1883 1116 1936 ostentus
1144 1877 1211 1939 soli

60 1981 259 2040 aminnium
282 1978 523 2040 minusculum
543 1989 577 2040 et
595 1980 774 2059 geminum
793 1998 1011 2059 eugenaeum
1029 1981 1210 2043 heluoluns

61 2085 309 2148 minusculum
333 2085 532 2164 conserito]
560 2087 683 2148 Vineam
706 2105 765 2162 qno
789 2091 819 2148 in
844 2106 921 2163 acro
941 2093 1064 2150 conseri
1081 2099 1211 2166 oporiet:

59 2197 108 2255 sic
138 2195 304 2256 observato.
350 2198 405 2270 ani
429 2197 499 2255 aino
526 2198 611 2255 locas
638 2197 766 2271 optimus
795 2196 915 2256 dicetur
939 2212 1003 2257 esse
1026 2204 1055 2257 ei
1078 2205 1211 2258 ostentas

59 2304 129 2375 soii,
147 2302 202 2361 nii
219 2305 370 2363 amineam
388 2304 588 2362 minusculum
607 2308 637 2362 ei
652 2303 805 2376 neminum
824 2320 989 2377 eaaeaeam
1004 2310 1033 2363 ei
1045 2304 1211 2365 iclaeoium

60 2411 264 2469 minusculam
284 2412 344 2470 erit
367 2413 518 2471 conserite
540 2406 660 2488 Merula,
684 2406 736 2468 uhi
759 2406 911 2468 iucundus
933 2417 1066 2470 ostentas
1088 2414 1146 2471 soli
1168 2413 1212 2472 iii

59 2517 215 2576 amineum
234 2523 264 2575 et
282 2514 389 2575 deinde
405 2516 571 2576 iselaeoinm
584 2518 785 2576 minusculam
800 2519 950 2577 conserite
965 2515 1055 2577 dedit.
1070 2549 1112 2559 —
1127 2516 1208 2578 Varr.

58 2639 85 2682 r.
106 2618 225 2682 r.125
249 2625 337 2682 cinea
360 2639 419 2696 auo
443 2625 475 2682 in
498 2639 576 2696 acro
598 2624 730 2683 serenda
753 2625 801 2701 sit,
824 2625 869 2682 sic
890 2623 1119 2684 observandam.
1156 2629 1210 2699 qni

58 2732 148 2789 iocus
170 2731 298 2805 optimas
321 2732 389 2790 aino
413 2732 452 2789 sit
474 2736 504 2790 ei
527 2736 659 2791 ostentus
681 2732 745 2804 soii,
769 2731 940 2790 aminneam
960 2731 1160 2791 minusculam
1179 2739 1208 2791 et

55 2838 213 2910 aeminum
232 2854 406 2910 moeream,
424 2828 553 2897 ilicium
571 2839 771 2897 minusculam
789 2839 854 2897 seri
872 2843 1022 2912 oportere.
1054 2840 1108 2912 ani
1124 2840 1208 2899 locas

55 2945 198 3003 crassior
215 2945 255 3002 sit
276 2950 330 3002 cni
348 2944 519 3018 nebulosas,
542 2944 585 3003 ibi
602 2945 774 3004 aminneam
793 2946 891 3004 mains
905 2950 959 3003 ani
972 2946 1206 3019 marcentinnm,

56 3050 203 3125 apiriam,
222 3051 366 3108 lucanam
384 3052 454 3109 seri.
496 3058 615 3110 ceteras
634 3052 716 3124 vites,
736 3056 766 3109 ei
784 3051 822 3109 de
841 3053 878 3108 iis
896 3052 1045 3111 moncellos
1064 3054 1206 3130 maxime,

56 3158 93 3215 in
117 3157 207 3216 'omne
231 3173 329 3230 aenas
358 3159 431 3230 cari
456 3159 627 3217 convenire.
672 3155 748 3217 Plio.
772 3153 835 3215 xiv
859 3152 902 3216 46
930 3173 1004 3230 erqo
1032 3159 1069 3217 de
1096 3160 1205 3218 vitibus

56 3264 186 3336 nanque
218 3263 261 3321 iio
289 3264 441 3338 prodidit,
474 3257 542 3338 ‘ani
572 3267 655 3325 locus
683 3266 752 3323 aino
780 3265 908 3339 optimus
937 3264 1057 3322 dicetur
1085 3281 1148 3323 esse
1176 3272 1205 3324 ei

55 3376 194 3429 ostentas
225 3369 349 3448 solibus,
382 3371 531 3430 amineum
564 3372 764 3430 minusculum
796 3376 827 3429 et
854 3371 1007 3445 neminum
1034 3372 1204 3451 cuneorum,

52 3477 190 3536 helvium
207 3477 408 3536 minusculum
427 3479 586 3537 conserite.
623 3479 677 3551 qni
694 3479 777 3536 locas
796 3459 933 3537 crassior
951 3483 1005 3536 ant
1023 3476 1203 3551 nebulosior,

54 3586 210 3644 amineum
245 3585 344 3643 mains
381 3590 435 3644 aue
470 3586 707 3658 marcentinnm,
739 3575 891 3663 sopinum,
928 3586 1070 3643 incanam
1101 3587 1203 3665 serito,

53 3699 182 3751 ceterae
208 3692 294 3762 vites,
322 3692 473 3751 miscellae
495 3693 640 3764 maxime,
669 3693 700 3750 in
724 3692 856 3765 quemvis
879 3706 989 3764 aarum
1013 3695 1202 3755 conveniant.

54 3800 88 3858 in
122 3798 183 3857 olla
216 3799 350 3857 vinaceis
382 3798 557 3857 conduntur
585 3799 735 3858 amineam
765 3798 964 3857 minusculum
992 3804 1021 3855 et
1048 3801 1146 3859 mains
1174 3808 1202 3860 ci

54 3906 202 3979 aniciam,
226 3905 330 3963 ecdem
354 3905 385 3963 in
407 3921 483 3979 sapa
503 3912 532 3963 et
550 3911 645 3964 masto
664 3906 695 3964 in
714 3907 782 3964 lorc
800 3910 885 3964 recte
903 3904 1085 3963 condantur.
1126 3923 1202 3979 qnos

52 4011 225 4086 suspendas
258 4011 438 4082 saracinos,
471 4013 608 4071 emineas
640 4013 770 4071 maiores
803 4013 850 4070 ael
880 4011 923 4069 ad
947 4012 1118 4084 ferrariam
1142 4031 1201 4088 pro

50 4119 153 4194 passis
172 4117 232 4176 hae
249 4121 332 4176 recie
345 4111 532 4177 seraoninr'.
570 4116 647 4195 apud
662 4116 802 4178 Catonem
818 4114 1008 4176 scribendum
1024 4126 1069 4177 esi
1083 4122 1200 4180 cineam

54 4241 116 4300 qao
138 4226 171 4286 in
195 4241 274 4299 cero
297 4227 419 4289 conseri
439 4231 589 4301 oporteat,
616 4227 662 4285 sic
684 4226 851 4298 observato,
875 4224 953 4303 quod
978 4223 1069 4285 Varro
1093 4224 1199 4304 legisse
