2874 4994
299 337 348 392 Du
366 337 456 394 AGRI
474 338 647 394 CVLTVRA
665 338 806 394 LIBRVM
825 337 999 396 (145·-48
1179 330 1223 396 85

166 494 296 555 XLVIII
325 491 342 556 1
372 493 496 555 Semen
525 497 692 573 cupressi
719 495 780 556 ubi
812 493 924 572 seres]
959 494 1001 556 Ile
1029 497 1141 557 semiue
1171 514 1221 556 cu·

71 603 174 679 pressi
198 601 325 662 serendo
348 610 506 681 praecepta
529 602 686 663 Percennii
711 606 820 683 scripte
845 610 915 663 sunt
938 620 963 663 c.
980 598 1052 664 151.

166 704 186 768 2
215 708 354 769 Porcas
382 709 492 788 pedes
520 711 648 788 quinos
677 709 767 770 latas
791 711 901 770 tacito
926 728 966 769 eo
989 719 1133 771 stercus
1157 714 1219 772 mi-

70 827 200 877 nutum
232 814 354 876 addito
387 820 572 877 conserito
610 817 805 896 glebasque
844 816 1090 895 comminuite]
1124 821 1220 879 Pedes

69 931 241 998 quatenos
258 923 424 984 Pontedera
443 921 571 984 coniecit
590 923 654 985 coll.
676 920 748 1005 151,
767 922 788 986 3
807 943 899 986 areas
915 924 1013 1000 facito
1029 927 1122 1001 pectes
1141 927 1220 985 latas

69 1037 248 1105 quaternos.
300 1030 406 1091 deinde
439 1034 544 1091 addito
576 1039 605 1092 et
637 1034 788 1093 conserite
819 1031 940 1092 Merula.
991 1035 1152 1093 consertae
1183 1031 1219 1092 de

70 1137 167 1198 sulcis
191 1138 305 1199 dictum
329 1145 375 1221 est
398 1156 413 1197 a
438 1136 597 1199 Columella
616 1137 656 1198 lll
674 1136 704 1218 3,
722 1135 775 1219 46,
799 1141 909 1200 deinde
930 1142 1010 1199 sulci
1031 1156 1131 1200 omues
1150 1157 1220 1199 con·

68 1248 215 1306 sariende'
235 1247 409 1320 herbaeque
431 1248 619 1306 eximendae.

163 1351 247 1413 'l'um
271 1370 389 1412 semen
419 1353 533 1412 serito
562 1350 662 1413 cribo
686 1360 862 1432 tamquam
886 1353 996 1413 linum
1021 1370 1062 1412 eo
1085 1360 1219 1413 terram

68 1459 196 1519 cribro
215 1461 397 1519 incernito
417 1457 523 1519 altam
542 1459 695 1537 digitum
716 1459 978 1537 transuersum]
1000 1461 1106 1520 Semen
1125 1463 1219 1520 serito

66 1567 158 1627 cribo
182 1563 345 1626 Politianus
369 1574 400 1625 et
423 1565 516 1625 codex
539 1565 693 1626 ParisInus
717 1567 753 1644 Α,
784 1583 884 1627 semen
907 1569 1000 1627 serito
1025 1569 1135 1627 crebro
1159 1565 1218 1625 lle-

66 1672 175 1732 diceus
200 1690 241 1753 an,
268 1689 368 1733 semen
396 1676 489 1734 serito
518 1675 622 1733 cribro
651 1672 817 1752 apographa
844 1671 987 1732 Italorum
1015 1680 1045 1733 et
1072 1673 1217 1735 editiones

64 1780 304 1859 antiquissimae,
326 1797 426 1841 semen
449 1783 542 1841 serito
562 1782 705 1841 crebrum
728 1779 847 1858 Popma.
870 1775 941 1861 151,
960 1777 981 1841 3
1005 1780 1042 1840 de
1062 1781 1165 1842 eadem
1184 1799 1217 1841 re

64 1890 217 1966 scriptum
241 1896 287 1947 est
309 1905 409 1948 semen
432 1891 524 1948 sere'to
548 1889 699 1962 crebrum,
724 1891 768 1948 ite
790 1892 838 1948 uti
859 1891 954 1948 linum
976 1891 1041 1948 seri
1061 1892 1143 1950 solet.
1180 1887 1216 1948 de

63 1996 186 2054 satione
212 1993 265 2054 lini
289 1993 449 2055 Columella
478 1992 639 2074 1110,17
669 1994 774 2056 scribit
802 1998 953 2057 nonnullis
977 1998 1081 2071 placet
1111 2012 1216 2054 macro

61 2105 133 2163 solo
151 2109 181 2162 et
198 2119 288 2176 quarn
306 2104 516 2178 spississimum
534 2119 634 2162 semen
653 2105 718 2162 eius
738 2105 889 2175 committi,
909 2120 967 2176 qao
988 2104 1108 2161 tenuius
1122 2105 1215 2161 liuram

58 2211 237 2285 proueniat.
274 2210 373 2287 itaque
397 2210 525 2287 primum
550 2206 688 2269 crebrum
713 2210 825 2268 seritur
848 2226 948 2267 semen
969 2210 1113 2286 cupressi,
1138 2210 1216 2268 sicut

63 2333 173 2376 semen
197 2314 264 2393 lini3
289 2312 394 2374 deiude
418 2312 517 2373 cribro
541 2324 621 2374 terra
646 2315 675 2373 in
700 2331 801 2373 semen
825 2316 1000 2374 incernitur.

158 2421 294 2482 Furcas
313 2423 449 2481 circum
468 2420 613 2498 offigito
634 2419 711 2499 sqq.]
731 2419 805 2481 Pliu.
817 2419 894 2480 XVII
910 2418 949 2482 71
975 2423 1047 2481 Ceto
1068 2428 1098 2480 et
1112 2421 1215 2497 furcis

62 2538 173 2590 crates
191 2532 296 2605 inponi
313 2530 396 2588 iubet
413 2530 574 2589 altitudine
592 2529 720 2589 bominis
739 2530 782 2587 ad
793 2532 884 2589 solem
898 2530 1109 2604 rece'pe'endum
1123 2536 1214 2603 utque

61 2639 165 2711 incepi
191 2640 288 2697 calmo
317 2638 360 2696 nd
383 2634 508 2710 [ripere
531 2636 682 2714 arcenda,
710 2637 756 2696 sic
775 2638 916 2712 pirorum
939 2638 1147 2709 malorumque
1169 2655 1213 2696 se·

60 2748 151 2804 mina
170 2746 293 2817 nutrici,
312 2747 358 2802 sic
372 2745 483 2818 pineas
497 2760 599 2816 nuces,
617 2745 663 2801 sic
674 2760 836 2818 ¹cupressos
849 2745 962 2803 semine
974 2748 1059 2802 satas
1076 2749 1105 2802 et
1124 2746 1213 2819 ipsas,

158 2849 345 2910 Sarmenta
374 2857 434 2908 aut
461 2850 574 2909 cratis
603 2848 751 2908 licarias
779 2850 954 2928 imponito
983 2865 1072 2927 quae
1096 2850 1213 2928 lrigus

15 2970 25 2982 ·
60 2956 264 3042 defendant
287 2966 322 3016 et
345 2954 469 3032 solem]
501 2958 586 3029 (luae
606 2954 710 3030 fricas
733 2964 863 3016 arceant
885 2962 914 3016 et
943 2959 1034 3016 solem
1061 2954 1212 3017 Iucundos

61 3082 100 3123 ex
132 3062 228 3123 Plinio
261 3062 280 3122 l.
304 3081 342 3142 c,
375 3080 455 3137 quae
484 3062 588 3136 [ripas
621 3060 788 3137 defendant
819 3070 848 3122 et
877 3066 967 3123 solem
996 3065 1148 3138 recepiant
1177 3082 1212 3123 ex

59 3168 171 3230 eodem
195 3169 386 3239 scribendum
405 3168 571 3229 Pontedera
595 3187 622 3247 p.
641 3164 684 3230 58
707 3171 841 3229 coniecit.
881 3172 1134 3244 intercipiendum
1157 3188 1211 3248 pro

59 3279 276 3352 recipiendum
299 3275 376 3354 apud
400 3274 529 3335 Plinium
554 3274 710 3352 legendum
735 3293 800 3335 esse
825 3275 975 3336 Gesnerus
998 3277 1134 3336 coniecit.

157 3382 269 3443 Simul
292 3380 424 3444 herbae
449 3383 656 3460 inceperim
679 3383 779 3442 nasci
798 3380 957 3458 eximito]
978 3384 1114 3445 Simulac
1133 3385 1211 3444 edita

58 3499 133 3550 ante
154 3488 316 3549 Victoriam
340 3488 531 3568 exemplaria:
558 3485 630 3566 151,
648 3485 670 3548 4
692 3492 720 3549 si
741 3491 855 3549 herbae
877 3496 970 3550 natae
993 3498 1091 3564 munt,
1111 3490 1211 3567 facito

60 3600 112 3657 uti
133 3598 172 3656 ab
196 3597 298 3656 herbis
318 3613 442 3672 parpes

155 3698 175 3762 3
204 3700 321 3763 Nuces
353 3704 478 3782 pineas
511 3702 550 3761 ad
579 3702 730 3762 eundem
762 3702 901 3762 modum
932 3705 1005 3764 nisi
1033 3712 1210 3784 tamquam

58 3809 174 3871 alium
198 3807 324 3887 serito]
350 3811 450 3871 Nuces
469 3813 579 3887 pineas
598 3813 642 3869 ad
659 3812 786 3871 eundem
804 3812 924 3870 modurn
943 3819 1086 3886 tanquam
1106 3817 1210 3874 allium

55 3921 159 3979 serito
177 3915 338 3978 iucundus.
370 3920 432 3978 nisi
453 3925 598 3991 tunquam
622 3920 733 3977 taleam
753 3920 846 3977 sers'to
866 3917 995 3976 coniecit
1013 3917 1209 3979 llottboellius

58 4021 131 4084 coll.
151 4021 232 4084 Varr.
251 4040 275 4082 r.
294 4041 317 4083 r.
341 4019 425 4101 141,
444 4019 474 4083 6.
520 4024 610 4083 immo
634 4025 739 4101 pineae
763 4041 855 4083 nuces
879 4023 983 4083 eodem
1008 4024 1094 4083 modo
1119 4034 1207 4102 atque

59 4132 178 4192 semina
202 4132 346 4210 cupressi,
368 4131 519 4208 pirorum,
543 4130 688 4191 malorum
711 4130 854 4191 serendae
878 4138 956 4211 sunt,
980 4133 1151 4210 notamen,
1175 4140 1209 4193 ut

58 4242 89 4300 is
117 4237 225 4298 modus
253 4245 376 4315 propter
404 4237 605 4298 diversitatem
634 4240 756 4298 seminis
784 4245 934 4315 tamquam
958 4237 1032 4297 alius
1056 4239 1102 4298 sit.
1148 4242 1210 4299 nisi

58 4345 100 4406 de
127 4345 305 4422 exceptione
332 4352 399 4422 post
427 4362 590 4423 pronomen
620 4347 698 4405 idem
726 4344 838 4405 dictum
867 4354 912 4404 est
943 4363 1010 4405 cum
1034 4347 1207 4424 imperativo

60 4451 109 4512 sel
149 4451 339 4512 coniunctiro
375 4468 400 4512 c.
428 4448 468 4511 77
502 4454 607 4513 euclem
644 4455 744 4512 onnia
773 4451 885 4528 facito,
921 4455 982 4512 nisi
1015 4455 1061 4512 sic
1089 4456 1207 4527 finpito,
