2874 4994
293 319 341 373 DE
361 319 451 374 AGRI
471 320 642 375 CVLTVRA
662 322 802 376 LIBRVM
822 320 850 377 C.
872 320 1001 377 63-65
1179 315 1220 377 99

160 473 333 536 Factores
363 478 415 536 uti
443 478 477 536 in
509 476 669 538 tabulato
699 476 757 537 diu
782 479 830 538 sit
854 486 891 537 ut
915 478 1057 537 fracida
1083 479 1219 558 sitque

69 579 221 643 lacilius
245 582 431 661 elliciant]
466 586 530 657 Quo
550 584 677 660 facilius
701 585 839 660 efficiant
861 584 989 659 Merula,
1012 604 1070 661 quo
1091 585 1219 661 [acilius

68 691 168 749 oleum
190 690 328 766 efficiant
342 690 503 774 luennduS,
523 711 581 768 quo
594 692 722 767 facilius
737 691 855 769 efficiat
868 692 1068 754 Schneidcrus
1083 695 1220 774 coniecit,

68 805 103 855 ut
127 795 165 856 de
190 795 254 857 olea
278 797 511 878 intellegeretur,
542 817 601 860 non
625 800 661 861 de
685 799 857 861 factoribus.
905 799 1096 861 scribendum
1120 803 1219 880 potins

69 912 138 963 erat
155 922 215 978 quo
231 904 359 980 facilius
378 910 552 979 conficiant.
576 911 730 981 conficere
749 908 785 968 de
805 907 947 988 operibus
967 911 1088 969 rusticis
1107 910 1218 970 dictum

68 1019 116 1069 cst
136 1008 211 1092 2,1‚
235 1017 349 1074 satane
373 1017 500 1089 temperi
521 1033 616 1091 opera
639 1019 717 1076 sieut
740 1015 891 1093 confecta,
911 1020 1047 1093 possitae
1069 1035 1148 1092 quae
1171 1036 1217 1077 re·

67 1120 156 1193 liquo
183 1123 261 1180 sieut
288 1125 453 1200 conficere,
482 1118 549 1201 5,t
580 1140 675 1199 opera
703 1127 804 1184 omniu
826 1131 947 1183 mature
969 1126 1116 1196 conficias
1136 1122 1217 1199 face,

67 1225 106 1285 de
136 1225 225 1304 lignis
248 1245 272 1286 c.
294 1224 334 1287 16
363 1232 448 1304 liqna
476 1232 599 1301 conficit
627 1231 669 1289 ad
692 1229 853 1304 fornacem
882 1236 912 1288 et
936 1228 1047 1289 Colum.
1071 1228 1124 1288 llll
1144 1225 1216 1310 2,t

67 1337 156 1408 liqna
186 1337 315 1410 denique
343 1338 467 1413 carifici,
496 1337 566 1395 iteni
596 1336 632 1395 de
663 1336 748 1397 melle
777 1332 1022 1416 Colunt.9,15,
1049 1334 1090 1397 10
1118 1345 1148 1397 et
1177 1335 1218 1398 12

68 1444 132 1501 mel
153 1445 313 1521 conficere,
339 1439 390 1521 14,
409 1439 430 1502 ὃ
453 1441 634 1519 confectura
657 1447 769 1514 mellis;
792 1442 828 1503 de
852 1445 917 1522 ipso
942 1441 1006 1503 olco
1030 1444 1105 1504 dixit
1128 1444 1218 1504 Palla·

64 1548 137 1608 dius
160 1545 223 1628 Xll,
244 1545 283 1608 17
311 1552 497 1622 conficiendi
518 1553 578 1611 alei
596 1554 760 1626 praeceptis,

154 1654 273 1715 Nolito
307 1655 458 1716 credere
492 1655 607 1716 oleum
641 1658 675 1716 in
705 1655 866 1717 tabulato
895 1675 1001 1735 posse
1030 1656 1213 1734 crescere]

62 1763 165 1822 deliro
185 1765 278 1823 crede
296 1763 389 1823 codex
409 1761 562 1824 Parisinus
581 1764 621 1838 t,
644 1767 736 1824 nolito
756 1768 885 1825 eredere
904 1763 1018 1844 reliqua
1038 1763 1215 1845 apographa,

62 1871 158 1928 nolite
181 1871 312 1929 credere
333 1868 455 1950 Merula,
479 1869 531 1930 ubi
553 1867 718 1932 Politianus
741 1874 833 1931 nolite
857 1889 893 1931 ex
913 1883 1013 1934 velere
1033 1873 1135 1932 codice
1157 1890 1214 1932 non

59 1977 209 2055 correxit,
237 1975 289 2036 sed
318 1974 410 2036 rubro
439 1976 555 2058 colore,
584 1996 642 2057 quo
666 1979 698 2038 in
723 1980 904 2039 coniecturis
928 1986 958 2040 et
983 1982 1013 2040 in
1038 1978 1216 2039 lectionibus

61 2082 190 2143 Medicei
218 2082 330 2144 codicis
359 2085 402 2144 uti
430 2087 597 2164 consuerit,
630 2089 722 2145 nolito
751 2085 921 2166 adscripsit,
956 2091 1086 2148 credere
1116 2097 1214 2146 autent

62 2188 173 2250 lineola
197 2190 344 2251 subducta
367 2193 408 2251 ita
433 2191 550 2252 videtur
574 2193 731 2272 natavisse,
755 2202 788 2252 ut
811 2202 891 2253 esset
915 2197 1016 2255 crede.

154 2294 175 2358 2
203 2297 310 2369 Quam
339 2300 520 2359 citissime
553 2301 736 2360 conficies
770 2308 838 2359 tani
867 2302 1018 2360 niaxime
1046 2301 1215 2379 expediet

60 2414 97 2465 et
130 2405 281 2465 totidem
306 2405 418 2466 modis
444 2406 623 2467 collectae
647 2406 728 2485 plus
752 2407 823 2466 olel
847 2407 989 2468 elliciet
1012 2419 1046 2468 et
1070 2407 1212 2485 melius]

63 2513 104 2571 Et
137 2515 259 2573 totidem
291 2516 399 2573 modir'a
431 2517 576 2575 collectae
600 2518 671 2591 plue
698 2517 758 2575 atei
784 2512 919 2590 efficient
947 2523 976 2575 ct
1003 2519 1108 2576 melius
1137 2514 1214 2574 edita

60 2619 134 2679 inde
158 2638 175 2679 a
199 2622 335 2698 principe
362 2621 491 2681 editione
513 2620 701 2701 exemplaria,
725 2639 800 2700 quae
820 2640 879 2681 non
899 2632 980 2682 recte
1000 2623 1215 2700 interpretatus

62 2735 111 2787 est
135 2726 298 2808 Gesncrus,
322 2723 406 2806 ‘quot
430 2728 535 2789 diebus
559 2730 649 2789 citius
669 2727 854 2809 colligentur,
879 2729 1001 2790 totidem
1022 2729 1128 2789 modiis
1147 2728 1214 2808 plus

61 2830 216 2895 cilicient’.
263 2834 454 2896 scribendum
484 2846 529 2895 est
558 2838 657 2912 potius
686 2845 716 2897 et
744 2839 865 2897 totidem
893 2840 1000 2897 madiis
1029 2841 1155 2898 collecta
1186 2845 1215 2897 et

59 2932 130 3018 plui
158 2946 219 3002 olei
244 2941 358 3017 efficiet
385 2953 413 3004 ct
440 2946 558 3015 melius,
587 2942 615 3002 h.
640 2962 665 3003 e.
694 2945 720 3003 si
750 2942 814 3003 olea
843 2943 965 3003 totidem
993 2944 1113 3024 modiis,
1143 2951 1214 3021 quot

62 3047 189 3109 collecta
219 3049 322 3129 luerit,
350 3050 524 3130 coniicitur,
552 3058 581 3109 et
610 3049 675 3129 plus
704 3050 761 3110 olei
790 3050 900 3110 elliciet
923 3060 953 3111 et
976 3050 1096 3125 melius,
1126 3068 1213 3128 qulam

63 3156 170 3217 eodem
204 3155 371 3217 modiorum
404 3158 529 3217 numero
562 3155 698 3235 collecta,
731 3160 756 3217 si
790 3157 902 3217 diutius
936 3160 964 3216 in
994 3167 1074 3218 terra
1102 3166 1153 3217 aut
1183 3159 1212 3217 iu

62 3261 197 3324 tabulato
222 3265 321 3325 luerit.

154 3372 236 3431 LXV
263 3371 279 3432 1
304 3370 487 3432 Postridie
517 3379 576 3433 aut
604 3379 685 3449 post
709 3371 799 3432 diem
825 3373 971 3432 tertium
997 3389 1096 3449 quarn
1121 3369 1213 3430 lecta

62 3481 137 3540 erit
160 3479 271 3540 tacito
295 3480 372 3540 olea
396 3479 456 3539 ubi
480 3482 581 3557 nigra
601 3482 672 3540 erit
694 3478 881 3557 stringito]
902 3482 1008 3540 Facito
1028 3483 1138 3538 oleam:
1161 3479 1215 3537 ubi

61 3592 158 3663 niqra
181 3592 249 3662 erit,
272 3591 414 3663 sti-inquo
434 3586 556 3662 Merula,
576 3587 689 3662 facito:
713 3591 818 3662 oleum,
842 3589 896 3648 ubi
918 3591 1009 3662 niqra
1029 3589 1096 3667 erit,
1120 3589 1211 3646 stria-

58 3700 126 3771 qito
150 3695 229 3755 edita
253 3694 320 3755 inde
344 3693 380 3754 ab
405 3693 508 3754 Aldina
532 3694 662 3754 editione
686 3694 871 3773 exemplaria.

153 3801 174 3864 2
200 3802 236 3862 st
253 3800 425 3880 gelicidia
445 3810 551 3862 erunt
570 3820 647 3862 cuni
667 3801 779 3862 oleam
798 3820 904 3881 coges
925 3801 1082 3862 triduum
1107 3809 1212 3880 atque

62 3909 301 3990 quatriduum
328 3916 410 3989 post
437 3909 552 3969 oleuui
581 3908 705 3987 tacito]
734 3911 848 3984 Coqere
877 3909 913 3969 de
943 3907 1004 3968 olea
1029 3909 1141 3968 dictum
1166 3917 1212 3969 est

61 4016 120 4098 31,
148 4016 164 4079 1
200 4020 243 4078 ud
275 4021 371 4078 oleam
399 4019 566 4092 eoqeadam
594 4035 673 4092 quae
701 4034 775 4093 opus
802 4023 893 4076 eruut
916 4023 1084 4091 parentur,
1114 4014 1209 4094 64,1

61 4144 155 4201 quam
180 4128 313 4202 primum
342 4129 413 4200 eoqi
439 4132 568 4205 oportet,
601 4121 678 4203 144,
705 4122 721 4184 1
750 4127 846 4184 oleam
874 4127 973 4198 aoqito
1001 4130 1098 4203 reete,
1128 4121 1167 4182 ib.
1191 4119 1211 4181 2

62 4238 160 4296 etcum
194 4237 265 4308 eoqr'
295 4240 387 4294 recte.
433 4231 540 4293 deinde
569 4235 705 4292 triduum
733 4239 789 4292 aut
816 4234 1013 4306 quatriduum
1038 4237 1106 4307 pest
1134 4229 1211 4289 edita

63 4341 132 4401 inde
161 4339 198 4400 ab
222 4339 326 4400 Aldina
354 4340 484 4400 editione
513 4338 701 4417 exemplaria.
748 4337 939 4398 scribendum
969 4346 1067 4398 autern
1092 4347 1138 4398 cst
1161 4345 1212 4397 aut

60 4456 128 4524 peu
161 4450 298 4509 triduum
332 4455 422 4523 atque
455 4450 661 4524 quadriduum
695 4456 745 4507 aut
778 4449 881 4506 tridua
914 4454 1006 4522 utque
1037 4448 1211 4520 quadriduo

963 4548 999 4601 7ss
