2874 4994
395 346 524 404 RERVM
542 343 782 404 unumunurm
799 346 866 405 LIB.
885 347 924 403 III
945 344 987 405 10
1199 338 1263 404 271

125 505 228 568 boscio
247 514 421 587 pascuntur,
444 513 490 567 est
513 503 590 567 aliud
614 522 708 586 genus
731 505 812 566 vario
830 503 939 586 colore,
962 504 1040 584 quod
1065 503 1162 565 alera
1186 504 1265 565 miti·

125 620 225 694 gatnm
259 612 455 675 domesticum
489 612 598 675 laetum
627 630 693 674 esse
726 610 887 674 Columella
919 610 1031 674 scribit
1077 630 1145 674 eum
1177 610 1268 673 huius

123 722 243 802 generis
270 719 425 782 anseribus
453 719 510 802 illi,
538 738 574 780 ex
599 719 706 799 quibus
729 737 835 799 greges
867 717 1069 781 constituendi
1097 727 1177 802 sunt,
1208 737 1267 780 non

124 827 254 890 libenter
284 836 510 909 congregantur.
560 824 667 889 deiude
701 826 835 889 lacunam
868 845 903 887 ex
932 824 1091 888 Columella
1124 825 1267 908 supplevi,

124 937 286 996 anseribus
310 937 354 997 ad
374 937 592 997 admittendum
616 942 730 1012 ternpus
753 943 798 996 est
820 937 1006 1012 aptissimum
1033 935 1198 1009 abruma,
1225 936 1270 994 nd

123 1045 310 1120 pariendum
340 1049 370 1105 et
403 1043 609 1104 incubandum
639 1060 659 1102 a
685 1043 825 1104 kalendis
854 1041 1035 1103 Februariis
1064 1044 1113 1102 ael
1143 1040 1267 1102 Martiis

125 1167 221 1225 nsque
244 1151 288 1211 ad
300 1153 474 1212 'solstitium¹

213 1252 235 1317 3
267 1253 519 1338 launguentur
545 1258 580 1319 iu
609 1255 763 1335 llumen]
792 1258 1008 1333 Innnpuentur
1036 1273 1072 1317 ex
1104 1253 1265 1334 archetypo

125 1361 277 1424 adnotavit
303 1362 480 1446 Politianus,
509 1363 587 1444 quod
615 1363 725 1425 habent
747 1362 822 1445 Am,
849 1357 1036 1439 inunpentu'r
1062 1360 1268 1442 neglegentius

126 1467 275 1532 Victorius
298 1477 329 1532 et
346 1470 514 1552 apographa
532 1469 682 1533 ltalorum.
718 1490 751 1533 se
774 1478 915 1547 mereunt
933 1470 1092 1550 lucuudus,
1112 1472 1268 1545 inipentur

126 1575 285 1638 Turnebus
308 1577 421 1640 advers.
443 1575 493 1659 19,
507 1575 559 1642 28.
594 1597 698 1641 rerum
717 1577 793 1640 baud
819 1577 908 1639 dubie
928 1585 974 1639 est
997 1580 1165 1654 iniquntar,
1188 1574 1266 1656 quod

125 1682 259 1764 Scaliger
281 1687 418 1748 coniecit.
961 1677 964 1682 Δ

214 1791 382 1872 Singulae
406 1811 475 1854 uon
498 1792 579 1873 plus
603 1801 730 1873 quater
753 1794 788 1855 in
811 1812 902 1855 auno
926 1791 1089 1873 pariunt]
1115 1793 1181 1854 Non
1196 1794 1266 1870 plns

124 1915 216 1975 quam
247 1907 295 1962 ter
333 1919 370 1962 ex
406 1902 579 1962 coniectura
611 1900 712 1962 Ursini
744 1902 865 1983 scripsi,
894 1900 973 1981 quod
1006 1900 1078 1980 legit
1107 1899 1266 1962 Columella

125 2003 143 2066 Ι.
162 2024 204 2090 e.‚
226 2007 298 2068 item
321 1992 528 2088 geoponsXlV
547 2004 643 2089 223
668 1998 851 2094 ᾧοποκοῦσι
880 2000 918 2070 δὲ
944 2006 1058 2088 τρίτον
1084 2005 1146 2070 τοῦ
1173 2005 1268 2081 ἔτους

123 2106 187 2186 ἕως
210 2105 267 2193 ιβ’,
289 2104 364 2176 ἔσθ’
390 2105 444 2176 ὅτε
467 2106 506 2176 δὲ
528 2107 584 2175 nal
606 2113 752 2176 πλείονα.

215 2219 376 2301 Singulis
399 2220 461 2282 ubi
483 2224 628 2301 pariant
651 2221 855 2283 laciendum
879 2240 959 2283 aras
982 2221 1173 2302 quadratas
1197 2222 1266 2281 cir·

122 2346 206 2391 cnm
228 2325 332 2389 binos
355 2328 465 2409 pedes
494 2338 528 2391 et
556 2327 789 2408 semipedem]
819 2330 951 2390 Pariunt
978 2327 1055 2390 edita
1079 2335 1147 2389 ante
1171 2325 1267 2389 Victo·

121 2437 204 2498 rium
226 2433 414 2518 exemplaria,
437 2436 516 2517 quod
536 2435 697 2498 Politiauus
717 2454 776 2496 uon
796 2437 935 2517 correxit,
952 2439 1082 2513 pariant
1100 2435 1266 2516 apographa

121 2553 153 2605 et
171 2561 209 2604 ex
227 2544 293 2624 ipse
307 2541 467 2623 archetypo
483 2541 639 2604 Victorius.
670 2545 798 2605 circiter
812 2541 963 2604 Gesnerus
977 2544 1113 2604 coniecit
1150 2546 1267 2605 circum

123 2645 264 2731 ‘quoquo
283 2644 403 2711 versus’
422 2652 638 2730 interpretatur
657 2648 858 2712 Schneiderus
881 2649 947 2712 coll.
966 2649 1080 2712 Culum.
1099 2648 1163 2711 Vlll
1183 2647 1264 2733 14,1

120 2759 178 2819 sub
195 2759 366 2835 porticibus
385 2760 496 2819 deinde
514 2761 687 2834 quadratae
705 2760 805 2819 barae
823 2761 987 2820 caementis
1005 2761 1054 2820 nel
1069 2761 1160 2820 etiam
1174 2761 1267 2820 later-

121 2868 202 2927 eulis
224 2871 422 2942 extruantur,
445 2883 523 2941 qaas
544 2869 683 2943 singulas
709 2869 785 2928 satis
807 2873 852 2928 est
873 2867 988 2929 babere
1016 2883 1135 2943 quoquo
1162 2885 1267 2929 ausus

120 2974 215 3050 pedes
238 2980 348 3034 tunes,

213 3077 280 3150 Qui
302 3079 368 3141 hoc
391 3082 507 3142 minus
532 3083 688 3161 quinque
717 3081 778 3158 qui
802 3078 867 3140 boe
889 3078 972 3159 plus
991 3077 1087 3156 XXV]
1123 3081 1183 3152 Oui
1209 3082 1267 3140 bue

122 3189 224 3248 minus
256 3186 326 3262 VII,
350 3191 404 3264 qui
424 3190 482 3250 boc
502 3192 572 3265 plns
594 3189 628 3247 Χ
634 3187 660 3248 V
679 3186 756 3246 edita
784 3193 852 3264 post
874 3185 1009 3246 Aldinam
1038 3184 1199 3246 editionem
1219 3204 1266 3246 ex·

123 3293 275 3375 emplaria.
320 3294 356 3356 de
387 3313 511 3357 numero
541 3312 664 3355 ovorum
698 3301 728 3353 et
760 3291 796 3353 de
828 3300 963 3372 tempore
997 3291 1157 3353 incubandi
1189 3292 1265 3373 apud

125 3400 316 3463 Columellam
340 3401 404 3461 Vlll
429 3398 524 3483 14,6
556 3403 666 3482 scripta
699 3408 768 3461 sunt
799 3398 886 3478 baec,
923 3405 1134 3478 supponuntur
1166 3408 1266 3461 autera

123 3511 248 3584 gallinis
270 3510 360 3570 buius
376 3512 500 3584 pencris
519 3526 585 3589 aaa,
607 3511 687 3569 sicut
701 3509 866 3584 pavonina,
887 3509 1022 3584 plurima
1041 3509 1174 3583 quinque
1188 3526 1265 3584 pun·

124 3619 247 3678 sissima
271 3619 342 3696 tria,
366 3618 438 3695 ipsis
461 3618 571 3677 deinde
594 3617 755 3677 anseribus
775 3616 963 3691 paucissima
986 3618 1265 3692 contemptumne

124 3725 307 3799 quindecim.
330 3725 485 3800 —pullis
518 3730 617 3784 autem
653 3721 826 3798 formandis
858 3722 1106 3796 excudendisque
1137 3725 1266 3797 tripinta

123 3831 231 3892 diebus
254 3848 328 3907 opus
346 3836 399 3905 est,
417 3847 486 3891 curn
499 3838 569 3891 sunt
579 3829 719 3906 frigora:
742 3846 813 3890 nam
833 3831 942 3906 tepidis
961 3831 1094 3904 quinque
1112 3835 1142 3889 et
1160 3832 1269 3904 uiginti

120 3939 200 4000 satis
227 3943 288 4011 est,·
313 3939 345 3998 in
372 3939 543 4018 geopouicis
568 3935 706 4018 xlvii,
728 3935 769 3999 10
796 3935 882 4016 haec,
914 3933 968 3997 det
997 3926 1034 3996 dl
1066 3924 1266 3996 ὑποτιθέναι

120 4037 173 4130 ᾠὰ
198 4038 261 4119 ἕως
282 4041 350 4106 τῶν
368 4037 408 4107 θ’
427 4033 447 4126 ἢ
466 4036 503 4106 τὸ
523 4035 684 4126 μήκιστον
703 4035 748 4125 νά,
767 4033 811 4124 μὴ
831 4041 967 4104 ἔλαττον
991 4032 1028 4102 δὲ
1046 4034 1094 4101 θ’.
1131 4031 1266 4123 ἐπῳάζει

120 4145 161 4214 δὲ
186 4141 233 4225 ὥς
255 4144 395 4214 ἐπιπολὺ
418 4142 542 4234 ἡμέρας
562 4143 634 4232 nb',
658 4143 785 4231 ψύχους
807 4142 844 4211 al
868 4139 967 4221 ὄντος
988 4140 1113 4229 ημέοας
1135 4139 1178 4209 λ’.

213 4256 236 4320 4
267 4258 420 4321 Faciunt
452 4277 530 4320 aras
562 4276 668 4338 supra
702 4266 834 4318 terram
863 4264 923 4316 aut
949 4263 1079 4333 suptus
1106 4256 1143 4315 in
1178 4272 1266 4334 quae

120 4385 194 4430 non
217 4366 395 4429 inducant
417 4365 498 4446 plus
521 4367 671 4428 uicenos
694 4362 831 4444 pullos]
861 4363 899 4424 In
926 4364 994 4438 quis
1020 4379 1082 4422 non
1109 4364 1269 4425 includant

121 4474 205 4539 edita
227 4481 296 4556 post
318 4474 452 4537 Albinam
476 4474 636 4537 editionem
665 4470 855 4554 exemplaria,
882 4468 934 4532 nbi
958 4472 988 4531 in
1012 4485 1089 4546 quas
1110 4466 1267 4549 legendum
