2874 4994
381 320 431 375 DE
450 322 539 378 AGRI
558 322 731 379 CVLTVRA
750 322 891 378 LIBRVM
910 321 938 377 G.
956 320 1041 378 6-7
1245 314 1288 378 25

133 478 269 555 fundam
294 480 506 541 suburbanam
529 481 688 541 arbustum
711 478 739 540 h.
759 497 783 540 e.
808 478 933 539 iundum
957 477 1114 539 arboribus
1138 478 1286 539 consitum

137 586 274 647 defendit
308 585 386 647 idem
415 588 446 648 in
474 583 771 667 Colum.11113,6
800 605 838 648 ae
862 589 994 663 primum
1023 592 1057 646 ut
1083 603 1198 647 annau
1224 589 1287 646 siue

137 696 300 755 arbustum
314 697 377 756 rinc
390 698 554 756 silvestrem
569 698 667 756 locum
680 697 776 755 uineis
791 696 1050 767 destinaverimus,
1069 696 1165 754 omnis
1179 691 1288 767 frutex

137 809 232 878 atque
260 803 357 863 ardor
381 805 452 863 erui
473 809 503 863 et
525 804 707 863 summoueri
729 803 828 876 dedet,
858 799 923 861 coil.
968 799 1042 861 Plin.
1063 797 1088 858 X
1109 796 1148 859 77
1178 797 1287 858 Trans-

135 911 267 987 padana
300 910 392 971 ltalia
432 913 520 970 iuxta
552 912 643 987 Alpes
675 909 804 970 Larium
835 912 935 969 lacum
968 911 1102 985 appellat
1131 922 1289 966 amoenum

138 1019 267 1078 arnusto
299 1034 389 1092 apro,
421 1015 498 1076 xvii
523 1014 587 1077 207
621 1035 679 1077 nec
711 1019 772 1076 nisi
797 1018 920 1076 validae
943 1018 1063 1091 putatio
1091 1014 1288 1085 admovenda,

138 1127 261 1185 seriore
288 1141 368 1185 anno
392 1121 460 1198 scre
489 1126 533 1184 ad
556 1121 694 1198 [ructum
722 1124 850 1184 arbusta
878 1124 938 1182 vite
959 1139 1051 1196 quam
1075 1123 1190 1195 inpetu.
1236 1118 1287 1178 sed

139 1230 219 1310 apud
250 1229 389 1291 Catonem
423 1248 482 1291 non
514 1240 578 1291 erat
606 1248 660 1291 eur
690 1229 726 1290 de
755 1230 922 1290 accusativo
950 1246 1018 1289 cum
1046 1227 1192 1287 infinitivo
1220 1243 1288 1285 cum

140 1336 234 1398 verbo
257 1341 396 1399 convenit
419 1340 579 1399 coniuncto
603 1336 800 1417 dubitaretur,
825 1336 853 1396 h.
873 1354 898 1396 e.
921 1336 1060 1395 convenit
1083 1331 1288 1393 suburbanum

140 1444 269 1506 ferndum
287 1443 398 1505 habere
417 1443 580 1506 arbustum.
618 1443 755 1505 similiter
774 1445 906 1520 expedit,
930 1440 960 1524 3,
978 1439 999 1502 2
1015 1449 1135 1519 patrem
1151 1439 1290 1515 familiae

141 1556 245 1614 stillam
267 1555 415 1613 msticon
439 1553 515 1614 bene
537 1555 731 1625 aedificatam
755 1552 870 1611 nabere
892 1546 1027 1627 expedit,
1054 1545 1144 1630 64‚1
1170 1549 1289 1608 domino

141 1662 181 1722 de
212 1666 336 1720 matura
369 1663 435 1722 olea
468 1662 566 1720 oleum
590 1661 663 1732 fieri
689 1661 821 1719 maxime
849 1659 1007 1734 expediet;
1039 1673 1107 1716 cum
1135 1654 1290 1733 infinitivo,

141 1763 163 1827 9
189 1769 355 1844 praedium
381 1769 465 1842 quod
491 1768 589 1827 ubiuis
619 1767 743 1843 expedit
766 1765 889 1846 facere,
917 1759 1013 1843 54‚4
1040 1764 1118 1822 ninii
1144 1762 1293 1835 estquod

141 1877 242 1949 maan
269 1877 414 1951 expediat
440 1892 530 1949 quam
557 1876 645 1934 boves
668 1874 743 1934 dene
766 1891 889 1935 curare.
935 1873 1035 1949 itaque
1059 1869 1095 1930 de
1119 1866 1290 1929 suburbano

143 1980 238 2041 tundo
252 1979 310 2041 hoo
324 1983 515 2062 praecipitur,
532 1998 600 2041 eum
616 1998 720 2059 agrum
735 1978 844 2040 debere
859 1980 985 2040 maximo
1000 1976 1109 2037 habere
1120 1974 1289 2036 arbustum:

144 2089 186 2147 ita
218 2088 298 2147 enim
331 2087 409 2167 ligna
440 2095 471 2148 et
505 2089 601 2166 virgas
630 2097 660 2149 et
688 2088 789 2147 venire
817 2104 904 2166 posse
933 2092 963 2146 et
990 2085 1109 2145 domino
1139 2083 1174 2143 ad
1203 2099 1290 2142 usum

144 2204 247 2274 parata
271 2213 346 2255 esse.

236 2303 274 2364 in
311 2302 433 2364 eodem
471 2303 580 2364 iundo
618 2320 718 2363 suum
757 2299 932 2381 quidquid
971 2301 1115 2361 conseri
1148 2304 1292 2376 oportet

144 2412 259 2472 uitem
291 2409 477 2490 copularia
511 2410 707 2470 aminnium
735 2405 977 2469 minusculum
1005 2408 1089 2466 uino
1118 2413 1153 2465 et
1181 2404 1292 2465 malus

145 2527 180 2580 et
215 2519 370 2598 apicium
398 2516 466 2577 Eae
500 2519 535 2577 in
569 2516 638 2576 olla
671 2517 706 2577 in
739 2517 887 2576 uiueoes
918 2510 1137 2589 conduntur]
1170 2514 1296 2572 Conseri

145 2644 216 2687 oum
245 2625 424 2705 apographis
446 2622 625 2704 Politianus,
653 2641 713 2683 non
741 2625 874 2684 conserit
902 2631 937 2683 ut
959 2599 1110 2681 Gesnerus
1135 2620 1293 2680 adnotavit.

145 2736 178 2793 in
211 2735 314 2794 eodem
344 2731 444 2808 fundo
478 2749 565 2792 enum
598 2733 737 2806 quodque
766 2729 868 2805 fructi
896 2747 993 2804 penas
1025 2729 1147 2789 conseri
1178 2732 1294 2802 oportet

145 2840 333 2912 arbustaque
356 2841 443 2899 uitem
466 2841 614 2914 copulari.
652 2841 804 2898 amineum
826 2839 1027 2897 minusculum
1046 2842 1075 2897 et
1093 2836 1293 2894 maiusculum

146 2952 176 3007 ct
200 2947 343 3021 apiciam.
379 2946 457 3005 iaec
476 2947 508 3004 in
527 2946 593 3005 ollis
612 2947 643 3003 in
662 2945 798 3003 vinaceis
816 2944 991 3003 conduntur
1009 2939 1168 3001 iucundus.
1205 2955 1292 2998 sicum

145 3054 298 3128 quidquid
315 3053 438 3112 conseri
450 3048 599 3110 Victorius
617 3065 652 3110 er
671 3048 831 3128 archetypo
850 3049 992 3127 restituit,
1011 3045 1124 3126 reliqua
1139 3065 1173 3106 ex
1189 3043 1292 3105 Aldina

145 3158 278 3219 editione
306 3158 453 3238 repetivit
504 3163 663 3235 corruptae
690 3157 722 3215 in
750 3173 839 3216 manu
866 3155 987 3232 scriptis
1014 3152 1098 3214 libris
1126 3154 1292 3232 scripturae

145 3273 229 3326 certa
257 3263 424 3325 emendatio
451 3265 569 3351 inventa
598 3281 657 3323 non
686 3271 740 3323 est
786 3265 818 3323 in
845 3263 948 3322 eodem
974 3259 1073 3335 [ando
1095 3278 1182 3320 snum
1206 3261 1291 3334 quid·

144 3375 224 3450 qaid
252 3375 374 3434 conseri
399 3378 530 3447 oportet:
557 3373 658 3444 uitem,
683 3387 802 3445 penora
830 3365 999 3444 compluria
1022 3370 1098 3445 vini,
1126 3369 1293 3426 aminnium

144 3483 349 3542 minusculum
372 3487 401 3540 et
424 3481 522 3539 mains
546 3484 575 3539 et
598 3480 746 3554 apicium:
770 3494 850 3538 noae
872 3479 904 3537 in
927 3478 986 3537 olla
1010 3477 1041 3536 in
1064 3476 1199 3535 vinaceis
1223 3491 1292 3534 con-

145 3591 265 3649 duntur
297 3586 365 3647 olim
399 3584 591 3646 scribendum
623 3586 753 3664 conieci,
784 3584 843 3644 nisi
874 3584 974 3662 potius
1006 3581 1198 3643 scribendum
1230 3590 1295 3642 erat

145 3699 255 3757 uitium
285 3712 403 3769 penera
435 3695 605 3769 compluria
637 3690 683 3751 rel
715 3694 819 3752 vitium
847 3708 964 3765 penera
992 3693 1095 3764 varia,
1128 3691 1294 3749 aminnium

144 3805 351 3864 minusculum
377 3803 478 3861 ninum
506 3806 536 3860 et
563 3801 661 3859 maius
689 3816 753 3877 sqq.
800 3815 868 3857 nam
896 3815 931 3858 ex
959 3798 997 3857 iis
1025 3795 1129 3876 rebus,
1160 3813 1235 3874 quae
1263 3796 1293 3856 in

144 3908 242 3972 tundo
266 3907 437 3969 suburbano
462 3907 605 3968 serendae
629 3915 708 3988 sunt,
731 3913 799 3986 post
822 3904 942 3966 arbusta
960 3905 1089 3983 primum
1109 3903 1295 3982 appellantur

145 4019 234 4096 vites,
262 4034 388 4095 quarum
411 4014 576 4094 compluria
598 4031 707 4092 genera
730 4012 864 4073 habenda
888 4019 966 4092 sunt,
990 4012 1159 4071 aminneam
1185 4012 1295 4070 minus-

146 4124 250 4186 culum
279 4124 379 4183 vinum
408 4131 438 4184 et
465 4124 636 4182 aminneum
663 4122 759 4181 maius
783 4130 814 4182 et
836 4121 973 4198 apicium.
1020 4125 1188 4197 sequuntur
1211 4134 1294 4195 prae-

146 4237 235 4309 cepta
268 4228 306 4289 de
335 4229 400 4289 uris
428 4227 591 4290 condendis
619 4236 650 4287 et
677 4226 713 4287 do
741 4227 864 4306 reliquis
893 4224 996 4299 rebus,
1029 4242 1104 4303 quac
1132 4225 1162 4283 iu
1191 4223 1295 4283 eodem

149 4336 242 4399 iundo
271 4343 422 4410 seruntur.
471 4337 623 4412 quidquid
649 4352 716 4395 cum
745 4333 885 4394 ressexiro
912 4334 1087 4412 pronomine
1116 4330 1224 4408 legitur
1252 4328 1294 4391 26

149 4463 225 4506 vasa
249 4446 379 4518 toccula,
402 4445 544 4506 corbulae
566 4475 603 4485 -
626 4444 726 4504 iubeto
748 4460 803 4503 suo
825 4442 975 4516 quidquid
996 4443 1061 4500 ioco
1080 4440 1180 4511 condi,
1203 4434 1292 4518 48‚1
