2874 4994
242 343 286 408 30
603 349 793 412 COMMENT.
813 355 853 410 IN
873 354 1029 412 CATONIS

243 507 413 569 Eussnerus
436 527 464 588 p.
482 506 556 572 306.
594 520 726 572 ceterum
751 514 915 586 irripluum
938 511 995 571 hoc
1018 510 1083 571 luco
1102 511 1132 571 11
1151 507 1313 588 archetypo
1332 506 1384 568 iult

243 624 320 676 teste
347 614 505 698 Politiano,
534 619 605 678 item
633 628 736 697 postea
764 615 829 679 19
854 626 949 696 prata
978 622 1109 694 irripioa
1137 626 1167 677 et
1193 611 1384 696 1111111

243 725 375 798 irripioo
402 742 462 785 aon
490 732 594 805 eruut,
621 724 674 786 sed
704 722 772 805 1,6
800 728 907 787 bortus
935 729 1073 801 irriguus
1100 733 1131 785 11
1160 719 1271 802 149,1
1296 730 1384 799 proto

244 833 373 904 irripuo.

330 935 350 997 2
380 935 515 1009 Bulbos
539 940 737 1018 magarinus
766 949 920 1002 mustum
946 937 1180 1018 cuningulum
1209 945 1244 997 et
1271 933 1384 996 album

244 1023 445 1122 et'nigrum
474 1042 605 1104 lorcam
634 1045 836 1124 delphicam
864 1055 899 1108 et
928 1064 1092 1126 cypreum
1120 1053 1155 1106 et
1183 1043 1386 1106 siluaticam

243 1168 353 1211 nuces
377 1150 498 1211 ualuas
522 1148 704 1212 abellanas
727 1154 981 1232 praenestinus
1004 1171 1152 1233 graecas
1170 1151 1258 1212 baec
1278 1150 1386 1210 tacito

244 1259 297 1319 uti
320 1257 502 1335 serantur]
526 1259 675 1335 Cypream
698 1259 744 1320 vel
763 1264 900 1338 cipream
919 1260 1096 1340 apographa,
1120 1263 1280 1336 capricum
1299 1257 1387 1318 editio

242 1367 396 1444 princeps,
429 1363 481 1425 ubi
512 1364 675 1426 Politianus
708 1370 737 1427 ic
771 1366 891 1446 delevit,
932 1366 1025 1427 voluit
1057 1373 1156 1427 autem
1188 1364 1265 1426 haud
1300 1361 1387 1424 dubie

244 1490 396 1550 cupream.
453 1473 556 1533 bulbos
588 1476 759 1547 mauoriaos
791 1483 821 1534 et
853 1473 960 1535 deinde
992 1478 1114 1534 taurum
1148 1475 1319 1549 delphicam
1351 1502 1384 1512 -

241 1583 456 1656 praenestinos
487 1588 516 1639 et
546 1597 680 1654 praeces
711 1580 832 1641 Merula.
883 1585 1005 1642 latarum
1038 1583 1177 1657 cypriam
1209 1578 1284 1639 dixit
1319 1576 1389 1637 Catu

246 1683 319 1766 133,
338 1683 368 1747 2.
409 1684 523 1746 Plinius
545 1685 582 1746 de
602 1686 722 1748 Catonis
744 1691 911 1768 praeceptis
935 1688 1051 1749 rettulit
1071 1687 1153 1767 haec,
1176 1684 1226 1744 XV
1245 1681 1291 1745 90
1313 1686 1390 1744 baec

245 1796 341 1854 arbor
367 1786 546 1874 (amygdala)
577 1813 618 1853 aa
642 1792 742 1869 suerit
769 1798 801 1855 in
825 1796 918 1856 Italia
945 1796 1067 1855 Catonis
1094 1801 1195 1854 aetate
1222 1794 1391 1869 dubitatur,

245 1903 388 1976 quoniam
408 1918 543 1975 graecas
565 1904 709 1975 nominat,
733 1919 809 1977 quas
827 1905 950 1979 quidam
969 1910 999 1963 et
1018 1906 1048 1963 ia
1068 1903 1258 1976 iuptuadium
1275 1916 1392 1974 gerrem

245 2014 377 2069 seruam.
423 2009 521 2068 adicit
543 2016 709 2085 praeterea
737 2011 894 2071 abellanas
921 2018 950 2070 et
978 2013 1081 2070 calvas
1103 2004 1225 2090 (ouibus
1248 1998 1392 2086 codices),

242 2118 466 2192 praenestinos,
488 2132 566 2190 quas
588 2119 721 2176 maxime
743 2119 851 2177 laudat
873 2125 902 2177 et
925 2118 1064 2177 conditas
1086 2118 1152 2176 ollis
1171 2118 1201 2175 in
1221 2123 1309 2175 terra
1327 2131 1391 2173 ser-

246 2225 316 2282 uari
338 2223 450 2282 uirides
473 2224 571 2282 tradit
588 2218 663 2303 (Cat.
681 2219 754 2303 143,
769 2215 812 2304 3).
848 2222 887 2283 ib.
909 2220 972 2284 122
995 2224 1068 2284 (loto
1087 2225 1149 2282 tria
1166 2238 1285 2297 periero
1299 2221 1395 2295 myrti

243 2331 394 2405 prodidit,
426 2332 548 2404 piorum
576 2331 740 2390 candidam
771 2333 979 2405 coniugatam,
1006 2329 1150 2405 fortassis
1182 2346 1202 2387 o
1232 2327 1394 2400 coaiupiis,

246 2453 287 2496 ea
318 2438 369 2496 itio
402 2438 564 2496 cluacinae
594 2454 715 2510 uenere.
770 2435 807 2497 ib.
840 2434 899 2497 127
935 2440 1042 2497 taurus
1075 2437 1235 2511 triumphis
1264 2433 1394 2510 proprie

247 2543 426 2602 dicatur-
443 2544 504 2602 duo
528 2544 593 2603 eius
613 2560 731 2617 periero
755 2545 885 2603 tradidit
907 2545 979 2604 Cato
1003 2545 1171 2620 delphicam
1195 2549 1225 2602 et
1242 2541 1395 2616 cyprium.

249 2645 377 2708 1111193
399 2651 543 2725 proximo
566 2650 639 2708 trino
661 2656 706 2709 est
723 2650 882 2710 bulborum
901 2657 1024 2728 acturo,
1047 2668 1121 2725 quos
1143 2651 1216 2710 Cato
1235 2649 1395 2724 inprimis

247 2755 392 2814 serendos
420 2757 576 2831 praecipit
607 2756 768 2816 celebrans
799 2761 977 2833 meparicos.
1012 2789 1049 2799 .-
1088 2755 1250 2817 masculino
1281 2770 1395 2833 genere

248 2868 365 2921 murtus
384 2860 495 2921 dicitur
515 2862 603 2920 etiam
621 2857 694 2943 133,
709 2859 729 2922 2
747 2866 869 2923 laurum
888 2867 1037 2944 cypriam,
1056 2865 1234 2940 delphicam,
1249 2877 1397 2937 prunum,

248 2976 380 3028 martum
399 2971 594 3042 coniuratum
614 2975 643 3029 et
660 2976 792 3030 martum
811 2972 913 3031 album
932 2979 961 3032 et
978 2975 1108 3046 aiamim,
1128 2969 1270 3031 1111111111
1283 2985 1397 3047 genere
1423 2960 1429 2973 ⁶

249 3083 350 3135 murta
374 3074 410 3134 de
433 3073 506 3135 baca
530 3093 554 3136 c.
575 3071 645 3137 125.
661 3084 792 3138 murtam
815 3081 937 3154 elpram
960 3077 1095 3154 arsacito
1114 3086 1144 3138 et
1162 3084 1282 3137 murtae
1299 3092 1397 3136 semo-

249 3185 332 3242 dium
361 3190 390 3242 et
415 3191 546 3243 murtam
574 3186 705 3244 eximito.
752 3203 787 3244 ex
816 3184 939 3264 reliquis
967 3185 1057 3247 huius
1082 3185 1201 3264 generis
1224 3181 1397 3244 nominibus

246 3292 326 3362 ficus
350 3288 512 3351 masculino
536 3307 645 3369 genere
669 3289 781 3351 dicium
805 3301 851 3353 est
874 3292 975 3373 semel,
999 3288 1290 3366 1421111111,
1314 3291 1400 3365 quod

247 3414 344 3471 uenus
368 3415 432 3458 esse
455 3400 543 3476 votes,
566 3400 698 3471 enimito,
721 3407 875 3477 praeterea
895 3399 1037 3460 1111111111
1055 3417 1164 3478 genere
1183 3407 1214 3459 et
1232 3397 1269 3458 de
1288 3395 1397 3457 arbore

249 3512 279 3564 et
302 3504 339 3564 de
364 3502 508 3583 frugibus,
532 3522 621 3584 supra
641 3501 670 3585 8,
692 3503 708 3565 1
726 3509 803 3580 pecs
822 3509 971 3568 mariscas
990 3524 1064 3587 sqq,
1087 3526 1113 3568 c.
1131 3503 1174 3567 94
1190 3509 1247 3580 pici
1263 3506 1398 3566 scabrae

250 3629 309 3672 aaa
335 3614 425 3684 pent,
452 3628 477 3670 c.
497 3606 538 3669 99
565 3614 622 3683 fici
648 3614 759 3673 aridae
785 3616 814 3672 si
840 3615 919 3697 uoles
947 3616 993 3672 uti
1019 3616 1158 3689 inteprae
1183 3616 1260 3683 sint;
1287 3615 1398 3672 taurus

251 3718 393 3777 lerninino
421 3734 531 3795 genere
555 3716 573 3778 l.
593 3737 632 3798 1.,
659 3737 714 3798 pro
743 3737 802 3798 quo
830 3719 887 3780 boc
914 3719 980 3779 loco
1008 3724 1093 3780 lorea
1121 3738 1157 3779 ex
1185 3737 1243 3780 usu
1265 3717 1397 3797 vulgaris

251 3825 405 3901 sermonis,
424 3830 457 3883 ut
476 3831 558 3904 puto,
576 3835 731 3904 receptum
751 3836 809 3906 est3
829 3845 990 3904 cypressus
1005 3827 1145 3887 feminino
1161 3844 1270 3905 genere
1287 3822 1360 3906 151,
1375 3822 1397 3886 2

249 3949 349 3992 semea
377 3934 516 4007 cupressi
542 3936 723 3993 tarentinae.
771 3942 903 3993 ceterum
932 3935 963 3993 in
991 3932 1038 3993 his
1066 3931 1236 3994 nominibus
1265 3931 1397 3994 secunda

250 4036 447 4098 declinatione
476 4046 591 4099 tantum
620 4037 691 4100 Cato
720 4057 793 4100 usus
821 4040 880 4118 est,
908 4057 966 4099 non
995 4047 1112 4118 quarta,
1139 4041 1210 4101 item
1241 4037 1328 4114 tt,1
1357 4041 1398 4100 de

247 4141 486 4224 1111111231
510 4149 607 4223 pinos.
653 4145 705 4205 sed
730 4150 840 4207 malum
864 4153 894 4205 et
912 4163 1034 4222 pomum
1058 4153 1164 4206 neutro
1187 4164 1296 4226 genere
1320 4144 1398 4207 dixit

251 4260 282 4312 et
313 4250 419 4332 plurali
451 4269 576 4311 numero
609 4255 691 4311 mota
719 4259 749 4310 et
772 4269 878 4329 poma:
910 4252 940 4310 in
968 4250 1015 4311 his
1044 4253 1135 4332 enim,
1167 4253 1246 4312 sicut
1272 4254 1303 4313 11
1331 4251 1397 4313 aliis

252 4357 365 4431 multis,
399 4357 518 4437 frugum
551 4358 670 4417 nomina
698 4356 733 4416 ad
763 4359 842 4437 ipsas
870 4355 993 4418 arbores
1021 4358 1227 4436 significandas
1255 4358 1397 4420 translata

252 4473 331 4545 siunt,
355 4484 380 4527 c.
401 4463 429 4526 l.
453 4461 505 4524 28.
528 4460 580 4524 40.
604 4460 657 4525 41.
675 4461 728 4526 48.
746 4462 798 4526 51.
821 4461 986 4527 1211121.
1009 4463 1078 4528 133.
1100 4462 1172 4528 143.
1208 4465 1397 4546 1111111111-
