2874 4994
344 321 473 376 RERVM
492 319 730 376 uvsulcuuvu
749 320 816 375 LlB.
836 323 862 375 ll
882 320 900 376 3
1127 311 1189 376 155

120 465 266 554 ,αὐχένα
285 469 339 535 ami
358 470 523 556 τράχηλον
542 467 671 556 βραχὺν
689 469 744 536 aad
760 467 871 556 παχὺν
886 473 1031 556 ἔχοντας,
1044 466 1191 554 βρόγχον
1254 526 1259 554 ,

122 578 337 664 μακρότερον,
367 591 397 643 et
425 583 501 661 apud
531 581 722 643 Columellam
745 581 796 642 Vll
819 580 895 665 6‚2
928 602 1023 660 caper
1055 585 1107 642 cai
1134 584 1189 642 sab

120 692 184 751 callis
208 693 298 751 binae
320 694 504 752 verruculae
527 694 602 751 collo
625 692 794 767 dependeat
816 692 943 767 optimus
964 692 1104 762 labetur,
1128 706 1189 749 am-

120 800 179 858 :imi
191 801 337 875 corporis,
357 799 501 859 cruribus
516 801 637 878 crassis,
653 801 745 874 plana
764 805 794 858 at
807 799 893 858 breui
908 800 1035 870 cervice,
1046 797 1189 870 flaccidis

120 907 384 980 araearaaaatibas
413 907 552 979 caridus,
583 908 695 980 caiana
723 908 824 982 capite
855 908 944 980 niara
977 906 1127 977 densoque
1158 909 1187 963 ct

120 1014 150 1072 lo
173 1021 263 1086 atque
285 1015 456 1088 lonqissimo
474 1015 548 1088 pilo.
593 1010 670 1072 unde
695 1011 771 1090 apud
792 1009 953 1071 Varronem
973 1008 1115 1089 quaedam
1139 1027 1186 1068 ex-

120 1136 163 1179 sse
187 1121 365 1198 suspicatus,
380 1117 450 1178 olim
475 1116 665 1179 scribendum
694 1120 807 1179 conieci
830 1120 935 1178 hircus
962 1118 1193 1190 meliorisque·

120 1245 250 1303 corpore
273 1229 379 1303 ampla,
404 1227 548 1286 cruribus
571 1229 675 1301 loacas,
700 1228 777 1286 uillis
796 1227 896 1287 densis
915 1227 1012 1300 lanais
1030 1230 1059 1285 ct
1073 1225 1192 1300 potissi-

120 1338 215 1411 epiio
239 1335 316 1395 allo.

144 1437 164 1500 3
195 1438 232 1499 lu
257 1441 418 1500 sauracti
446 1437 610 1516 fiscello]
640 1441 677 1500 ln
701 1441 849 1501 Sauracti
875 1447 905 1501 et
927 1440 1055 1499 Fiscello
1078 1438 1194 1517 scripsi,

120 1555 131 1606 t
158 1548 326 1606 coniecerat
350 1544 566 1623 Schoettgenus
595 1555 625 1606 et
652 1556 720 1606 arrtc
749 1547 828 1607 hunc
853 1545 997 1607 Cluverus
1021 1543 1082 1604 ltal.
1102 1545 1192 1621 antiq.

120 1649 175 1715 45.
212 1652 330 1712 Catonis
360 1651 446 1711 rerba
475 1654 505 1711 in
534 1652 665 1713 secundo
696 1652 771 1713 libro
795 1651 949 1730 Originum
979 1651 1108 1711 editores
1141 1668 1190 1728 po·

120 1769 187 1821 tull.

142 1867 235 1927 (lues
250 1868 341 1926 cuim
356 1885 441 1945 quas
457 1867 640 1946 pascimus
659 1875 760 1927 ortae
780 1875 865 1928 suut
884 1865 924 1926 ab
944 1864 1072 1926 ouibus
1088 1860 1190 1941 ieris]
1239 1855 1243 1861 ’

120 1983 204 2036 ortae
225 1981 296 2034 sarit
319 1972 519 2034 Schneiderus
543 1976 678 2034 coniecit.

140 2080 161 2142 4
194 2080 236 2141 Ut
260 2100 297 2140 en
323 2080 440 2140 insula
465 2079 577 2141 media
596 2100 727 2159 capras
747 2080 918 2157 habeant]
939 2079 1046 2140 Melum
1066 2078 1191 2139 insulam

120 2188 275 2263 ,Mediam
299 2196 397 2248 autem
421 2206 475 2266 pro
494 2187 577 2247 Melia
597 2198 728 2266 propter,
742 2190 1001 2258 commutationem
1026 2186 1191 2247 litterarum

120 2294 228 2356 ellatam
251 2313 316 2355 esso
342 2294 472 2373 Scaliger
496 2294 653 2355 adnotavit.
692 2296 785 2356 Melia
810 2296 930 2374 scripsi,
956 2308 1133 2371 quamquam
1156 2291 1192 2351 de

120 2405 151 2462 ris
175 2401 269 2463 lleliis
294 2401 365 2462 nihil
389 2403 547 2462 memoriae
572 2401 721 2480 proditum
746 2411 799 2462 est.
838 2406 936 2463 insula
961 2401 1054 2462 Malia
1079 2399 1191 2460 dictum

126 2511 168 2570 sic
194 2520 225 2570 ut
247 2511 339 2590 prael.
359 2506 379 2570 3
403 2527 443 2570 esc
467 2512 566 2569 insula
593 2510 654 2570 Coa
677 2517 706 2570 et
733 2511 816 2570 Chia.

144 2614 164 2679 5
196 2617 242 2677 De
271 2618 449 2695 emptione
477 2615 585 2676 alitor
613 2615 692 2676 dico
721 2616 834 2696 adque
858 2612 941 2697 liet]
974 2617 1020 2677 lic
1046 2619 1193 2692 emptione

120 2744 147 2785 er
171 2732 261 2799 atarto
291 2727 329 2784 dc
356 2725 459 2784 ouibus
488 2726 556 2784 dico
580 2723 744 2805 iucundus,
772 2726 809 2784 dc
836 2727 984 2800 emptione
1011 2726 1101 2784 aliter
1124 2725 1192 2783 dico

120 2850 148 2892 te
168 2837 204 2904 fit
224 2830 372 2890 Victorius
396 2825 464 2889 ‘hoc
487 2830 649 2911 intellectu,
673 2840 706 2891 ut
729 2830 860 2891 ostendat
888 2848 919 2891 se
943 2840 1046 2891 contra
1069 2847 1192 2889 corune-

123 2957 188 2997 uem
221 2937 373 2997 hominum
406 2939 530 3018 sentire,
563 2939 614 3016 qui
647 2956 734 2998 sanas
762 2956 865 3016 capras
894 2936 984 2997 stulte
1012 2938 1193 3015 promittant,

120 3063 125 3102 ι
150 3044 213 3104 illae
238 3062 323 3104 sartae
348 3062 385 3103 ne
409 3053 519 3121 puncto
544 3043 663 3122 quidem
688 3046 829 3122 temporis
852 3039 936 3105 sint'.

146 3150 349 3210 llamilibus
373 3153 547 3228 scriptum
572 3149 742 3228 reliquit]
773 3151 946 3210 Mamilidus
969 3148 1019 3207 ΑΒ
1044 3158 1073 3208 et
1096 3150 1192 3226 ipsum

120 3265 264 3338 retypum,
293 3265 325 3316 ut
353 3256 482 3338 vitietur,
514 3276 573 3317 nou
600 3260 776 3337 monilibus,
808 3255 887 3334 quod
914 3255 1078 3315 Politianus
1106 3252 1194 3313 habet

120 3368 183 3424 ione
211 3365 353 3443 principis
382 3363 519 3424 editionis
544 3365 691 3425 illaniiius
715 3382 774 3424 non
798 3365 868 3423 satis
895 3372 1031 3423 accurate
1051 3368 1194 3441 correcta,

120 3475 217 3531 aillias
242 3490 284 3550 m,
316 3472 454 3530 manibus
488 3469 579 3530 codex
609 3469 811 3551 Florentium,
843 3472 1014 3531 mortalibus
1041 3467 1193 3529 Caesenas

120 3599 126 3638 ι
147 3578 173 3638 11
192 3575 276 3658 5,11
302 3581 415 3638 mamili
443 3581 578 3638 actiones
602 3585 631 3638 ot
654 3576 680 3637 ll
700 3575 763 3658 7,6
789 3582 820 3638 in
843 3581 958 3638 mamili
975 3578 1144 3638 actionibus
1164 3575 1193 3633 iu

120 3695 216 3765 retypo
240 3686 382 3762 scriptum
407 3694 471 3745 erat
494 3692 524 3744 et
547 3684 583 3745 de
607 3684 675 3764 ling.
695 3684 743 3746 lat.
762 3684 812 3744 Vll
834 3682 897 3746 105
920 3687 1069 3746 mamilius
1087 3683 1195 3744 scribit

120 3792 286 3852 Florentino
315 3791 429 3871 codice,
460 3790 509 3851 ubi
538 3793 685 3854 Manilius
713 3792 893 3872 Pomponius
922 3791 1029 3852 Laetus
1056 3792 1194 3851 correxit.

120 3920 136 3959 u
166 3900 268 3958 vitium
291 3901 440 3976 reperitur
468 3900 498 3958 in
525 3917 613 3960 manu
637 3901 757 3979 scriptis
780 3897 863 3958 libris
887 3898 1039 3958 Ciceronis
1062 3896 1098 3955 de
1122 3905 1194 3955 orat.

120 4006 142 4086 3,
157 4002 221 4065 246
246 4005 434 4066 illaailianas
456 4010 606 4067 vestalium
629 4009 853 4068 vendendorum
876 4010 956 4080 leaeo
979 4006 1129 4076 ediscere,
1157 4001 1195 4061 ib.

124 4110 191 4174 212
211 4112 262 4171 1113
276 4112 445 4173 Manilium.
484 4122 529 4173 est
548 4116 626 4173 enim
645 4112 690 4173 113
705 4111 840 4172 Manilius
860 4109 963 4172 consul
981 4129 1007 4172 a.
1022 4107 1095 4190 605,
1111 4110 1196 4170 cuius

120 4238 191 4281 oues
215 4218 259 4279 vol
283 4218 363 4297 leges
383 4218 528 4280 venalium
550 4220 770 4281 vendendorum
794 4237 897 4297 magna
921 4220 1095 4279 auctoritate
1120 4216 1195 4297 apud

120 4324 288 4388 sconsultos
312 4327 402 4387 luisse
427 4328 546 4389 scimus.

150 4432 239 4493 lllas
258 4451 383 4512 capras
396 4432 506 4494 nodie
526 4443 623 4496 recte
639 4453 718 4496 esse
733 4444 767 4496 et
785 4433 909 4497 hibere
927 4451 1033 4514 posse
1051 4432 1198 4499 habere-
