2874 4994
398 328 528 384 RERVM
545 328 786 384 RVSTIOARVM
803 329 870 386 LIB.
890 329 929 384 111
950 330 965 383 1
1183 322 1243 387 221

196 473 547 557 supercrearetur
575 484 790 564 manuscripti
818 501 921 545 omnes
949 493 980 544 et
1007 485 1150 563 impressa
1178 486 1246 546 inde

112 587 144 650 rb
167 589 271 650 Aldina
295 589 423 651 editione
446 590 637 671 exemplaria,
661 593 751 651 uitam
778 608 873 666 apere
900 593 929 651 in
957 592 1091 671 principe
1119 592 1246 654 editione

111 692 271 758 l’olitianus
295 714 353 756 non
377 699 516 758 correxit.

197 801 219 865 6
251 803 289 863 ln
313 805 455 883 graecia
479 803 592 865 aeolis
615 803 734 865 boeoti
758 804 836 864 sine
864 803 991 865 alllatn
1019 813 1148 865 uocant
1176 805 1247 865 col-

117 912 150 971 is
177 908 316 988 thebas]
341 912 457 972 Aeeteos
480 912 598 973 Boeotii
617 909 774 972 Victorius.
820 912 920 973 Aeolis
943 920 972 972 et
995 911 1086 971 Varro
1111 912 1184 973 dixit
1207 911 1246 971 ill

111 1013 157 1097 [2,
179 1015 200 1078 6
224 1017 261 1077 de
285 1017 353 1097 ling.
377 1018 424 1079 lat.
448 1014 533 1080 vab
555 1027 586 1079 et
612 1016 674 1080 102
697 1028 727 1079 et
750 1017 812 1100 alii,
840 1036 967 1099 quornm
995 1018 1126 1098 exempla
1155 1018 1247 1078 Laeb-

111 1143 236 1185 nannus
257 1127 287 1185 in
312 1124 431 1186 Lucret.
454 1145 482 1205 p.
501 1122 567 1187 280
589 1125 678 1187 dedit.
715 1127 800 1187 tebas
823 1124 934 1186 blerula
958 1135 988 1186 et
1012 1124 1133 1186 Victorii
1155 1127 1246 1188 editio

110 1235 248 1314 ·epetita:
271 1251 338 1293 nam
362 1233 425 1312 ipse
448 1235 553 1294 thebas
576 1251 610 1293 ex
635 1232 737 1293 Aldina
761 1232 890 1293 editione
915 1241 1077 1313 receperat.

197 1339 307 1401 Cuius
343 1341 537 1419 uestigium
575 1342 609 1400 in
646 1359 729 1419 agro
766 1338 890 1401 sabino
924 1341 980 1400 uia
1013 1340 1143 1401 salaria
1179 1360 1246 1402 non

114 1465 214 1527 ouge
245 1466 260 1507 a
290 1456 367 1509 rete
396 1446 575 1508 miliarias
603 1446 721 1508 cliuus
749 1446 952 1526 appellatur
984 1446 1119 1508 thebae.
1165 1447 1247 1509 Cum

110 1553 367 1632 ¹gricnltnram
399 1556 513 1634 primo
545 1564 694 1634 propter
725 1563 976 1634 paupertatem
1011 1557 1158 1615 maxime
1196 1557 1246 1615 in·

109 1661 301 1722 liscretam
331 1659 509 1721 babebant
541 1660 634 1739 quod
662 1678 678 1720 a
707 1659 915 1740 pastoribus
948 1663 1010 1740 qui
1041 1670 1144 1722 erant
1175 1663 1245 1722 orti

112 1786 133 1828 n
170 1767 293 1828 eodem
326 1785 409 1847 agro
442 1775 477 1828 et
509 1765 678 1827 serebant
711 1777 746 1827 et
778 1766 974 1847 pascebant
1005 1786 1092 1847 quae
1125 1779 1246 1848 postea

109 1883 302 1935 :reueruut
329 1876 483 1955 pecunia
511 1872 730 1952 diuiserunt]
755 1875 832 1935 Bete
854 1875 1035 1955 apographa,
1058 1883 1144 1937 reate
1166 1877 1246 1955 prin-

109 2000 174 2063 eps
197 1982 289 2042 editio
316 1999 333 2041 a
357 1980 500 2042 Politiano
523 2000 582 2042 non
606 1991 750 2042 correcta.
796 1992 861 2044 rete
884 1984 913 2043 in
944 1982 1103 2062 archetypo
1132 1982 1247 2043 videtur

109 2091 251 2169 sriptum
275 2089 376 2168 luisse,
399 2097 502 2168 postea
527 2101 695 2149 correctum
719 2097 813 2149 reate.
855 2092 1006 2150 miliarias
1029 2092 1125 2150 clivus
1147 2093 1245 2167 appel·

108 2206 195 2259 atur.
245 2196 343 2258 Tabae
378 2213 447 2256 cum
484 2199 708 2272 agriculturam
740 2199 841 2273 primo
874 2206 1002 2273 prepter
1035 2203 1247 2273 paupertatem
1309 2176 1311 2180 ὗ

108 2308 236 2366 maxime
260 2307 457 2365 indiscretam
481 2304 629 2364 babment
652 2321 715 2382 sqq.
740 2302 864 2383 biennia,
888 2306 1049 2364 milliarius
1071 2305 1166 2364 cliuus
1194 2321 1245 2379 ap-

108 2416 258 2474 reilantar
280 2410 407 2486 diebus,
429 2411 502 2471 Cum
520 2413 746 2485 agriculturam
766 2413 866 2487 primo
885 2416 1014 2486 prepter
1033 2416 1246 2487 paupertatem

108 2522 237 2580 maxime
259 2520 456 2579 indiscretam
479 2518 636 2596 baberent,
658 2520 740 2592 qaod
761 2536 781 2578 a
799 2519 976 2593 pastoribus
999 2519 1054 2592 qui
1075 2525 1164 2579 erant
1187 2520 1249 2577 orti

107 2629 132 2687 'aa
158 2627 263 2686 eodem
286 2631 417 2699 agraet
443 2625 585 2686 serebant
612 2631 642 2684 et
665 2625 847 2704 pascebant,
874 2626 928 2698 pur·
950 2631 1056 2699 postea
1084 2631 1247 2685 maceraret

107 2736 227 2795 cacalia
246 2734 415 2793 diuiserunt
433 2729 593 2812 Iucundos,
611 2729 662 2791 ubi
681 2735 853 2808 appellatur
871 2730 953 2791 dedit
970 2729 1129 2812 victorius,
1150 2729 1248 2791 Tabae

107 2839 239 2901 editores
259 2856 295 2898 ex
313 2840 439 2917 repetita
459 2836 581 2898 Victorii
599 2838 737 2900 editione.
773 2837 926 2917 archetypi
944 2836 1102 2899 lectionem
1121 2839 1247 2917 restitui,

107 2946 156 3007 sed
180 2963 250 3008 eum
273 2944 529 3024 coniunctionem,
553 2962 628 3023 quae
653 2946 682 3005 in
707 2945 808 3006 codice
832 2946 862 3004 iu
886 2946 970 3005 initio
998 2962 1090 3004 norae
1113 2945 1245 3004 enuntia·

107 3054 209 3132 tionis,
233 3053 311 3111 sicut
334 3048 497 3110 Politianus
524 3051 677 3132 indicavit,
701 3052 795 3129 posita
824 3058 901 3130 erat,
926 3052 1094 3130 transposui
1122 3060 1152 3109 et
1176 3068 1240 3129 per-

106 3158 257 3221 turbatum
288 3155 447 3219 verborum
475 3157 609 3218 ordinem
640 3158 770 3236 correxi,
798 3159 886 3216 cuius
919 3159 1073 3232 uestigium
1106 3158 1137 3215 iu
1169 3173 1246 3230 agra

106 3269 218 3329 Sabino
251 3268 300 3326 aia
329 3265 455 3326 Salaria
482 3282 542 3325 nau
570 3267 659 3339 longe
686 3281 705 3323 a
734 3263 844 3337 Beate,
872 3264 1022 3323 miliarias
1056 3264 1150 3323 clivus
1178 3279 1246 3322 cum

106 3377 276 3453 appellatur
313 3374 408 3434 tebae.
454 3374 526 3446 agri
556 3374 710 3432 culturam
739 3372 839 3447 primo
872 3377 1000 3447 propter
1032 3377 1246 3447 paupertatem

106 3484 234 3543 maxime
256 3481 453 3541 indiscretam
475 3479 636 3558 trabebant,
655 3480 737 3553 quad
758 3496 777 3539 a
797 3478 974 3554 pastoribus
997 3479 1051 3552 qui
1073 3483 1162 3537 eraut
1185 3479 1248 3538 orti

105 3590 262 3650 meodem
285 3605 363 3663 apro
385 3594 415 3646 et
437 3587 580 3647 serebant
602 3593 632 3646 et
648 3587 832 3662 pascebant:
855 3602 934 3659 quae
951 3592 1060 3662 pastea
1084 3591 1246 3644 creveram

105 3697 234 3758 recursio
258 3697 434 3755 amaseam.
480 3695 636 3772 vestigium
664 3695 779 3772 priscae
808 3692 938 3771 linguae,
962 3708 1020 3771 qua
1048 3689 1139 3752 colles
1164 3710 1246 3751 voca-

105 3805 211 3864 bantur
235 3801 335 3883 tebae,
358 3811 405 3863 est
432 3802 463 3861 ia
486 3818 557 3879 agro
581 3800 704 3882 Sabino,
728 3817 795 3861 cum
820 3797 963 3859 miliarias
986 3796 1093 3878 aliens,
1122 3799 1173 3876 qui
1201 3808 1246 3858 est

105 3918 130 3972 in
156 3912 201 3969 via
222 3907 341 3988 Salaria,
360 3926 396 3968 eo
421 3909 539 3968 nomine
563 3907 734 3987 appellatur.
771 3924 838 3965 nam
863 3913 946 3964 vetus
966 3901 1142 3963 Sabinorum
1164 3923 1244 3964 veca-

105 4015 206 4079 bulum
230 4034 245 4076 a
269 4033 374 4095 graeca
397 4016 512 4094 origine
537 4015 632 4092 repeti
659 4012 745 4073 etad
771 4029 877 4072 nomen
900 4027 1023 4089 graecae
1048 4006 1130 4069 urbis
1154 4009 1244 4087 expli-

105 4123 230 4186 :audum
254 4121 390 4182 adbiberi
412 4120 506 4182 voluit
525 4120 625 4181 Varro.
662 4119 767 4180 deinde
791 4119 827 4179 de
842 4117 1005 4203 ‚principiis
1025 4117 1088 4194 agri
1111 4115 1244 4176 culturae

104 4229 207 4293 scribit
235 4229 320 4291 baec:
344 4231 474 4309 primum
502 4228 637 4289 homines
665 4228 717 4305 qni
744 4244 759 4286 a
789 4222 958 4304 pastoribus
986 4226 1045 4284 orti
1073 4233 1158 4285 erant
1185 4223 1244 4284 cul-

104 4357 199 4401 uram
213 4354 353 4418 agrorum
374 4354 432 4398 non
455 4336 614 4397 discretam
634 4332 809 4394 habebanta
828 4328 1020 4412 pastionibus,
1035 4349 1102 4391 eum
1122 4343 1244 4411 propter

104 4455 306 4527 perapertatem
339 4446 369 4504 in
405 4444 508 4505 eodem
544 4460 615 4521 agro
647 4450 678 4502 et
709 4457 815 4519 greges
847 4447 1003 4518 pascerent
1035 4448 1065 4497 et
1097 4437 1244 4499 frumenta
