2874 4994
236 319 298 381 112
574 324 764 381 COMMENT.
783 325 823 379 IN
841 323 1028 379 VARRONIS

234 483 330 560 pavita
353 482 418 543 fieri
441 491 560 561 oportet
582 491 611 542 et
635 483 771 563 maxime,
795 482 820 541 si
843 492 890 542 est
908 479 1018 561 argilla,
1037 496 1075 540 ex
1093 478 1149 539 hae
1168 477 1334 541 iaoieudaut

1408 431 1436 490 at

234 588 342 649 deinde
364 592 424 649 situ
448 593 641 665 poeminosu,
669 589 746 668 quod
776 587 852 668 apud
876 587 1003 648 Nonium
1028 587 1151 668 legitur,
1178 588 1218 647 ita
1240 586 1337 647 deirodt

237 695 382 777 Scaliger,
415 706 450 757 ut
477 696 513 756 de
541 699 640 775 granis
671 715 746 776 quae
777 699 868 757 situm
902 703 1115 756 contraxerunt
1145 693 1253 756 dietum
1279 702 1344 753 eant.

235 805 328 883 ipsam
355 822 454 864 aream
482 806 581 883 potius
610 813 693 864 aestu
722 804 885 864 hisoentern
914 805 1114 884 paeminosam
1142 801 1202 862 diei
1227 818 1260 861 ex
1283 818 1342 881 prae·
1434 784 1436 791 ¹

235 911 330 990 ceptis
354 908 494 970 Varronis
522 919 657 989 apparet:
682 929 747 970 narn
772 919 924 990 praeterea
944 909 980 971 de
1004 909 1220 988 significatione
1241 907 1349 970 radidi

234 1016 308 1078 nihil
332 1026 455 1078 constat.
494 1027 523 1078 et
542 1016 614 1077 vidit
633 1017 688 1077 hoe
708 1016 874 1078 FroehdIus
893 1016 929 1077 de
949 1017 1005 1077 hoc
1024 1017 1089 1078 loeo
1108 1016 1261 1096 disputans
1276 1016 1352 1077 aaut

235 1124 334 1204 phitoi.
359 1143 382 1185 a.
410 1122 494 1186 1876
518 1144 545 1204 p.
565 1122 644 1206 349,
672 1143 739 1184 oum
769 1124 856 1185 Nonii
889 1124 1046 1185 lectionem
1074 1142 1145 1185 oum
1177 1142 1211 1185 ea
1242 1126 1355 1204 quaein

238 1231 378 1293 Varronis
402 1231 485 1293 libris
509 1233 607 1292 estin
631 1230 711 1292 hunc
736 1230 854 1292 modurn
878 1233 1088 1313 coniungeret,
1114 1250 1156 1293 ne
1181 1233 1210 1292 si
1229 1234 1267 1292 sit
1284 1239 1355 1292 ιαλιι

232 1342 419 1415 pueminoso.
456 1339 534 1399 idem
563 1338 639 1418 apud
663 1338 791 1399 Nouium
816 1337 978 1399 Muellerus
1005 1338 1105 1399 edidit.
1154 1339 1250 1418 aptius
1275 1347 1363 1398 unam

236 1455 266 1507 et
294 1449 386 1525 magis
415 1445 667 1507 accommodatum
696 1446 730 1505 ad
760 1444 900 1506 Varronis
929 1464 1096 1506 sermonem
1125 1453 1173 1506 est
1202 1443 1277 1524 quod
1298 1443 1374 1504 din)
1434 1462 1436 1475 ·

237 1552 389 1613 Gesnerus
412 1556 589 1632 coniecerat,
612 1572 651 1614 ne
673 1561 759 1614 aestu
779 1556 957 1629 poeninosn
979 1556 1007 1613 si
1027 1557 1075 1614 sit.

323 1659 368 1720 Ea
393 1663 487 1722 enim
510 1659 703 1721 herbarum
728 1659 768 1720 de
793 1678 933 1720 amurca
953 1668 988 1721 et
1006 1659 1237 1721 formicarum
1255 1669 1286 1719 et
1301 1657 1334 1719 td
1352 1692 1391 1704 -

235 1785 357 1846 parurn
381 1764 577 1844 uenenum]
603 1768 649 1827 Eo
673 1771 753 1828 enim
775 1769 941 1828 herborum
965 1776 1010 1828 est
1032 1770 1160 1828 r'nr'mieu
1182 1785 1218 1826 ex
1243 1766 1398 1846 panope

235 1872 366 1935 editione
395 1873 490 1935 adhue
519 1883 673 1954 receptum
701 1882 778 1955 erat,
806 1892 984 1954 quamquam
1008 1873 1158 1934 Viotorius
1185 1876 1224 1935 de
1249 1890 1399 1934 amorra

235 1981 266 2040 in
291 1980 392 2042 codiee
420 1983 565 2060 sorIpturn
590 1980 679 2060 idque
708 1999 742 2042 ex
772 1984 906 2060 margine¹
927 1984 957 2042 in
987 1981 1076 2042 rerba
1099 1980 1240 2042 Varronis
1263 1978 1400 2039 iliatam

185 2142 188 2147 .
238 2105 305 2147 esse
329 2087 527 2149 adnotaverat.

324 2194 344 2257 2
377 2195 668 2276 Quosuooedant
686 2195 848 2256 homines
871 2198 906 2257 in
927 2206 1029 2258 aestu
1049 2204 1212 2274 tempore
1233 2191 1375 2254 meridi
1394 2221 1401 2231 ·

235 2301 314 2379 ano]
343 2302 487 2379 Tempore
508 2306 679 2365 meridiano
703 2302 796 2363 deleri
818 2302 910 2364 voluit
934 2303 1069 2365 Ursinus.

323 2409 409 2470 LIII
445 2408 541 2480 Quae
570 2429 673 2488 seges
701 2409 940 2489 grandissima
969 2417 1079 2489 atque
1107 2412 1238 2490 optima
1265 2408 1327 2468 iuer
1350 2404 1403 2463 it

235 2535 396 2577 seorsum
421 2519 454 2576 in
479 2535 593 2576 aream
618 2519 760 2577 secerni
784 2525 932 2597 oportet
951 2518 1073 2595 spioas
1092 2528 1131 2577 ut
1150 2523 1329 2593 semeuopt
1365 2509 1404 2567 ἱ

235 2642 324 2685 muru
349 2622 498 2700 habeat]
527 2627 610 2696 Qrtoe
633 2644 651 2684 e
672 2631 773 2699 repete
793 2627 1020 2699 prendissimoe
1048 2632 1142 2700 atque
1163 2627 1288 2702 optimae
1302 2620 1345 2697 fac
1354 2630 1406 2673 Δ·

235 2734 299 2791 rint
325 2733 443 2806 sptene,
470 2748 604 2790 seorsum
635 2734 665 2791 λα
694 2749 799 2791 aarum
826 2734 948 2792 secerni
974 2739 1105 2807 oportet,
1133 2739 1168 2792 ut
1193 2749 1286 2793 semen
1306 2742 1360 2805 uf
1370 2736 1407 2794 ‘i-

239 2835 366 2896 Ursinus
381 2835 446 2896 coll.
460 2855 584 2916 geopon.
600 2837 626 2896 II
644 2835 692 2917 16,
708 2835 727 2899 3
742 2830 838 2911 ’τινὲς
862 2830 898 2898 δὲ
917 2830 996 2911 τοὺς
1014 2828 1219 2917 ἆὸροτέοους
1237 2828 1407 2916 στάχυας

235 2938 443 3022 ἐπιλέγονται
469 2935 548 3016 τοὺς
576 2942 711 3024 ἔχοντας
733 2937 874 3018 κόκκους
900 2940 1036 3026 πλήρεις
1068 2939 1125 3006 καὶ
1153 2943 1292 3017 τελείους
1313 2923 1407 3001 παῖ
1434 2934 1436 2977 ³

236 3048 282 3122 εἰς
302 3043 430 3130 σπόρον
449 3046 588 3130 τηροῦσι
602 3049 761 3112 καλλίονα
780 3043 840 3112 τὸν
860 3047 895 3112 ἐκ
913 3046 1043 3112 τούτων
1062 3043 1193 3133 καρπὸν
1211 3040 1353 3133 κομιζόςι
1371 3056 1405 3098 ³·

235 3179 297 3220 νοι.
332 3158 527 3238 grandissima
542 3158 652 3218 dieitur
675 3178 709 3220 ea
729 3177 823 3241 segor,
846 3177 922 3238 quae
942 3161 1039 3237 spicas
1058 3158 1270 3238 grandissimas
1286 3162 1403 3235 atqss‘

235 3268 360 3345 optInras
384 3265 479 3325 habet.
517 3284 553 3325 ex
572 3265 627 3327 hac
647 3269 743 3346 spicas
762 3284 896 3327 seorsum
917 3284 932 3325 a
955 3265 1078 3345 reliquis
1097 3268 1130 3327 in
1145 3285 1244 3327 aream
1261 3252 1400 3327 second

235 3380 360 3451 oportet.
399 3392 495 3452 neque
517 3377 602 3434 tertia
625 3391 752 3452 persona
777 3371 859 3433 verbi
881 3374 1002 3453 hadent,
1021 3391 1077 3452 pro
1096 3392 1155 3453 qua
1174 3375 1285 3435 hodene
1299 3370 1397 3430 Ges·

236 3497 326 3539 uerus
346 3488 375 3539 et
400 3478 600 3539 Schneiderus
628 3478 718 3539 soribi
747 3479 917 3561 voluerunt,
942 3482 1137 3541 oiiensionern
1166 3479 1310 3560 praebebit
1329 3468 1394 3535 iit

237 3588 288 3664 qui
312 3584 451 3645 Varronis
475 3603 570 3666 usum,
594 3585 629 3646 de
655 3604 712 3665 quo
738 3584 798 3666 12,
813 3584 853 3648 21
879 3586 948 3665 din,
975 3597 1167 3667 perspectum
1191 3586 1301 3648 habent

325 3691 360 3750 id
386 3692 428 3751 sit
451 3712 466 3752 e
492 3691 610 3753 tabula
635 3693 817 3773 lapidibus
840 3703 899 3755 aut
919 3694 1018 3755 ferro
1043 3703 1213 3775 asperata
1231 3693 1385 3773 quoim·

236 3799 353 3875 posito
391 3799 513 3876 auriga
552 3809 611 3859 aut
647 3800 805 3878 pondere
843 3800 969 3879 grandi
1008 3801 1171 3862 trahitur
1208 3791 1382 3861 tumentia

235 3904 369 3963 iunctis
401 3914 461 3965 aut
492 3905 646 3966 discutit
683 3926 698 3965 e
735 3910 831 3987 spica
860 3907 988 3987 grana]
1028 3909 1227 3985 Exosperoto
1257 3899 1375 3969 Iterato·

234 4027 313 4084 quoe
345 4014 480 4088 imposito
513 4016 625 4087 aurion
662 4021 716 4074 oret
744 4016 881 4090 pondere
916 4017 1034 4090 arandi
1065 4017 1204 4076 trahitur
1239 4004 1370 4076 ιάιιιοιῖῧ

235 4118 354 4192 iunotr's,
377 4126 410 4176 ut
434 4122 579 4179 discutior
601 4118 760 4181 iucarndus
797 4137 856 4194 quo
885 4124 1022 4198 imposito
1050 4123 1081 4181 in
1105 4121 1224 4183 Iuntina
1246 4119 1360 4182 editione

235 4224 420 4296 restitutum,
449 4224 500 4282 sed
529 4233 562 4284 ut
590 4228 735 4286 discutiet
762 4246 797 4287 er
827 4225 929 4287 Aldina
954 4226 1092 4287 relictum
1120 4237 1195 4289 erat
1235 4222 1352 4289 intutum
1430 4238 1435 4249 ’

236 4326 268 4384 iit
292 4344 307 4383 e
332 4326 428 4385 tabula
452 4348 527 4407 qnae
551 4329 697 4410 lapidibus
720 4341 770 4393 orit
789 4334 870 4393 ferro
894 4343 1028 4414 asperata
1053 4343 1113 4396 esi:
1137 4337 1169 4396 in
1192 4352 1253 4397 eam
1267 4329 1344 4404 auriti
1422 4354 1436 4387 ι·

236 4428 281 4489 rel
318 4433 433 4510 pondus
470 4436 587 4514 ainuod
624 4439 735 4516 grande
772 4443 950 4522 imponitur,
988 4450 1052 4503 tum
1088 4443 1230 4504 iumentis
1260 4432 1339 4500 turis

1417 4454 1436 4497 ir
