2874 4994
141 326 185 390 62
483 309 674 389 couneus.
693 332 734 387 ιιι
752 331 942 387 vasconis

143 490 174 548 in
198 486 280 547 Varr.
300 506 327 567 p.
350 484 390 548 13
415 485 548 547 defendit
574 486 687 548 collatis
715 489 810 567 ipsius
833 485 952 548 Catonis
975 483 1076 546 rerhis
1097 480 1183 567 10,1
1208 502 1261 560 pao

141 597 229 655 modo
251 598 361 655 oletum
384 597 458 668 apri
480 597 590 669 iapera
614 590 722 656 CCXL
746 597 900 655 instruere
921 599 1069 670 oporteat,
1094 608 1170 670 quac
1189 588 1260 652 Varro

143 701 323 779 repetiverat
349 697 398 781 18,
415 698 447 781 1,
474 700 526 761 sed
551 699 648 761 addito
677 703 813 779 genetivo
837 703 911 776 apri
936 708 966 761 et
994 697 1139 779 singulari
1160 715 1259 759 numen

142 810 289 868 olioetam.
328 824 419 884 quare
449 808 556 886 scripsi
584 811 615 868 ia
643 810 745 869 oliveti
770 807 876 867 CCXL
902 809 1027 881 iaperrs.
1064 803 1169 866 eodem
1195 805 1260 866 modo

142 916 287 994 scriptum
316 922 362 973 est
390 911 486 995 22,3
519 917 621 976 oliveti
652 916 762 988 iapera
795 913 901 973 CCXL
928 915 984 988 pai
1011 916 1136 974 caleret.
1170 914 1260 988 tepens

141 1018 267 1081 ahlatiro
295 1039 365 1080 casu
395 1020 502 1101 legitur
531 1000 658 1101 110,'1‚
681 1021 838 1094 iapert'has
860 1016 945 1099 118,
967 1014 981 1080 l
1008 1025 1040 1079 et
1062 1015 1093 1080 5.
1121 1017 1161 1078 lll
1180 1015 1258 1101 12,11

141 1128 277 1205 genetivo
307 1130 463 1201 luperam
491 1127 635 1206 singulari
663 1143 787 1186 numero
816 1128 956 1201 luperam
984 1127 1086 1201 iaperi
1112 1128 1220 1201 iapero.

232 1234 284 1294 lta
312 1234 356 1293 iit
382 1241 421 1292 ut
448 1251 594 1293 saserna
623 1231 712 1292 dicit
743 1249 865 1292 uerum
893 1230 934 1292 ad
963 1230 986 1291 C
1014 1232 1139 1310 iugera
1165 1232 1258 1309 lugan

142 1359 231 1420 opus
255 1339 327 1417 est]
358 1341 406 1399 Ita
426 1343 463 1412 fit
493 1347 526 1400 at
549 1341 686 1400 Saserna
715 1341 800 1400 dicat
826 1356 930 1399 aeram
958 1340 1003 1399 ad
1027 1345 1150 1399 centon
1175 1340 1260 1411 inpar

142 1451 246 1522 tapam
260 1465 336 1524 opas
349 1464 413 1507 esse
428 1465 462 1506 en
479 1448 613 1527 principe
629 1446 758 1506 editione
773 1443 923 1523 vulgatum
939 1451 1011 1505 erat.
1049 1447 1095 1505 ita
1108 1447 1137 1505 si
1149 1443 1260 1504 δαιαιιι

142 1556 218 1615 aicit
239 1585 276 1595 -—
298 1571 373 1630 opas
392 1561 438 1614 est
456 1552 665 1614 Schneiderus.
703 1557 746 1614 ita
762 1556 801 1627 fit
818 1560 859 1628 at,
878 1556 906 1613 si
924 1554 1060 1613 Saserna
1080 1552 1156 1612 dicit
1172 1565 1261 1621 aaran

143 1663 187 1721 ad
212 1661 236 1720 C
257 1664 366 1735 iapera
390 1663 493 1734 tapam
516 1678 590 1736 opas
613 1663 653 1720 sit
675 1661 794 1739 scripsi.

230 1766 403 1828 Neutrum
426 1766 565 1827 modum
589 1765 715 1827 horum
734 1784 869 1827 omnem
889 1766 928 1826 ad
949 1783 1071 1844 agrum
1091 1764 1264 1825 conuenire

143 1870 247 1951 puto]
280 1874 405 1934 Modern
437 1876 467 1933 in
495 1892 525 1933 m
553 1881 583 1933 et
611 1876 641 1933 in
669 1872 841 1934 Florentino
870 1872 972 1933 codice
1005 1873 1151 1932 omissum
1179 1869 1264 1931 delerit

143 1977 303 2040 iucundus.
343 1979 422 2041 modi
445 1989 544 2041 autem
568 1980 709 2042 dicuntur
732 1982 784 2059 qui
807 1999 823 2040 a
847 1978 973 2041 Saserna
996 1986 1028 2039 et
1050 1997 1067 2038 a
1086 1977 1196 2039 Catone
1215 1992 1265 2038 con·

144 2087 243 2145 stituti
266 2097 360 2168 erant,
384 2105 510 2165 quarum
535 2095 642 2148 neuter
666 2086 701 2147 ad
725 2104 843 2147 omnem
867 2104 971 2165 agrum
995 2087 1144 2147 convenit.

222 2192 298 2254 ntia
314 2196 405 2254 enim
421 2204 517 2255 terra
533 2194 676 2255 facilior
690 2193 956 2255 autdiflicilior
970 2201 1025 2253 est
1039 2192 1144 2254 aliam
1157 2201 1267 2253 terram

145 2296 256 2360 hones
279 2302 514 2379 proscindere
535 2303 605 2362 uisi
624 2303 760 2379 magnis
781 2299 922 2361 uiribus
942 2317 1009 2361 non
1028 2297 1199 2380 possunt]
1217 2298 1269 2358 Alio

143 2409 224 2467 enirn
247 2415 334 2468 terra
353 2408 483 2484 facilior
507 2417 562 2469 aat
584 2406 743 2484 difficilior
766 2415 811 2468 cst
833 2411 905 2468 alin.
946 2407 1072 2468 Terram
1088 2407 1270 2484 proscindere

143 2530 204 2574 non
223 2517 284 2574 nisi
306 2517 394 2577 hoves
418 2520 537 2591 mapnis
557 2516 676 2575 nirthas
691 2523 819 2591 possunt
833 2513 955 2595 Merula,
974 2512 1025 2574 uhi
1042 2521 1161 2574 terram
1179 2516 1269 2573 darn

140 2622 343 2694 proscindere
361 2626 422 2682 nist
439 2624 526 2683 boves
545 2624 663 2696 mappis
682 2622 799 2682 atridas
816 2639 874 2682 non
890 2627 1018 2698 possunt
1031 2617 1186 2680 iucundus
1198 2616 1268 2696 dedit,

144 2731 259 2784 terram
291 2727 379 2787 bores
403 2731 605 2804 proscindere
631 2729 692 2788 nisi
718 2731 837 2803 mapnis
855 2745 918 2806 sqq.
943 2725 1101 2787 Victorius.
1137 2722 1268 2803 archetypi

144 2833 323 2910 scripturam
349 2830 549 2893 Schneiderus
573 2834 714 2894 restituit.

232 2935 253 2998 2
299 2937 519 3017 Relinquunt
556 2938 738 3016 uomeres]
789 2939 941 3000 Vomerem
977 2940 1078 3018 recepi
1121 2958 1157 3000 ex
1192 2936 1268 2999 Nonio

143 3062 171 3123 p.
191 3040 300 3126 80,16
332 3046 430 3106 Varro
453 3047 492 3106 de
519 3065 556 3107 re
578 3050 696 3108 rustica
720 3048 769 3107 lid.
791 3046 810 3105 I
829 3053 859 3107 et
885 3063 976 3122 saepe
1000 3044 1109 3120 fracta
1138 3047 1213 3106 haro
1230 3059 1266 3103 re

144 3154 263 3211 lincunt
284 3170 432 3214 vomerem
456 3156 487 3213 in
511 3170 594 3214 arvo.
664 3175 667 3181 ’

233 3258 307 3328 Οιιο
327 3259 547 3339 sequendum
567 3258 670 3320 nohis
689 3261 725 3318 in
745 3257 898 3337 singulis
922 3258 1044 3319 lundis
1063 3258 1143 3319 dum
1166 3271 1265 3319 sumus

146 3366 281 3424 notricii
316 3366 455 3444 triplici
489 3366 614 3445 regula
648 3367 852 3444 superioris
884 3365 1019 3425 domini
1051 3367 1217 3426 instituto
1240 3366 1265 3420 et

145 3473 348 3531 uicinorum
373 3480 408 3532 et
426 3476 653 3551 experientia
673 3471 835 3552 quadam]
861 3475 949 3546 (laod
963 3475 1151 3549 sequendam
1168 3465 1265 3545 llerula,

144 3595 203 3652 qao
227 3581 411 3653 sequendam
434 3572 602 3661 (sequenda
627 3573 733 3663 voluit)
758 3581 843 3641 nohis
866 3583 897 3640 in
920 3582 1048 3655 sinpalr's
1067 3578 1188 3654 sanclis,
1212 3578 1265 3637 dte

144 3701 246 3743 samos
265 3687 385 3758 novicii,
410 3688 523 3761 triplex
540 3690 658 3761 reputa,
677 3688 847 3762 superioris
866 3688 981 3746 domini
998 3688 1148 3746 institutio
1168 3691 1197 3745 et
1211 3681 1264 3742 ricl-

146 3807 254 3850 noram
278 3798 307 3849 et
329 3795 521 3868 experientia
540 3795 690 3867 quaedam
710 3791 875 3873 iucundus,
903 3809 962 3867 qao
989 3795 1177 3867 sequendam
1201 3788 1264 3852 noll

143 3927 188 3939 -
207 3899 356 3973 triplicem
378 3902 525 3977 reptatam,
548 3902 716 3975 superioris
740 3901 856 3959 domini
877 3901 1046 3959 institutam
1069 3906 1101 3960 et
1123 3901 1264 3959 vicinam

145 4011 175 4063 et
201 4007 422 4081 experientiam
446 4007 600 4078 quandam
625 4004 835 4065 Schneiderus.
871 4003 1024 4085 archetypi
1052 4006 1222 4084 scripturam
1241 4000 1264 4059 ln

144 4110 261 4173 luntina
291 4111 420 4171 editione
451 4112 618 4172 restitutam
642 4110 817 4172 exhibuerat
840 4109 997 4171 Victorius.
1033 4112 1065 4171 in
1090 4111 1145 4172 hac
1163 4123 1263 4186 separo·
1300 4095 1303 4100 ’

145 4221 215 4278 dum
239 4235 299 4277 non
323 4216 421 4277 addito
446 4219 564 4277 nomine
588 4217 700 4278 dictum
725 4226 771 4278 est
789 4217 826 4278 de
850 4219 887 4277 iis
910 4219 979 4298 qui,
1006 4217 1078 4278 dum
1102 4220 1159 4296 ipsi
1181 4208 1263 4278 noriil

147 4328 225 4402 sunt,
248 4324 430 4400 propositam
454 4323 490 4383 ah
514 4323 578 4383 aliis
602 4341 734 4384 normam
760 4332 929 4404 sequuntur
956 4324 1001 4384 rel
1030 4327 1196 4405 praeceptis
1217 4317 1263 4398 qil·
1310 4333 1315 4349 ·

76 4460 79 4465 ‹
144 4425 266 4487 busdam
291 4427 449 4512 ducuntur,
473 4432 551 4491 sicut
573 4428 705 4511 111,24
732 4440 767 4493 at
789 4434 913 4507 quidam
937 4429 1061 4507 saciant
1087 4431 1260 4510 semenator
