2874 4994
236 344 280 411 92
595 355 786 412 COMMENT.
804 356 844 410 IN
862 354 1019 411 CATONIS

238 512 421 589 grammatici
448 519 635 574 notaverunt.
680 512 790 572 dicitur
817 513 895 571 eiiim
924 519 974 571 aut
1007 528 1074 571 cum
1102 510 1204 571 tuturo
1231 516 1285 570 aut
1312 526 1379 570 cum

238 618 339 679 tuturo
367 626 469 679 exacto
494 621 548 699 ita,
576 628 610 679 ut
633 621 663 679 in
688 620 827 698 primaria
851 619 996 678 sententia
1021 617 1212 696 imperativus
1236 623 1289 677 aut
1312 634 1380 677 can·

240 727 389 786 iunctivus
413 734 540 805 'tonatur
564 729 593 787 in
613 728 788 807 praeceptis,
812 725 910 786 addito
930 724 1105 805 plerumque
1123 742 1219 800 usque
1237 726 1317 785 acteo
1334 723 1378 784 rel

237 851 345 908 risque:
368 830 420 913 67,
435 831 455 892 2
475 852 633 895 amurcam
652 840 811 895 commutet
829 850 925 908 usqne
942 836 1027 905 aneo,
1043 835 1142 897 donec
1161 834 1193 892 in
1212 835 1316 893 lacum
1335 864 1379 876 -

233 943 419 1016 pervenerit,
440 939 525 1013 764
544 944 629 1002 linita
648 960 743 1015 arsque
762 942 847 1014 adeo,
867 942 963 1000 donec
975 971 1013 981 —
1026 941 1224 1020 nbusns'erie,
1242 935 1286 1000 86
1301 942 1379 1001 tacte

237 1051 333 1108 addat
352 1051 501 1124 paulatim
529 1066 624 1123 usquc
654 1051 744 1122 acteo,
772 1051 869 1108 donec
896 1064 1017 1108 cremar
1040 1064 1163 1108 croscus
1186 1049 1247 1107 erit
1265 1045 1378 1122 factus,

237 1151 330 1234 88,1
361 1158 472 1216 cotidie
496 1155 594 1231 [actio
623 1175 717 1231 insonte
740 1158 830 1229 adca,
861 1157 957 1216 donec
979 1158 1028 1214 sal
1049 1157 1193 1215 desiverit
1215 1156 1379 1232 tabescere,

234 1259 313 1322 1112
336 1281 432 1337 nsque
455 1266 531 1324 adeo
556 1265 586 1322 in
610 1268 671 1323 soie
694 1265 812 1336 bubata,
837 1264 932 1323 donec
956 1265 1156 1337 concreverit,
1181 1256 1381 1340 106111ιί1-

234 1375 299 1429 ceto
322 1387 416 1444 iisqne
438 1372 523 1443 tideo,
548 1373 644 1430 donec
667 1388 752 1430 orizam
774 1350 979 1444 pallinaccnm
1003 1377 1121 1430 coctum
1142 1370 1271 1443 natabit,
1294 1364 1381 1451 43,2

232 1493 327 1550 usaue
350 1479 446 1537 donec
469 1480 579 1537 trimae
602 1485 702 1552 crunt,
723 1476 833 1552 faama
855 1482 980 1553 oportet,
1006 1471 1078 1554 156,
1097 1471 1118 1536 5
1141 1478 1264 1550 conicito
1287 1494 1381 1551 nsque

233 1584 328 1643 tioncc
352 1585 550 1644 conmadebit.
595 1602 648 1662 per
672 1603 703 1643 se
728 1583 823 1643 sotum
848 1584 976 1662 positum
1002 1590 1047 1641 cst
1070 1578 1163 1663 67,2
1186 1585 1288 1644 lacum
1311 1600 1379 1644 can·

232 1695 333 1770 rnutet,
357 1692 453 1750 donec
481 1693 512 1749 in
542 1693 654 1751 dotium
674 1694 862 1766 peruenerit,
893 1685 966 1768 150,
986 1686 1005 1748 2
1030 1691 1126 1749 donec
1150 1690 1271 1749 domino
1295 1693 1382 1750 satic-

228 1793 542 1869 scceritautsolnerit,
549 1799 677 1872 pionori
686 1805 736 1857 est.
758 1799 900 1857 danicum
910 1796 1054 1873 scriptum
1066 1802 1111 1854 est
1122 1790 1196 1877 146,
1207 1792 1228 1856 2
1238 1799 1381 1858 donicum

231 1904 360 1962 solutum
374 1905 483 1962 erit-
497 1906 625 1978 pipncri
635 1911 731 1974 sunta,
749 1899 852 1982 149,2
867 1905 1008 1963 donicum
1020 1904 1183 1977 pecuniam
1197 1907 1326 1964 solaerit
1343 1936 1379 1947 -

229 2011 354 2083 pipnert
363 2016 459 2084 sitnia,
472 2006 673 2090 161,3usquc
685 2012 786 2070 licebit
794 2013 895 2090 nelias,
906 2011 1046 2069 (ionicum
1056 2012 1193 2071 insemen
1202 2013 1383 2084 uiderisire,

232 2123 262 2174 ct
272 2115 349 2194 apud
361 2114 527 2177 Charisium
537 2136 564 2196 p.
575 2114 695 2196 lutto
707 2118 779 2178 Cato
790 2112 833 2176 ‘tu
845 2120 956 2177 otiosus
967 2118 1111 2189 ambulas,
1121 2120 1176 2192 qui
1183 2120 1270 2195 aputi
1279 2136 1383 2194 renem

229 2220 325 2296 fuisti,
341 2226 481 2284 danicnm
498 2228 547 2285 itte
556 2227 612 2285 tibi
625 2228 784 2285 interdicit
794 2243 858 2285 rem
868 2218 1051 2301 capitalem'.
1070 2226 1187 2302 saepius
1196 2243 1296 2300 usque
1306 2228 1384 2288 adea

233 2332 303 2390 ditm
312 2329 356 2389 vel
365 2336 538 2406 tuscanecium
547 2331 590 2391 vet
599 2331 694 2392 sotum
706 2335 776 2392 atim
787 2350 855 2391 cum
864 2333 1051 2392 coniunctivo
1060 2333 1227 2410 praesentis
1236 2335 1384 2413 temporis

233 2436 345 2496 dictum
366 2447 410 2498 est
430 2441 500 2499 item
520 2441 550 2498 in
570 2441 745 2520 praeceptiS,
765 2439 816 2499 sed
837 2458 905 2499 cum
924 2446 1005 2499 certa
1020 2438 1135 2498 consilii
1152 2439 1383 2519 significatione,

233 2540 323 2625 95,1
350 2549 465 2619 apitata
494 2547 604 2607 crebro
629 2564 722 2620 uenite
746 2549 835 2620 adca,
865 2550 935 2608 tium
962 2550 1020 2621 liat
1042 2554 1103 2606 tam
1127 2564 1266 2607 crassum
1291 2564 1384 2623 qnam

234 2654 299 2723 met,
324 2648 396 2730 107,
416 2649 436 2711 2
460 2670 554 2726 iisque
577 2657 706 2727 contrito,
730 2656 800 2713 ditm
825 2656 981 2714 dimidium
1005 2671 1167 2729 excoquat,
1193 2649 1259 2715 160
1281 2656 1385 2731 incipe

234 2764 364 2818 cantare
386 2789 438 2836 -,
467 2776 561 2833 iisque
594 2761 663 2819 ditm
697 2769 817 2833 coeant,
850 2756 939 2840 76,5
967 2765 1098 2839 aperito,
1126 2764 1197 2821 dnm
1225 2764 1384 2838 inspicias,

239 2861 299 2925 103
319 2868 456 2940 sparpito
471 2898 512 2907 —
529 2868 599 2925 ditm
619 2877 827 2942 consuescant,
850 2864 952 2947 156,2
972 2872 1117 2929 demittite
1132 2871 1296 2930 admodum
1311 2873 1384 2932 ditm

233 2975 366 3046 qttinqne
388 2990 541 3052 numeres,
568 2981 599 3033 et
622 2973 720 3034 addito
745 2994 783 3034 ne
806 2971 839 3055 5,
859 2972 880 3034 4
909 2978 979 3035 dum
1003 2995 1041 3036 ne
1063 2980 1161 3036 iussus
1181 2979 1252 3050 fiat,
1282 2975 1381 3055 33,1

233 3081 304 3138 ditm
333 3098 370 3139 ne
398 3082 522 3139 nimium
550 3084 755 3158 constrinpas,
784 3078 836 3160 50,
856 3078 877 3141 2
901 3083 971 3140 ditm
994 3084 1142 3157 ueprius
1165 3084 1382 3147 obdurescant.

230 3192 383 3264 praetcrea
408 3205 475 3246 cum
500 3195 628 3266 utroque
648 3189 758 3266 tuturo,
782 3186 833 3266 22,
853 3186 873 3248 2
893 3195 1067 3264 temperato,
1091 3207 1185 3263 iisque
1204 3191 1277 3251 dnm
1296 3202 1383 3254 recte

231 3270 458 3369 temperabitur,
484 3292 527 3355 30
550 3313 644 3370 iisqne
668 3299 738 3355 oium
762 3296 895 3373 babebis,
919 3298 999 3375 dato,
1022 3289 1064 3356 56
1088 3313 1183 3370 iisque
1206 3299 1286 3358 adeo
1309 3301 1383 3360 dnm

227 3404 304 3474 ticos
318 3420 382 3462 esse
396 3405 562 3479 coeperint,
587 3399 651 3462 110
664 3406 786 3478 saepius
801 3400 907 3476 facita,
927 3420 1024 3476 nsque
1038 3404 1107 3461 ditm
1125 3405 1249 3464 odorem
1268 3409 1382 3467 maium

218 3510 410 3584 -tiempseriS,
449 3504 566 3585 112,3
590 3511 749 3585 decarpito
775 3543 810 3552 -
839 3511 1027 3583 auspicatum
1051 3513 1226 3584 inpleverit,
1260 3508 1305 3573 90
1328 3516 1380 3575 tte

228 3618 375 3695 psitoque,
400 3618 470 3675 actm
486 3618 603 3691 poteris
618 3602 727 3691 faceia
746 3618 905 3677 inmanitas.
938 3616 974 3676 de
995 3618 1089 3694 spatio
1108 3619 1253 3696 temporis
1272 3637 1299 3680 c.
1317 3616 1382 3682 140

231 3723 301 3780 datm
326 3740 412 3796 opus,
442 3725 553 3782 catitiic
576 3741 635 3798 per
659 3732 766 3800 partes
786 3722 893 3798 facita,
918 3719 995 3802 144,
1019 3719 1040 3783 5
1064 3726 1134 3783 dum
1159 3729 1256 3786 oleam
1280 3731 1383 3803 tepent

232 3859 270 3869 -
297 3829 461 3888 dabuntur.

317 3935 402 3995 LVII
425 3933 543 3996 Mense
569 3944 697 4015 quarto
720 3936 880 3996 heminas
903 3938 938 3997 in
962 3937 1038 3997 dies
1064 3936 1097 3997 id
1122 3946 1177 3999 est
1200 3940 1236 3999 in
1254 3957 1382 4002 mense

228 4043 375 4119 congios
400 4040 474 4103 .11.S.
500 4060 617 4103 mense
641 4045 771 4121 quinto
796 4052 899 4104 sexto
923 4046 1075 4123 septimo
1095 4054 1225 4106 octauo
1243 4047 1281 4107 in
1300 4047 1383 4109 dies
1410 4122 1418 4135 ·

228 4150 409 4208 sextarios
433 4149 466 4208 id
491 4158 545 4210 est
569 4152 603 4210 in
629 4168 747 4210 mense
771 4153 921 4228 cangius
945 4154 1102 4230 quinque
1122 4170 1216 4212 nono
1235 4152 1382 4216 decimo

229 4255 418 4314 undecimo
446 4257 482 4313 in
511 4256 586 4316 dies
614 4255 774 4316 heminas
803 4264 924 4317 ternas
948 4257 981 4317 id
1006 4266 1061 4317 est
1084 4246 1290 4338 amphoram
1313 4261 1383 4323 hoc

228 4360 383 4439 amptius
417 4361 667 4423 saturnalibus
699 4370 735 4422 et
767 4362 1023 4442 compitalibus
1056 4366 1091 4425 in
1123 4365 1290 4445 singulos
1317 4368 1384 4429 ho·

228 4469 340 4528 mines
374 4470 520 4547 congios
553 4488 684 4559 summa
717 4473 794 4531 uini
826 4473 861 4531 in
889 4470 1054 4530 homines
1083 4471 1247 4551 singulos
1281 4477 1382 4537 inter
