2874 4994
227 329 279 383 XII
697 327 904 383 PRAEFATIO

227 494 325 554 Weise
341 497 530 572 quaestiones
546 495 723 555 Catonianae
740 496 894 572 Gottingae
910 514 934 555 a.
948 492 1040 557 1886.
1075 494 1200 554 similem
1222 498 1371 574 quaestio-

226 610 293 651 nem
313 593 349 652 de
365 591 505 652 Varronis
525 610 625 652 rerum
647 595 825 653 rusticarum
845 592 930 652 etde
954 592 1052 671 lingua
1077 592 1165 653 latina
1185 592 1269 652 libris
1288 595 1372 652 insti-

226 698 349 750 tuerunt
363 692 514 769 Augustus
529 690 652 750 Mueller
666 690 703 750 de
719 692 825 768 priscis
840 691 943 750 lormis
954 689 1142 750 Varronianis
1153 689 1233 749 Halis
1249 709 1272 749 a.
1288 687 1371 751 1817

225 794 256 847 11
278 786 363 866 Hugo
388 786 489 848 Reiter
518 791 707 867 quaestiones
733 787 928 848 Varronianae
957 791 1163 866 grammaticae
1193 787 1372 866 Regimontii

225 903 249 945 a.
273 868 365 946 1882.
403 887 434 945 in
454 886 645 946 emendandis
660 885 800 946 Varronis
819 884 904 946 libris
923 905 1023 947 rerum
1048 889 1227 946 rusticarum
1251 905 1372 971 operam

225 992 391 1062 posueruut
414 983 591 1062 complures.
638 1003 672 1044 ex
698 984 744 1043 lris
768 985 894 1044 maxime
917 983 1124 1044 memorabiles
1147 993 1217 1044 1001
1236 983 1373 1043 lleltneri

225 1081 447 1141 observationes
471 1084 592 1143 criticae
616 1085 646 1141 in
667 1081 827 1141 Varronem
847 1079 929 1141 Halis
953 1100 978 1141 a.
999 1078 1093 1160 1868,
1118 1080 1269 1141 Francisci
1289 1080 1371 1141 Zahl-

227 1178 300 1238 leldt
318 1181 509 1257 quaestiones
529 1183 649 1240 criticae
669 1182 698 1239 in
715 1178 855 1238 Varronis
875 1197 975 1239 rerum
998 1182 1178 1239 rusticarum
1199 1178 1290 1239 libros
1311 1189 1372 1238 tres

226 1276 355 1336 berolini
370 1296 394 1337 a.
407 1274 502 1358 1881,
517 1274 982 1357 6001311110111110111011001000
998 1295 1022 1336 a.
1035 1273 1128 1338 1890.
1152 1276 1258 1335 horum
1274 1276 1371 1336 studia

226 1373 255 1431 in
274 1375 312 1432 iis
331 1375 465 1452 maxime,
484 1393 560 1453 quae
579 1375 616 1434 de
636 1393 772 1434 sermone
797 1375 955 1452 utriusque
979 1375 1133 1452 scriptoris
1157 1377 1279 1452 proprio
1299 1374 1372 1434 mihi

226 1469 401 1550 disputanda
420 1483 513 1550 erant,
533 1471 605 1532 mihi
626 1474 803 1551 proluerent
818 1480 847 1531 et
869 1471 1010 1550 quaedam
1031 1471 1242 1551 praebuerunt,
1263 1472 1372 1551 quibus

225 1586 354 1647 eaquae
378 1572 449 1648 ipse,
473 1577 630 1648 antequam
654 1569 773 1630 illorum
796 1568 865 1629 libri
889 1569 1058 1649 ederentur,
1082 1569 1203 1631 collecta
1224 1580 1254 1631 et
1273 1572 1370 1649 dispo·

226 1669 282 1725 sila
305 1666 449 1727 habebam
468 1686 607 1747 augerem
626 1676 657 1729 et
676 1668 855 1748 supplerem.
892 1669 929 1727 iis
948 1678 1046 1729 autem
1067 1671 1117 1746 qui
1137 1677 1238 1748 postea
1258 1669 1295 1729 de
1315 1668 1371 1729 hoc

169 1754 178 1769 ’
225 1782 334 1842 genere
359 1784 502 1843 quaerere
528 1767 625 1827 volent
653 1766 766 1827 iudices
796 1764 969 1845 verborum,
997 1784 1072 1844 quos
1097 1765 1242 1826 Ricardns
1265 1765 1372 1826 111010-

226 1861 321 1941 biegel
340 1871 370 1922 et
389 1862 512 1924 Carolus
537 1864 665 1925 llollluss
689 1883 721 1925 se
741 1883 796 1925 suo
817 1864 915 1924 studio
940 1865 1033 1924 iactos
1058 1863 1127 1923 11010
1151 1864 1273 1924 editioni
1296 1872 1370 1924 1001·

226 1977 313 2036 quam
333 1963 454 2021 tertium
474 1961 610 2022 volumen
630 1961 782 2022 additurus
798 1981 863 2022 esse
881 1965 1093 2042 promiserunt,
1113 1965 1143 2022 in
1163 1965 1267 2040 primis
1283 1964 1370 2023 utiles

226 2057 289 2117 lore
313 2075 409 2136 spero.

315 2155 348 2215 ln
368 2157 552 2234 corrigendis
573 2157 791 2237 typothetarum
816 2158 969 2219 erroribus
988 2177 1034 2219 me
1056 2159 1168 2219 adiuvit
1188 2158 1265 2219 lilius
1288 2178 1372 2219 meus

227 2252 421 2332 GodolreduS,
440 2254 534 2315 bonae
553 2257 616 2334 spei
637 2257 751 2316 iuvenis
767 2258 818 2335 qni
837 2256 993 2316 insanabili
1007 2255 1111 2317 morbo
1127 2255 1263 2335 alllictus,
1283 2275 1371 2335 quam

225 2351 276 2410 diu
299 2370 353 2430 per
377 2354 434 2412 vim
459 2352 556 2412 morbi
578 2352 671 2428 licuit,
696 2353 771 2414 banc
793 2363 955 2415 extremam
979 2373 1098 2434 operam
1122 2353 1194 2414 milri
1214 2358 1371 2433 praestitit,

153 2498 166 2523 -.
226 2451 398 2528 priusquam
428 2460 614 2528 praematura
638 2460 734 2511 morte
766 2451 836 2512 mihi
865 2461 895 2512 et
923 2451 1031 2512 litteris
1059 2454 1170 2512 nostris
1194 2456 1372 2533 eriperetur,

166 2524 176 2617 1
226 2548 311 2607 triste
335 2548 518 2608 desiderium
542 2548 613 2608 mihi
637 2560 667 2609 et
690 2551 794 2608 amicis
819 2553 881 2609 suis
905 2550 1086 2629 relinquens.

203 2712 208 2719 ¹
315 2644 428 2724 Scripsi
447 2645 528 2705 Halis
549 2645 696 2707 Saxonum
718 2665 818 2706 mense
840 2646 1002 2707 Februario
1022 2668 1048 2708 a.
1063 2647 1370 2710 uuccctxxxxtv.
