2874 4994
142 294 207 359 296
484 303 674 358 COMMENT.
695 303 733 356 IN
753 301 941 358 VARRONIS

145 460 195 536 qui
219 458 317 519 hieme
341 476 408 519 curn
433 460 463 519 15
487 457 627 538 pabulum
647 465 746 518 tamen
764 457 927 538 procedere
948 463 1084 538 possunt,
1103 457 1170 536 quia
1186 459 1277 531 scium

146 583 285 645 asperum
314 564 341 625 id
371 567 439 624 anni
469 575 585 644 ternpus
609 583 684 645 esse,
708 582 763 624 uec
787 563 896 644 aliquid
920 582 970 626 eus
997 565 1217 645 invenireque
1244 574 1271 635 att

142 675 265 752 possint,
289 671 443 752 adponunt
466 667 533 733 etc.'
580 672 658 747 offas
682 675 840 749 adponant
862 674 913 748 itt,
936 690 996 748 qao
1016 670 1107 747 sorar
1130 672 1172 731 ud
1185 677 1263 748 peto·

144 784 204 840 lum
233 782 405 856 procedere
432 787 532 839 tamen
557 782 673 855 possint
700 778 866 840 Pontedera
894 778 971 859 apud
1000 776 1173 839 Gesnerum.
1212 797 1261 842 reru

142 884 220 946 hand
246 884 334 945 dubie
358 893 404 945 est
428 884 594 945 emendatio
618 885 739 953 Victorii
764 885 872 962 soras;
899 887 930 946 in
958 885 1084 964 reliquis
1112 885 1259 964 scripturam

144 992 295 1072 archetypi
320 993 447 1073 restitui,
471 993 549 1066 offas
572 995 729 1068 adponant
752 995 804 1067 ibi,
827 1009 886 1068 qao
907 991 996 1068 sorae
1019 993 1119 1052 latente
1139 993 1170 1051 in
1185 992 1257 1068 polu·

143 1102 204 1160 lam
230 1101 402 1176 procedere
432 1106 531 1159 tamen
557 1102 683 1175 possint.
730 1099 804 1160 ollae
835 1097 1026 1178 adponendae
1055 1106 1127 1159 sant
1147 1097 1196 1178 151,
1215 1118 1257 1178 quo

144 1222 214 1283 apes
238 1206 325 1265 etiarn
348 1204 459 1285 hieme,
483 1203 511 1266 h.
531 1224 556 1266 e.
580 1208 713 1284 quamuis
741 1205 836 1267 hiems
860 1206 913 1286 sit,
937 1215 1037 1266 tamen
1069 1222 1106 1266 ex
1128 1203 1193 1266 aluis
1209 1224 1262 1286 pro*

145 1311 252 1373 cedere
276 1313 307 1372 in
331 1310 471 1390 pabulum
496 1312 618 1391 possint.

234 1415 275 1480 29
309 1418 354 1478 dc
387 1428 643 1497 progentcmue
676 1419 711 1477 15
744 1416 921 1478 coloniam
951 1419 1120 1479 emittere
1149 1416 1257 1496 uolunt]

113 1604 117 1612 ¹
144 1528 364 1601 Propenteroae
387 1524 512 1603 plur-ima
537 1523 712 1606 apographa,
731 1526 879 1602 progente
902 1524 995 1586 codex
1020 1524 1170 1586 caesenas.
1202 1527 1257 1604 prin·

146 1634 222 1712 cipis
254 1631 392 1692 editionis
425 1630 582 1692 lectionem
613 1635 790 1708 progeniem
820 1629 984 1692 Politienus
1016 1649 1122 1711 parunt
1153 1637 1259 1692 accurate

145 1741 282 1820 correxit,
310 1756 378 1798 curn
407 1757 441 1798 oe
470 1757 503 1798 ex
533 1737 635 1798 codice
663 1737 799 1818 adderet,
818 1742 996 1815 progeniem
1022 1738 1203 1818 relinqueret
1233 1755 1260 1797 ec

141 1849 319 1925 propediem
347 1849 483 1906 emittere
510 1848 612 1906 valant
645 1848 675 1906 in
706 1847 856 1906 coloniam
889 1844 1016 1925 Merula,
1048 1864 1088 1907 ac
1117 1847 1260 1922 progeniem

145 1960 260 2015 ueteres
292 1955 429 2012 emittere
456 1955 558 2012 rotent
586 1955 616 2012 tn
645 1954 794 2013 coloniam
822 1950 972 2012 lucuudns
1003 1960 1034 2012 et
1056 1950 1161 2011 deinde
1182 1949 1260 2028 reliqui

145 2059 284 2120 editores.
331 2077 369 2118 ac
394 2062 571 2135 progeniem
595 2066 628 2119 at
652 2061 681 2118 r'n
706 2061 855 2120 colonium
884 2062 1020 2120 emittere
1047 2062 1148 2119 erotnnt
1174 2059 1261 2136 scripsi.

146 2165 283 2227 similiter
298 2165 333 2224 de
349 2163 451 2224 cadcun
467 2183 500 2225 re
515 2182 605 2243 supra
619 2161 669 2242 §9
688 2167 832 2244 scriptunr
848 2172 911 2224 erat
925 2173 954 2226 at
969 2172 1002 2224 nt
1016 2168 1149 2226 colonias
1162 2168 1261 2225 mittant.

235 2268 278 2333 30
303 2270 399 2342 Quae
423 2273 538 2350 primo
562 2290 639 2333 curn
664 2274 833 2332 exierunt
856 2273 891 2332 iu
914 2278 1114 2351 conspectu
1138 2271 1261 2332 uolitant

146 2378 306 2458 reliquas
339 2396 427 2457 quae
465 2377 620 2438 nondum
656 2377 897 2457 congregatae
930 2379 1004 2438 siut
1041 2385 1261 2457 respectantes

146 2486 225 2547 dum
258 2484 492 2562 conueniant]
526 2485 593 2545 Sint
621 2484 804 2566 apographa,
836 2492 906 2545 runt
937 2487 968 2544 in
996 2486 1132 2564 principe
1163 2484 1261 2546 editione

145 2591 310 2654 Politianus
333 2610 392 2652 non
417 2594 555 2652 correxit.
601 2610 681 2667 qaae
701 2595 959 2668 prirnoeaierint
983 2601 1013 2652 et
1035 2591 1141 2652 deinde
1164 2609 1260 2666 cotare-

143 2707 237 2775 qatae
266 2707 336 2758 sant
367 2717 403 2756 un.
449 2717 529 2773 qnae
556 2701 656 2774 primo
684 2705 746 2758 turn
777 2702 920 2759 exierant
948 2697 1101 2759 iucundus
1130 2708 1159 2760 et
1183 2694 1261 2759 deinde

146 2805 254 2884 reliqui
278 2803 422 2883 editoreS,
446 2804 496 2865 ulti
521 2815 551 2866 et
579 2813 641 2866 tarn
664 2824 768 2884 parurn
792 2814 893 2884 aptum
923 2815 953 2866 et
972 2809 1074 2884 primo
1102 2806 1137 2866 ab
1164 2824 1193 2866 ea
1214 2820 1260 2862 seu·

147 2914 247 2993 tentia,
272 2929 359 2990 quarn
383 2929 431 2970 res
456 2911 594 2993 postulat,
618 2914 745 2974 alienum
771 2922 824 2974 est.
862 2931 929 2973 nam
953 2931 1004 2974 eae
1028 2932 1109 2994 apes,
1132 2931 1198 2992 quae
1213 2915 1262 2969 aute

146 3017 218 3079 alius
241 3020 392 3099 exierunt,
416 3017 538 3078 volitant
561 3020 591 3078 in
617 3029 778 3098 conspectu
803 3029 833 3079 et
856 3027 1028 3099 respectant
1051 3020 1190 3100 reliquas,
1208 3032 1261 3097 qaue

146 3124 181 3186 ed
206 3125 374 3186 exeundum
399 3123 530 3185 nondum
554 3135 749 3204 congregatae
773 3136 855 3205 sunt,
881 3134 915 3186 ut
936 3125 1001 3186 illas
1031 3125 1066 3186 ad
1091 3147 1123 3187 se
1146 3125 1262 3187 adliciant.

146 3236 246 3312 itaque
270 3234 377 3310 scripsi
400 3251 479 3307 qnae
499 3236 632 3309 primam
656 3237 807 3306 coierunt,
832 3237 863 3293 in
887 3241 1050 3310 conspecta
1075 3230 1262 3295 5515551511-

147 3359 231 3420 5553,
255 3358 334 3414 qaae
357 3342 489 3400 nondam
513 3348 721 3415 congregatae
743 3349 821 3415 snat,
844 3349 1059 3417 respectantes.
1107 3359 1172 3402 naut
1189 3340 1263 3418 prino

148 3446 259 3507 dicitnr
282 3445 320 3504 de
344 3446 379 3504 iis
404 3464 478 3522 quae
504 3447 599 3523 prirno
624 3454 766 3526 tempore,
786 3465 854 3506 curn
878 3449 995 3507 initian
1020 3449 1064 3507 rei
1089 3448 1129 3528 fit,
1152 3451 1264 3526 aguntur:

147 3552 173 3613 ll
191 3551 221 3633 4,
243 3549 282 3613 19
308 3555 468 3612 nutricare
492 3561 613 3613 octonos
628 3572 740 3628 porcos
761 3558 907 3629 paruulus
922 3556 1024 3630 prime
1039 3564 1173 3631 poscant,
1193 3544 1265 3612 1520

144 3663 243 3735 primo
268 3675 336 3718 carn
365 3660 567 3732 incluserant,
591 3677 659 3719 carn
687 3661 863 3720 bacinatnrn
893 3669 950 3739 est,
974 3664 1131 3736 operiant,
1164 3658 1200 3720 lll
1217 3651 1264 3736 tl

147 3767 220 3838 apri
252 3767 405 3823 culturam
434 3767 535 3840 primo
562 3796 599 3807 -
627 3767 823 3826 indiscretam
856 3768 1021 3842 trabebant,
1055 3764 1177 3849 131,3
1205 3767 1267 3826 dictu

143 3872 244 3947 primo
268 3872 387 3930 videtur
411 3890 430 3930 a
457 3873 609 3947 pariendo
633 3875 799 3948 parilem,
832 3869 982 3953 1119,19
1006 3876 1065 3934 leae
1085 3879 1183 3951 primo
1206 3874 1266 3932 dice·

147 3978 268 4037 dantur.
314 3977 350 4036 de
374 3975 477 4036 ordine
502 3994 602 4036 rerurn
633 3976 741 4037 dieitur
769 3982 915 4059 primam,
943 3979 993 4039 sed
1023 3983 1157 4041 secando
1183 3970 1268 4054 11,5.

146 4079 176 4162 2,
195 4080 224 4142 4.
249 4083 274 4143 ll
293 4081 323 4161 4,
344 4081 372 4143 3.
399 4082 448 4165 11,
468 4081 497 4145 3.
522 4082 561 4143 lll
584 4081 632 4165 17,
652 4083 685 4165 2,
718 4089 788 4145 item
817 4090 907 4147 tertio
931 4086 943 4145 l
966 4084 993 4167 1,
1012 4083 1042 4146 5.
1067 4085 1119 4169 18,
1138 4085 1166 4149 8.
1188 4083 1230 4164 29,
1244 4079 1266 4141 2.

147 4185 199 4268 32,
219 4185 247 4248 2.
272 4185 325 4266 38,
345 4187 373 4248 2.
399 4187 422 4247 ll
443 4185 472 4270 5,
492 4187 520 4251 8.
545 4188 586 4250 lll
607 4188 657 4270 17,
675 4189 696 4252 2
726 4200 756 4252 et
783 4199 894 4267 quarto
918 4191 928 4251 l
951 4192 978 4272 1,
998 4190 1027 4252 6.
1052 4192 1077 4252 ll
1097 4191 1127 4273 5,
1147 4192 1179 4275 8,
1200 4186 1269 4252 scuucl

145 4296 312 4354 secandam
331 4293 343 4352 l
365 4292 413 4375 11,
433 4293 453 4355 2
474 4300 606 4372 primam
630 4315 709 4372 quae
733 4301 776 4359 ibi
797 4303 836 4358 stt
859 4302 1129 4373 aeternandum
1152 4319 1221 4378 qaae
1236 4299 1269 4356 15·

142 4402 222 4473 flant
241 4405 396 4477 perennia,
421 4404 478 4462 5131
501 4401 542 4463 151
566 4421 683 4482 putoque
707 4408 841 4467 secando
864 4405 1056 4467 scribendum
1080 4417 1156 4470 erat.
