2874 4994
262 342 395 399 RERVM
412 341 653 400 BVSTIOARVM
672 345 739 402 LIB.
758 347 771 401 l
792 345 920 404 14-16
1125 340 1167 406 53

120 516 229 580 tmpus,
258 498 337 560 nulla
370 498 459 561 arhor
486 501 586 578 potior
613 496 764 562 serenda’.
811 504 923 563 rectius
950 504 990 563 ita
1019 505 1166 582 scriptura

120 623 164 666 om
182 603 302 667 delendi
320 613 446 687 poterat,
461 614 496 667 ut
510 625 579 667 cum
599 605 804 687 superioribus
822 608 896 670 haec
911 612 1167 690 coniungerentur

120 730 158 774 nc
183 712 320 794 modum,
348 706 398 773 ‘ut
425 713 511 774 multi
538 712 649 775 hahent
679 717 710 775 in
741 714 947 796 Crustumino,
977 716 1056 795 quod
1087 717 1166 778 nulla

133 821 232 898 potior
261 819 387 881 serenda
415 827 474 902 est,
498 819 549 881 ubi
577 819 607 879 id
635 821 700 882 fieri
728 829 841 902 potest,
865 831 899 882 ut
925 821 980 903 ibi,
1008 831 1166 903 propterea

123 943 244 1006 campus
267 921 338 987 est'.
384 944 563 1005 quamquam
587 936 710 1006 propter
738 927 892 989 molestam
921 931 1067 991 sermonis
1095 949 1164 991 oon·

120 1035 226 1106 tionem
250 1051 287 1094 ne
311 1032 368 1094 hoo
392 1033 513 1113 quidem
535 1033 653 1113 placere
677 1043 785 1115 potest.
821 1054 913 1114 quare
932 1038 1015 1111 quod
1031 1038 1061 1096 in
1079 1037 1164 1098 initio

120 1140 230 1202 lationis
254 1141 359 1201 vitiose
388 1139 521 1201 additum
549 1139 652 1203 delevi.
698 1142 876 1202 sententiam
900 1139 1059 1203 verborum
1082 1153 1163 1206 recte

120 1264 170 1309 rus
193 1245 358 1327 explicavit.

120 1354 206 1428 >uod
238 1356 387 1414 maxime
422 1352 611 1415 fructuosa
644 1355 736 1434 quod
770 1363 805 1416 et
837 1357 995 1417 sustinet
1023 1375 1164 1436 saepem

120 1461 176 1523 alit
208 1460 355 1540 aliquod
388 1459 558 1522 corbulas
592 1480 742 1523 uuarnm
776 1471 811 1524 et
842 1462 1005 1523 frondem
1038 1465 1164 1526 iucun-

120 1587 199 1629 mam
223 1569 410 1629 ministrat
432 1567 563 1629 onibus
587 1587 625 1629 ac
653 1567 769 1630 bubus
797 1588 835 1630 ao
863 1572 988 1648 uirgas
1015 1572 1165 1650 praebet

126 1673 188 1736 bus
212 1681 248 1734 et
271 1673 352 1734 loeo
376 1692 414 1734 ac
443 1672 562 1751 lurno]
592 1675 727 1735 Sustinet
753 1692 845 1752 saepe
872 1694 912 1737 oc
939 1681 1022 1752 coeit
1048 1682 1163 1758 scripsi.

120 1785 235 1843 molinet
256 1799 378 1858 saepem
401 1780 472 1860 quid
496 1790 585 1862 esset,
609 1799 696 1841 nenio
720 1781 884 1861 explicavit.
926 1788 1052 1845 sustinet
1075 1790 1163 1848 oa'tern

119 1888 219 1950 iderus
243 1890 413 1949 coniecerat
441 1887 506 1950 coll.
531 1886 643 1949 Colum.
664 1886 687 1945 V
705 1885 735 1968 6,
754 1885 774 1950 5
798 1893 904 1964 ulmos,
927 1894 1000 1965 quin
1023 1897 1163 1955 etaltera

120 1999 253 2058 odissime
281 1998 403 2073 potitur
430 2003 461 2056 et
488 1997 737 2056 iucundissimam
761 1998 908 2072 podatum
936 1998 1032 2058 bubus
1059 1999 1164 2075 adfert

120 2122 171 2180 pne
190 2104 358 2179 qenerilrns
380 2105 438 2163 soli
455 2104 605 2181 provenit,
628 2119 648 2161 o
666 2105 823 2179 plerisque
845 2102 1036 2179 praefertur.
1082 2110 1164 2181 copit

120 2212 166 2271 nio
189 2228 218 2288 p.
241 2206 314 2290 197,
333 2206 377 2270 24
403 2210 514 2270 derbes
536 2210 678 2271 cordulae
704 2209 802 2269 Varro
821 2211 860 2270 de
882 2228 918 2271 re
939 2214 1057 2271 rustico
1080 2214 1167 2273 tint

122 2320 236 2393 aliquot
257 2318 401 2378 coriolos
424 2332 554 2376 enorum
583 2323 613 2376 et
635 2315 778 2391 frondem
806 2318 1053 2377 iucundissimam
1076 2322 1161 2379 mini·

120 2426 216 2485 ovibus
236 2425 434 2484 restituerunt
454 2421 594 2503 Scaliger,
613 2421 749 2502 Ursinus,
768 2419 934 2482 Gronovius
948 2413 1063 2485 observ.
1080 2424 1117 2485 lV
1131 2424 1161 2488 3.
1197 2500 1202 2507 .

120 2549 128 2591 ε
158 2529 195 2590 de
227 2529 401 2610 colligendis
429 2527 576 2590 fructibus
607 2528 719 2589 dictum
751 2536 797 2589 est
825 2526 926 2608 16,3
953 2533 1084 2592 celerino
1111 2535 1161 2595 lvr'e

130 2641 192 2700 illic
215 2644 377 2713 coquntur.
410 2635 536 2697 aliorum
561 2637 742 2715 scriptorum
765 2634 898 2716 exempla
917 2634 1084 2698 Gronovius
1102 2638 1120 2699 l.
1135 2658 1161 2700 c.

120 2746 190 2805 suit.
220 2743 379 2805 laudantur
398 2745 489 2822 igitur
507 2742 589 2825 ulmi,
603 2741 682 2822 quod
702 2750 732 2803 et
751 2759 885 2820 magnam
905 2760 1028 2804 uvarum
1046 2749 1160 2824 copiam

128 2853 277 2913 sustinent
299 2859 389 2930 atque
413 2848 606 2928 colligendam
630 2847 774 2928 praebent
797 2856 828 2908 et
851 2849 986 2911 frondem
1006 2870 1040 2913 ao
1064 2855 1160 2933 virgas

120 2960 165 3019 los
190 2975 263 3019 usus
286 2957 465 3018 ministrant.

120 3063 206 3126 [VII
239 3062 475 3143 Relinquitur
503 3061 617 3122 altera
645 3080 727 3142 pars
756 3080 844 3141 quae
871 3070 927 3122 est
954 3076 1055 3125 extra
1080 3067 1158 3127 iun·

120 3173 220 3233 ouius
243 3170 464 3251 appendices
488 3178 523 3231 et
546 3167 782 3230 uehementer
809 3171 998 3246 pertinent
1020 3170 1059 3230 ad
1084 3166 1192 3232 cul-⁶

120 3278 143 3359 r]
167 3280 207 3340 Et
233 3280 263 3338 in
294 3295 354 3338 uno
382 3276 485 3338 codice
516 3294 543 3336 m
572 3276 716 3335 omissum
743 3273 850 3335 delevit
877 3273 1042 3357 lucendus,
1070 3296 1158 3356 quem

142 3385 273 3446 editores
301 3385 398 3445 secuti
422 3390 505 3464 sunt,
528 3390 623 3463 recte,
652 3389 684 3442 ut
712 3380 842 3442 videtur:
871 3383 929 3442 nisi
956 3383 1057 3460 potius
1084 3386 1157 3444 sori·

120 3510 143 3553 m
171 3499 237 3552 erat
264 3494 368 3565 etiem,
396 3488 424 3551 h.
444 3508 469 3551 e.
498 3490 585 3550 etiam
616 3487 795 3568 appendices
827 3487 910 3549 fundi
942 3489 978 3550 ad
1011 3489 1157 3550 culturam

120 3605 174 3659 ent.
212 3615 278 3657 nam
303 3605 333 3658 et
354 3598 545 3657 veliementer
567 3594 627 3655 dici
650 3613 710 3655 non
733 3602 859 3678 poterat,
883 3603 916 3656 ut
939 3603 968 3658 et
991 3595 1026 3655 ad
1050 3614 1158 3675 augen-

121 3704 161 3762 im
185 3700 317 3762 adverbii
340 3701 473 3762 additum
496 3708 588 3782 esset,
612 3696 661 3762 ‘et
690 3699 881 3762 vehementer
905 3688 1048 3782 davidem’,
1072 3721 1157 3782 prac-

152 3813 183 3871 in
222 3808 347 3869 formula
385 3809 503 3888 saepius
540 3817 697 3889 usurpata,
732 3805 793 3887 12,
812 3805 856 3868 24
893 3827 972 3882 quoe
1008 3811 1052 3869 od
1087 3815 1160 3886 apri

120 3926 165 3979 ont
202 3917 392 3978 vehementer
430 3918 599 3995 pertinent,
640 3911 719 3996 9,4
755 3917 832 3975 lroec
869 3916 1049 3974 discrimino
1086 3934 1157 3990 per·

132 4023 317 4099 adfractus
340 4025 539 4104 vehementer,
563 4018 652 4105 ont
678 4023 722 4082 od
741 4024 814 4097 neri
835 4023 988 4082 culturom
1003 4022 1159 4096 pertinent

120 4140 211 4194 enter.

120 4241 125 4299 l
155 4238 422 4318 Quosdam‘qui
449 4245 532 4299 sunt
564 4254 676 4316 prope
705 4232 851 4312 oeliem]
885 4235 1036 4308 Onosdnm
1059 4252 1158 4312 prope

120 4349 325 4409 antediem
347 4363 391 4430 m,
421 4349 499 4408 celte
527 4343 620 4405 codex
647 4341 846 4403 Florentinus.
891 4343 1036 4417 quosdam
1060 4359 1157 4418 prope

120 4453 307 4516 tlucundus.
357 4454 490 4515 Caralim
519 4452 646 4514 coniecit
667 4447 807 4530 Ursinus,
832 4450 934 4512 Ioliem
957 4447 1081 4528 Popma,
1105 4449 1157 4527 qui
