2874 4994
347 356 397 413 Du
415 356 505 413 AGRI
524 357 696 413 CVLTVRA
716 358 857 413 LlBRVM
876 357 905 415 0.
922 357 1050 416 92-95
1216 352 1277 416 117

121 515 297 574 παπίιαοια
326 515 517 595 amphoram,
546 517 589 575 aci
614 518 745 576 minores
773 516 901 575 arbores
924 533 1035 577 urnam
1058 519 1206 577 conmixti
1231 524 1281 577 sat

124 628 182 694 est,
203 639 266 697 pro
290 624 411 682 rotiana
433 624 537 682 indito.
584 620 666 681 uolui
691 630 787 681 lumen
812 623 1105 701 manuscriptorum
1133 621 1277 683 librorum

122 724 290 787 lectionem
319 735 443 788 mutare.
489 747 556 788 nam
586 731 703 788 inanem
733 746 853 807 operam
881 739 1086 808 consumptam
1117 749 1182 789 esse
1206 740 1278 810 pulo

122 833 163 894 ab
189 835 369 917 editoribus,
398 838 449 916 qni
477 855 510 896 ea
540 855 615 916 quoe
643 838 672 895 in
701 835 826 896 diversis
854 834 923 896 libri
953 836 1088 916 portibus
1112 838 1148 898 de
1172 838 1277 899 iisdem

122 941 173 1002 rel
198 942 236 1003 de
262 941 408 1004 similibus
431 943 522 1004 rebus
546 946 656 1023 scripto
681 952 751 1004 sunt
775 945 872 1003 omnia
896 943 932 1003 ad
956 962 1045 1004 unam
1075 962 1208 1005 normam
1233 963 1277 1005 re-

123 1048 232 1129 digere
262 1051 451 1111 sluduerunl.
497 1069 593 1130 neque
617 1049 775 1111 Columella
804 1059 940 1111 accurate
972 1059 1129 1130 praecepta
1157 1052 1277 1114 Catonis

122 1156 293 1236 repetivit.v
315 1157 351 1218 de
375 1159 440 1218 licis
463 1157 566 1225 endem
590 1157 730 1237 leguntur
752 1159 784 1217 in
803 1159 974 1236 geoponicis
993 1156 1018 1217 X
1038 1154 1091 1236 48,
1109 1156 1131 1219 4
1149 1155 1277 1242 κατέχει

121 1261 187 1325 τὸν
209 1263 338 1346 καρπὸν
360 1260 381 1344 ἡ
405 1256 509 1345 συκῆ,
530 1259 588 1325 ἐὰν
612 1260 817 1348 περισκολψχς
838 1261 986 1344 βόθρους
1009 1259 1085 1344 περὶ
1109 1263 1277 1342 Πλειάδας

120 1364 181 1431 καὶ
209 1365 360 1452 ἀμόργην
387 1367 485 1432 ὕδατι
514 1367 654 1450 κεράσας
683 1365 714 1445 ἐξ
740 1372 815 1432 ἴσον
839 1366 990 1452 περιχέχς
1013 1368 1050 1432 τὸ
1074 1367 1223 1455 στέλεχος
1246 1385 1276 1435 et

123 1476 217 1538 1155
240 1485 306 1539 τῶν
330 1485 442 1540 συκῶν
461 1475 497 1539 ol
517 1476 660 1540 ὄλυνθοι
684 1473 744 1539 οὐκ
766 1473 1020 1557 ἀποπίπτουσιν,
1044 1474 1103 1541 ἐὰν
1121 1476 1197 1563 περὶ
1214 1481 1275 1562 τὴν

123 1581 221 1664 ῥίζαν
245 1583 349 1659 κόψας
371 1580 451 1658 ἁλὸς
473 1583 603 1667 χοίνικα
627 1581 813 1668 καταβάλῃς
835 1579 890 1647 καὶ
912 1589 951 1666 τῇ
971 1589 1012 1666 γῇ
1030 1584 1229 1672 καταχώσχς.

215 1693 380 1753 LXXXXV
411 1691 428 1754 1
459 1691 705 1753 Conuoluolus
734 1695 768 1752 in
797 1695 893 1753 ninia
923 1712 964 1753 ne
989 1692 1072 1773 siet]
1097 1694 1130 1755 ln
1154 1696 1273 1757 rubrica

121 1803 310 1880 praescripta
342 1802 371 1860 in
405 1800 566 1880 archetypo
598 1802 743 1880 scriplum
773 1808 837 1860 erat
870 1800 1046 1862 Iauoluolus
1078 1807 1274 1865 convolvolus

123 1911 155 1968 in
189 1911 278 1969 uinin
310 1927 348 1969 ne
379 1912 448 1984 siet,
481 1909 511 1968 in
546 1908 642 1968 indice
676 1907 874 1987 capitulorum
907 1917 1006 1968 autem
1035 1909 1211 1971 Inuolvolus
1242 1915 1273 1972 in

122 2019 218 2076 uinea
242 2034 281 2075 ne
302 2019 354 2076 sil:
381 2033 448 2075 nam
473 2017 568 2075 errori
592 2013 728 2075 Politiaui
753 2014 945 2076 tribuendum
968 2023 1022 2095 cst,
1047 2016 1125 2094 quod
1150 2015 1192 2076 ibi
1215 2036 1271 2080 oon

120 2124 153 2183 in
182 2122 311 2182 lectione
339 2124 483 2202 principis
512 2122 650 2182 editionis
679 2126 870 2184 convolvolus
897 2141 956 2183 non
986 2124 1132 2183 correxit:
1161 2124 1212 2183 sed
1241 2127 1271 2185 in

121 2237 267 2290 contextu
292 2229 450 2291 verborum
478 2230 677 2291 Conuoluolus
701 2233 732 2289 in
756 2233 842 2289 ninia
866 2248 904 2290 ne
926 2234 997 2311 siet,
1020 2232 1090 2289 ilem
1114 2239 1216 2309 posteo
1240 2234 1270 2291 in

122 2337 182 2396 fine
212 2339 319 2416 rapitis
347 2340 536 2399 convolvolus
565 2356 624 2399 non
653 2344 797 2397 nascetur
825 2345 855 2396 et
883 2336 960 2415 opud
990 2335 1116 2396 Plinium
1146 2336 1163 2396 l.
1184 2357 1208 2397 o.
1235 2357 1273 2399 nc

121 2448 317 2506 convolvolus
341 2448 407 2518 fiat.
454 2448 616 2505 involvolus
647 2442 755 2523 legitur
787 2443 864 2523 opud
897 2442 1034 2504 Plautum
1068 2441 1178 2503 Cistell.
1206 2441 1270 2505 561

120 2544 174 2633 (lV
198 2551 229 2632 1,
249 2544 322 2635 63),
354 2553 550 2632 Involvolum,
578 2569 657 2626 qaae
685 2555 717 2611 in
741 2553 882 2629 pampini
900 2549 975 2627 solio
999 2554 1113 2611 intorta
1144 2554 1274 2628 inplicat

120 2678 163 2734 se,
186 2656 269 2718 Paul.
290 2677 351 2718 exc.
371 2657 449 2719 Fesl.
469 2677 496 2738 p.
519 2655 594 2738 112,
615 2656 633 2719 8
659 2659 829 2720 Involvalns
851 2659 1011 2718 vermiculi
1029 2676 1142 2737 penus,
1166 2661 1220 2734 anai
1239 2677 1273 2719 sa

121 2769 248 2828 involvit
276 2770 431 2847 pampino,
467 2765 517 2826 ubi
551 2769 684 2826 involvas
717 2767 746 2825 iu
775 2763 859 2825 libris
888 2782 976 2824 manu
1006 2767 1126 2844 scriptis
1154 2765 1271 2844 legitur.

121 2877 314 2936 convolvolus
339 2874 375 2934 de
398 2872 491 2934 herbo
515 2870 876 2955 uieilurrun.xx123,
900 2880 944 2933 est
962 2876 1021 2948 flos
1040 2891 1099 2933 non
1119 2875 1271 2934 dissimilis

121 2985 170 3042 illi
192 2985 224 3041 in
248 2984 345 3042 narba
368 3000 458 3058 qnam
482 2985 684 3043 convolvolum
708 2989 826 3041 vocant.

215 3086 236 3148 2
259 3087 330 3149 Ηοο
355 3091 467 3149 uitem
492 3091 626 3149 circum
650 3098 757 3168 capul
784 3095 818 3148 et
846 3086 1079 3147 subbrachia
1105 3086 1269 3165 unguilo]

122 3197 249 3256 Circum
274 3204 367 3273 caput
390 3196 556 3275 apographa
581 3205 610 3255 et
634 3195 711 3255 edila
739 3194 807 3255 inde
831 3193 867 3254 ab
891 3193 996 3254 Aldina
1021 3193 1149 3253 editione
1174 3213 1269 3254 exem·

121 3303 229 3384 pluria,
262 3305 318 3364 sua
351 3312 446 3380 caput
471 3302 634 3363 Polilionus
663 3305 693 3362 in
722 3304 857 3381 principe
885 3301 1014 3362 editione
1045 3319 1104 3360 non
1133 3304 1271 3362 correxit.

121 3409 231 3470 lleinde
260 3412 315 3469 salv
344 3412 480 3471 brachiis
509 3408 698 3470 scribendum
723 3419 782 3490 est,
807 3408 884 3488 quod
909 3408 1018 3488 legitur
1041 3407 1118 3486 apud
1143 3406 1270 3467 Plinium

121 3517 137 3577 Ι.
158 3536 194 3596 ο,
219 3519 277 3577 Ιιοο
306 3521 379 3578 vites
403 3521 491 3578 eirca
514 3521 618 3594 capita
641 3535 680 3578 oc
703 3519 757 3578 sab
782 3519 938 3578 bracchiis
958 3518 1062 3591 νομαί.
1100 3533 1166 3574 nom
1185 3533 1269 3593 prae·

122 3625 302 3703 positionem
335 3625 390 3684 sab
424 3641 492 3684 oum
522 3625 690 3684 accusativo
718 3623 826 3684 dictam
855 3642 915 3684 uon
943 3624 1061 3684 invenio
1089 3624 1148 3683 uisi
1175 3624 1205 3682 in
1234 3624 1271 3683 iis

122 3751 198 3813 quae
217 3740 317 3792 molus
338 3732 581 3810 significationem
601 3729 719 3810 habent,
743 3727 786 3792 84
804 3733 859 3791 sub
878 3738 985 3791 testum
1003 3732 1107 3802 subde,
1135 3719 1197 3791 153
1215 3732 1271 3791 sav

122 3843 240 3902 orelum
268 3840 388 3901 subdito
416 3847 446 3899 et
474 3857 549 3918 quae
578 3834 674 3916 52,2
703 3839 870 3917 composui,
897 3833 951 3916 18,
970 3831 992 3897 5
1014 3839 1069 3897 sunl)
1093 3855 1146 3898 eas
1169 3840 1272 3898 trabes

122 3980 161 3991 —
190 3947 381 4006 trabeculam
406 3949 547 4037 imponito,
579 3940 670 4025 21,8
693 3948 852 4005 lamminas
875 3945 930 4004 sul)
953 3947 1112 4004 lamminas
1138 3977 1175 3986 —
1201 3963 1270 4020 sup

122 4057 237 4127 vonvio,
268 4047 406 4132 157,11
435 4054 491 4113 sub
513 4055 617 4112 sellom
640 4055 811 4129 supponem,
840 4053 871 4110 in
897 4048 1021 4129 reliquis
1044 4067 1112 4108 cum
1136 4048 1271 4130 ablativo,

122 4162 149 4243 1,
168 4159 190 4222 3
210 4163 266 4222 sub
285 4155 453 4239 radice‚'8‚
473 4156 494 4221 2
512 4162 568 4221 sula
587 4161 671 4232 urbe,
691 4156 743 4238 21,
763 4155 784 4220 2
802 4160 857 4219 salv
877 4176 965 4237 cupa,
984 4153 1036 4236 52,
1059 4154 1075 4217 1
1096 4159 1152 4218 sula
1170 4162 1269 4232 avalo,

123 4265 214 4350 88,2
241 4268 297 4328 sub
328 4273 418 4341 tecta,
451 4263 523 4346 108,
543 4263 564 4327 2
587 4276 616 4326 οι
642 4262 705 4327 112
733 4267 788 4326 sub
812 4268 875 4339 clio,
906 4261 957 4344 95,
978 4261 998 4324 2
1021 4264 1077 4325 sul)
1102 4266 1152 4325 dio
1176 4267 1269 4334 caelo,

126 4372 240 4455 1513
262 4375 318 4435 sul)
343 4390 446 4448 carne,
472 4371 514 4435 74
538 4382 568 4433 et
592 4370 633 4434 75
656 4374 711 4433 sub
736 4379 821 4433 testu.

212 4477 460 4543 Conuoluolus
488 4498 556 4541 nou
586 4477 771 4557 nascetur]
803 4481 954 4540 Nascetur
977 4478 1067 4539 editio
1091 4480 1231 4557 princeps
1255 4498 1270 4539 n
