2874 4994
204 347 206 351 ’
280 360 328 415 ΒΕ
347 360 436 416 AGRI
455 359 628 417 cvbrvltn
647 362 788 418 LIBRVM
807 362 836 418 0.
857 360 986 419 52—54
1161 354 1201 419 91

55 525 207 595 oportet
240 525 274 577 et
302 518 331 577 si
360 533 427 577 non
455 515 672 579 laborabunt
695 527 889 598 pascantur
913 521 1028 580 satius
1052 521 1122 579 erit
1145 526 1205 579 aut

56 623 214 684 modium
239 626 473 684 uiuaceorum
497 643 585 703 quos
608 628 644 686 iu
663 625 796 686 dolium
816 626 1023 687 condideris
1042 626 1203 687 interdiu

56 731 215 809 pascito]
240 730 450 792 Perturbatum
482 731 639 794 verborum
670 734 804 794 ordinem
828 735 868 794 ita
891 736 1022 794 correxit
1045 733 1204 816 iucundus,

57 840 132 899 inde
154 841 302 901 semodios
329 842 456 915 sinpuiis
484 842 580 901 dubus
608 845 639 900 in
667 843 732 902 dies
762 843 836 902 dari
856 847 974 917 oportet
996 848 1050 902 aut
1073 845 1204 903 modium

57 949 265 1029 uiuaciorum,
293 942 367 1022 'quos
395 950 426 1007 in
458 950 570 1008 dolium
597 951 780 1010 condideris,
826 956 859 1010 ut
881 952 909 1008 si
930 966 990 1008 rton
1013 950 1205 1021 luborabunt,

53 1060 231 1129 pascantur
266 1057 363 1113 sotius
395 1057 462 1115 erit.
509 1057 644 1116 interdiu
673 1059 805 1131 pascito,
843 1065 873 1115 et
905 1057 1017 1115 rectius
1049 1054 1144 1115 deleta
1177 1063 1207 1116 et

57 1159 206 1238 particula
235 1158 406 1221 Eussnerus
433 1179 461 1240 p.
481 1158 559 1241 305,
589 1164 659 1222 inde
682 1194 723 1204 -
753 1164 826 1222 dori
852 1168 970 1237 oportet
996 1169 1051 1223 orit
1074 1164 1205 1223 modium

58 1271 267 1342 vinaceorum,
292 1286 366 1344 quos
385 1272 417 1329 in
436 1271 549 1330 dolium
572 1272 754 1330 condideris.
800 1273 904 1329 sinon
923 1271 1113 1344 luborabunt,
1134 1288 1204 1346 pns-

57 1384 176 1437 cantur
201 1380 298 1437 sotius
328 1381 395 1438 erit.
446 1379 580 1437 interdiu
603 1394 667 1456 sqq.
714 1377 849 1436 vinaceos
878 1373 976 1435 bubus
1000 1394 1054 1455 per
1077 1375 1204 1436 hiemem

58 1483 127 1544 dari
157 1483 261 1544 scribit
289 1482 360 1544 Cato
393 1502 417 1544 c.
443 1479 493 1545 25.
541 1486 673 1545 interdiu
707 1485 852 1562 scriptum
885 1491 931 1542 est
963 1485 1051 1543 etiam
1083 1502 1108 1544 c.
1134 1481 1207 1563 124,

61 1593 215 1652 interdius
239 1609 263 1651 c.
283 1588 335 1653 83.

153 1694 174 1758 2
211 1695 336 1757 Paleas
369 1693 538 1758 triticeas
570 1706 605 1758 et
638 1697 856 1758 hordeaceas
890 1715 975 1758 acus
1009 1696 1212 1775 iabaginum

60 1807 159 1864 nicia
185 1804 241 1865 uei
265 1806 306 1865 de
329 1804 454 1884 lupino
478 1807 561 1865 item
586 1805 627 1865 de
651 1807 786 1866 ceteris
806 1803 972 1884 frugibus
993 1806 1107 1865 omnia
1127 1822 1212 1864 con-

61 1909 156 1990 dito]
187 1916 268 1974 Acus
291 1912 474 1989 [rheginum
502 1916 611 1974 vicium
639 1911 765 1994 Merula,
792 1916 902 1974 vicium
930 1931 1006 1974 nous
1031 1911 1212 1988 sobuginum

60 2019 226 2081 iucundus.
272 2038 326 2099 pro
355 2020 400 2080 bis
429 2021 527 2081 addita
551 2022 770 2101 praepositione
794 2022 901 2098 scripsi
926 2039 1000 2081 ocris
1020 2010 1212 2094 sedecinum,

60 2130 101 2188 de
125 2131 215 2206 vicio,
239 2127 267 2186 b.
291 2145 316 2189 e.
340 2145 411 2188 acus
434 2128 470 2187 de
495 2126 568 2207 saba,
592 2128 627 2187 de
654 2129 736 2207 vicia,
760 2127 797 2188 de
821 2126 923 2207 lupino
946 2129 1079 2205 itemque
1103 2124 1139 2184 de
1165 2143 1211 2185 ce-

60 2237 138 2295 teris
163 2234 308 2313 frugibus,
332 2252 366 2294 ea
389 2237 487 2294 omnia
512 2234 664 2295 condenda
689 2243 766 2295 sunt.

154 2337 176 2400 4
205 2338 322 2417 Usque
348 2341 489 2400 ocinum
514 2341 596 2402 dato
625 2341 737 2402 donec
766 2350 907 2402 arescat
936 2343 984 2402 ita
1014 2349 1211 2420 temperato

60 2454 189 2526 postea
215 2448 344 2506 uiciam
368 2446 462 2524 dato]
488 2450 563 2509 ltern
587 2456 752 2526 temperate
771 2458 840 2528 post
863 2452 972 2510 uiciom
996 2451 1067 2509 doto
1090 2447 1212 2509 Merula.

61 2557 185 2614 ocinum
209 2553 316 2635 bubus,
340 2554 410 2615 dum
434 2563 558 2636 arescat,
582 2556 711 2616 dandum
735 2563 797 2637 est3
820 2555 872 2617 ubi
895 2558 1017 2636 aruerit,
1045 2567 1212 2636 temperan-

61 2662 150 2741 dum,
183 2661 289 2722 deinde
322 2663 395 2722 vicia
428 2662 522 2723 danda
555 2672 608 2723 est.
659 2672 831 2741 temperare
863 2664 899 2724 de
932 2663 1019 2724 modo
1053 2662 1126 2723 cibis
1164 2664 1212 2723 ad·

61 2767 196 2829 bibendo
229 2768 341 2829 dictum
370 2777 416 2830 est
443 2780 475 2832 c!
494 2767 537 2831 90
565 2789 665 2832 escum
693 2777 867 2848 temperate.
915 2775 957 2831 itu
985 2780 1100 2852 autem,
1134 2772 1212 2850 quod

61 2875 135 2937 oiim
155 2877 340 2954 grammatici
359 2876 395 2936 de
416 2887 549 2956 tempore
567 2878 678 2938 dictum
700 2876 982 2960 interpretabantur,
1001 2881 1030 2938 in
1046 2881 1213 2958 praeceptis

61 3001 133 3042 cum
158 2984 332 3062 imperativo
355 2985 547 3062 coniungitur
575 3002 662 3063 saepe
687 2992 717 3044 et
745 2986 775 3044 in
805 2985 890 3044 initio
917 2988 1137 3046 rrruntiatorum
1161 3005 1211 3065 po·

61 3091 160 3167 uitur,
189 3098 222 3149 ut
249 3088 285 3148 ad
314 3107 348 3148 ea
377 3107 451 3168 quae
480 3099 564 3150 antea
593 3100 750 3170 praecepta
780 3100 865 3151 erant
888 3092 1056 3151 reserantur
1080 3111 1112 3152 ea
1137 3111 1212 3171 quae

61 3195 263 3277 subiciuntur,
283 3213 358 3275 quae
378 3196 511 3257 iacienda
531 3206 601 3257 sunt
615 3206 686 3280 tum,
711 3215 779 3258 cum
794 3215 827 3256 ea
843 3215 917 3276 quae
933 3207 1000 3257 aute
1015 3199 1081 3258 sieri
1096 3209 1214 3278 oportet

61 3307 122 3384 sic,
153 3312 184 3364 ut
212 3306 358 3381 scriptum
387 3313 464 3382 erat,
492 3313 611 3382 peracta
639 3312 717 3365 sunt.
764 3303 896 3384 exempla
920 3306 984 3364 eius
1010 3323 1082 3366 usus
1106 3309 1135 3367 in
1160 3307 1212 3367 Ca·

61 3413 145 3471 tonis
183 3408 258 3469 libro
298 3408 580 3470 Schoendoeriierus
618 3411 654 3471 de
691 3413 818 3489 genirina
857 3411 916 3471 Cat.
951 3411 987 3471 de
1021 3416 1111 3489 agric.
1144 3413 1214 3473 iibri

62 3518 160 3577 forma
188 3535 216 3595 p.
234 3514 279 3577 44
303 3517 456 3577 indicavit:
487 3514 578 3597 43‚1
610 3522 652 3579 ita
680 3521 762 3579 olcus
789 3522 895 3600 serito,
924 3516 964 3578 77
996 3523 1039 3579 itu
1070 3524 1213 3597 inponite,

69 3621 113 3685 78
139 3633 170 3684 et
192 3620 232 3684 81
260 3627 302 3684 ito
322 3628 436 3701 ponito,
464 3619 508 3685 80
531 3628 574 3684 itu
598 3628 629 3685 in
651 3608 774 3701 eripuere
798 3629 919 3686 caldum
939 3626 1074 3702 inedito,
1103 3623 1145 3688 84
1170 3632 1212 3688 ita

62 3751 160 3809 pone,
190 3726 233 3792 85
260 3735 304 3791 ita
333 3734 453 3808 insipito
482 3735 513 3792 in
541 3736 643 3793 nulum
670 3750 791 3813 novom,
826 3730 942 3814 rtur
972 3739 1015 3794 ito
1043 3738 1213 3810 relinquito,

70 3835 135 3899 119
160 3841 203 3898 itu
226 3841 314 3911 utito,
345 3834 461 3918 157‚5
490 3843 533 3900 itu
561 3843 713 3917 opponite,
743 3838 782 3900 ib.
804 3837 844 3899 14
873 3844 916 3899 itu
940 3845 1083 3918 promito,
1112 3839 1213 3905 ib.15

65 3950 113 4006 ita
136 3946 312 4020 subducite,
343 3943 455 4026 1622
485 3950 528 4006 ita
551 3965 653 4008 omnes
674 3949 794 4008 obruite
818 3954 848 4006 et
871 3945 1009 4006 similiter
1034 3947 1106 4027 161,
1125 3947 1146 4009 5
1171 3955 1214 4010 ito

64 4070 137 4114 cum
161 4056 324 4128 sumpseris
351 4071 465 4128 semen,
489 4057 655 4126 incendito;
682 4063 712 4114 et
735 4073 803 4115 cum
826 4054 927 4114 futuro
948 4063 1080 4132 tempore
1104 4074 1128 4115 c.
1151 4054 1213 4119 103
1284 4128 1288 4136 ¹

65 4164 112 4220 itu
138 4161 226 4220 boues
249 4168 279 4221 ct
300 4178 430 4237 corpore
453 4164 625 4222 curatiores
649 4171 740 4222 erunt
761 4170 790 4222 et
808 4163 930 4221 morbus
949 4163 1056 4243 oberit,
1081 4161 1143 4224 116
1170 4167 1213 4224 ito

64 4271 191 4342 integro
212 4251 392 4327 'seruabitur
419 4274 516 4342 recte,
549 4266 611 4330 128
641 4272 683 4328 ita
711 4288 808 4345 neque
836 4288 965 4345 aspergo
992 4271 1113 4330 nocebit
1140 4289 1213 4352 sqq,

67 4371 134 4436 130
162 4378 206 4434 ito
235 4389 331 4448 neqrce
350 4373 471 4450 fumosa
495 4383 586 4436 erunt
608 4385 637 4436 et
660 4379 812 4438 ardebunt
835 4379 917 4438 bene.
950 4410 985 4419 —
1013 4380 1109 4439 donec
1128 4396 1212 4457 prae-

64 4490 150 4542 terea
183 4479 263 4559 apud
295 4479 435 4542 Catonem
468 4500 536 4542 cum
570 4484 758 4544 coniunctim
790 4484 876 4544 modo
909 4484 1021 4546 dictum
1054 4503 1113 4546 non
1146 4504 1212 4547 esse
