2874 4994
140 345 206 409 248
483 347 674 405 conabar.
693 347 732 402 IN
751 345 940 404 VARRONIS

141 508 388 582 suffragaturum
411 502 481 565 libri
495 471 589 564 mauu
609 504 714 583 scripti
732 519 846 585 omnes,
863 502 1109 579 mffraantoram
1124 499 1252 564 Pedianus

142 614 172 673 iu
195 613 330 692 prIncipe
354 610 484 671 editione
508 629 568 671 non
591 612 731 672 correxit.

234 717 309 780 Vll
340 717 386 778 lle
410 734 547 797 panone
570 719 692 797 inquit
719 715 834 778 libere
861 713 983 801 dions]⁸
998 717 1046 779 lle
1063 717 1255 796 panoniam

144 834 175 888 et
198 825 317 889 rubrica
341 823 506 886 Florentini
530 824 650 886 codicis.
696 842 800 885 rernm
822 822 969 913 bocesse
992 823 1067 887 vidit
1088 821 1212 885 Uminus

232 931 298 1004 Qui
330 950 436 992 secus
464 934 578 1011 siquit
606 931 748 992 diceres
781 929 822 991 de
855 931 903 992 iis
929 929 1156 1010 gentilitatis
1177 947 1260 991 caasa

144 1041 301 1102 fortasse
334 1047 415 1100 ante
449 1056 526 1099 cnm
558 1038 712 1099 duceret
743 1033 895 1118 serram]
924 1022 1070 1099 Fortasse
1101 1035 1169 1099 libri
1195 1053 1262 1099 mann

145 1149 250 1227 scripti
273 1164 386 1227 omnes,
410 1164 469 1207 non
491 1145 643 1222 fortassis,
662 1144 741 1225 quod
765 1146 796 1205 in
818 1145 956 1225 principe
978 1143 1111 1206 editione
1128 1141 1264 1207 Politisnss

145 1273 205 1315 non
229 1255 367 1315 correxit.
413 1257 467 1329 qai
492 1271 580 1314 secas
606 1255 637 1314 si
663 1255 739 1329 qaid
765 1254 884 1314 diceret
903 1283 947 1296 —
967 1250 1106 1328 sortasse
1131 1255 1199 1314 anta
1216 1268 1267 1314 arra
1320 1286 1323 1335 :

145 1364 273 1423 duceret
289 1379 411 1421 serram
430 1358 590 1420 iucundus.
626 1361 749 1435 siquid
766 1362 887 1422 diceres
904 1357 1033 1420 Ursinus
1055 1359 1194 1420 restituit
1213 1351 1267 1436 'sar
1321 1338 1323 1359 ¹

145 1477 226 1529 tasse
244 1486 285 1528 an
305 1474 403 1528 tecam
419 1469 547 1527 duceret
563 1484 683 1527 serram
697 1464 825 1527 Ursinus
840 1474 870 1526 ct
884 1463 1027 1544 Scaliger.
1061 1472 1176 1526 sertam
1191 1473 1267 1526 unca

147 1592 305 1654 perperam
328 1570 517 1654 praelerebat
536 1570 667 1650 Scaliger
689 1574 792 1633 restim
812 1570 858 1633 rol
882 1570 1047 1633 ianiculum
1071 1573 1269 1652 interpretatus
1302 1552 1310 1570 l

143 1682 341 1764 fortassean
365 1679 457 1740 Varro
483 1678 557 1739 dixit
579 1678 618 1739 lll
640 1675 690 1755 16,
712 1676 753 1741 10
781 1687 811 1740 et
838 1681 868 1739 in
897 1677 981 1740 libris
1010 1677 1047 1739 de
1076 1677 1176 1758 lingua
1201 1678 1270 1739 latiur

146 1797 202 1870 ter,
229 1785 322 1849 v34.
346 1786 397 1847 Vll
416 1784 469 1847 40.
494 1784 558 1845 Vlll
578 1783 613 1867 ῖς
641 1784 777 1861 forsitan
799 1788 830 1847 in
864 1803 965 1847 rerum
997 1787 1178 1847 rusticarum
1207 1785 1272 1846 libris

147 1913 323 1974 numquam,
355 1893 392 1954 de
416 1893 485 1972 ling.
508 1891 556 1954 lat.
581 1891 635 1974 bis,
660 1891 696 1952 Vl
717 1890 759 1954 14
782 1903 813 1954 et
835 1893 875 1953 lx
894 1889 951 1975 60,
983 1891 1035 1953 nbi
1063 1891 1096 1953 L.
1121 1892 1273 1973 Spengclius

144 2002 278 2078 fortasse
296 2020 338 2062 an
356 1999 448 2061 scribi
468 1999 569 2081 voluit,
583 1999 725 2076 forsitan·
738 1999 876 2088 Reitcrus
895 2009 1009 2079 quaest.
1028 1999 1154 2062 Varron.
1172 2017 1273 2079 mamm

147 2130 175 2189 p.
196 2105 261 2170 105
280 2107 420 2168 delendit.
458 2124 571 2168 serram
590 2107 710 2187 ducere,
728 2106 757 2167 b.
772 2126 797 2167 c.
816 2106 962 2188 altercari,
985 2113 1054 2187 post
1074 2106 1223 2168 Cuiacium
1237 2105 1275 2166 ob

148 2234 224 2276 serv.
243 2213 264 2276 9
273 2211 321 2296 ,8
354 2214 511 2292 explicarit
538 2213 703 2274 Gronovius
736 2213 852 2274 observ.
870 2209 946 2294 4,5
978 2202 1130 2293 adscripto
1162 2211 1276 2292 exemplo

149 2322 288 2382 Varronis
320 2319 396 2400 apud
425 2319 552 2381 Nonium
581 2338 609 2399 p.
628 2316 718 2401 25,1
754 2321 853 2382 Varro
881 2321 1039 2398 Mysteriis
1071 2313 1142 2382 ‘aes
1174 2319 1277 2396 defran-

149 2433 238 2492 dasse
256 2446 408 2506 coponem,
423 2430 530 2489 abbam
549 2432 611 2489 lato
631 2430 782 2509 obiecisse,
797 2445 865 2491 cam
880 2430 1032 2505 portitore
1049 2445 1173 2489 serram
1191 2421 1280 2489 daaa’.

239 2535 286 2596 Ex
310 2537 355 2595 iis
375 2534 411 2594 Μ.
431 2534 590 2595 antidius
609 2534 735 2614 lyrcbo
754 2552 863 2614 sopra
883 2551 1060 2613 sexagena
1085 2533 1182 2596 milia
1202 2552 1280 2596 num·

151 2660 241 2702 muna
265 2643 300 2701 in
324 2659 415 2700 anno
435 2640 572 2702 dicitur
591 2639 734 2720 capere]
751 2642 801 2703 Ex
817 2643 865 2703 iris
884 2642 926 2701 M.
940 2643 1083 2716 Aufidius
1102 2642 1205 2704 Larco
1219 2641 1282 2704 llS.

149 2766 306 2822 seaaaena
335 2750 430 2807 millia
463 2765 614 2808 nummum
642 2747 803 2810 lucundus.
847 2767 943 2826 snpra
972 2766 1133 2825 swegeno
1160 2747 1285 2829 Angelius

151 2855 293 2940 restituit.
338 2857 508 2914 sestertium
532 2872 689 2930 senapena
712 2858 808 2916 millia
831 2872 983 2916 nummum
1007 2853 1211 2917 Schneiderus
1232 2852 1285 2916 coll

151 2960 226 3021 Plin.
244 2958 271 3020 x
289 2955 333 3022 45
356 2978 506 3036 pavonem
537 2963 600 3022 cibi
624 2965 731 3037 pratia
759 2963 877 3023 Rornae
902 2964 1022 3040 primas
1048 2965 1167 3024 occidit
1195 2971 1287 3025 orator

151 3069 333 3130 Hortensius
365 3068 488 3128 aditiali
518 3086 596 3129 cena
625 3071 802 3130 sacerdotii.
847 3073 995 3145 saginare
1023 3072 1146 3147 primas
1174 3072 1289 3131 instituit

151 3179 239 3237 circa
262 3177 453 3235 novissimam
474 3177 642 3250 piraticum
666 3177 774 3236 bellam
793 3176 835 3236 M.
855 3177 995 3250 Aufidius
1014 3177 1120 3238 Larco
1145 3195 1242 3253 aare
1261 3193 1290 3236 ea

151 3288 279 3358 quaesta
302 3282 420 3341 reditas
442 3285 612 3342 sestertium
635 3300 791 3358 senapena
814 3286 898 3343 milia
920 3285 1036 3344 babuit.

241 3383 262 3446 2
299 3385 474 3447 Pascendi
506 3406 635 3467 greges
667 3397 830 3467 agrestes
861 3389 1099 3450 transmarini
1132 3408 1215 3451 esse
1248 3388 1293 3449 di·

152 3503 284 3557 cuntur
307 3494 341 3554 in
365 3492 500 3554 insulis
523 3496 611 3556 sami
634 3497 669 3554 in
693 3495 776 3557 luco
799 3497 945 3557 iunonis
968 3497 1053 3558 item
1078 3496 1115 3557 in
1139 3497 1294 3576 planasia

153 3605 189 3662 in
213 3599 365 3661 insulam
389 3600 542 3680 pisonis]
569 3604 605 3663 Ia
629 3607 729 3664 insula
753 3605 873 3665 Pacatis
901 3601 991 3663 editio
1019 3605 1166 3684 princeps
1189 3623 1205 3665 a
1227 3603 1295 3665 Poli-

155 3710 233 3766 tiano
255 3724 316 3764 non
340 3716 474 3767 correcta
498 3717 528 3767 et
551 3707 643 3768 codex
664 3709 820 3788 Caesenas,
840 3711 871 3769 r‘n
895 3712 1025 3770 insolam
1045 3712 1168 3786 paonis
1190 3710 1295 3790 reliqua

154 3812 328 3894 apographa.
371 3833 523 3891 paronam
553 3835 664 3892 crepes
697 3825 832 3892 agrestes
865 3819 1070 3878 transmarini
1096 3849 1141 3860 -
1170 3822 1239 3880 item
1268 3821 1295 3877 in

155 3923 300 3983 Planasia
324 3925 424 3982 insula
449 3921 490 3980 M.
515 3923 634 3982 Pisonis
657 3920 816 3982 iucundus.
862 3925 893 3983 in
918 3923 1067 3983 Planasia
1099 3926 1134 3984 in
1161 3927 1237 3986 siloa
1259 3922 1296 3983 M.

155 4032 274 4091 Pisonis
299 4026 434 4087 Ursinus.
471 4026 623 4108 archetypi
643 4028 801 4088 lectionem
815 4030 969 4106 pascendi
990 4030 1111 4090 restitui
1132 4039 1164 4092 et
1185 4047 1296 4112 pravam

155 4134 314 4195 verborum
333 4132 563 4215 distinctionem,
583 4147 658 4214 qnae
674 4136 730 4195 luit
748 4137 779 4195 in
799 4133 991 4216 editionibus,
1009 4139 1141 4218 correxi,
1157 4139 1299 4216 pascendi

153 4256 264 4315 propes
287 4245 431 4310 aarestes.
477 4245 681 4303 transmarini
702 4260 766 4303 esse
790 4244 936 4303 dicantar
960 4244 993 4303 in
1016 4246 1144 4319 insulis,
1167 4246 1251 4305 Sami
1270 4246 1298 4303 in

156 4350 224 4404 iaco
248 4343 382 4416 laconas,
407 4347 475 4406 item
500 4350 531 4407 in
552 4349 697 4409 Planasia
721 4351 821 4411 lasala
840 4348 883 4408 M.
903 4350 1030 4410 Pisonis.
1069 4351 1213 4428 pascendi
1235 4356 1300 4411 sunt

157 4449 192 4509 ad
208 4447 302 4509 villam
319 4459 450 4527 agrestes
465 4469 570 4532 greges
588 4470 745 4536 pavonum,
760 4455 950 4516 transmarini
969 4453 1122 4517 habentur
1143 4457 1174 4518 in
1188 4455 1297 4519 insulis:
