2874 4994
155 309 221 373 114
515 318 705 375 COMMENT.
725 320 765 372 IN
784 317 941 373 CATONIS

149 471 309 532 bibendum
334 474 540 553 ministranda,
569 493 662 553 eaque
686 493 761 553 aqua
786 493 823 534 ne
846 472 914 553 plus
938 490 1026 534 ernam
1049 470 1154 531 horam
1178 471 1233 531 sita
1252 472 1286 531 sit

150 580 314 640 curandum
338 591 392 640 est.
440 581 517 660 quod
548 582 674 642 eumad
704 583 847 643 facturam
870 599 975 660 parum
998 588 1104 659 aptum
1127 596 1196 641 esse
1217 576 1288 639 ride-

149 695 241 766 retur,
273 687 424 748 Gesnerus
450 688 537 749 rerba
561 692 601 750 ita
625 691 839 769 interpretatus
863 698 921 769 est,
950 706 1009 748 non
1033 684 1208 767 patiendum
1229 702 1287 747 osse

149 804 181 855 ut
211 794 281 855 liora
311 814 368 855 uria
398 796 525 875 amplius
553 783 639 876 aqua'
656 796 746 878 absit,
777 805 810 858 ut
837 795 940 856 bibere
969 812 1029 855 uon
1056 794 1154 873 possit
1181 790 1286 872 gallina

147 919 244 980 neque
264 901 395 962 feliciore
416 922 559 964 successu
576 903 624 964 alii
639 906 821 966 coniecturis
835 902 924 965 verba
939 904 1092 982 corrigere
1106 899 1286 961 studuerunt.

148 1028 205 1069 nee
229 1013 299 1087 plns
330 1029 427 1085 nectos
454 1015 539 1072 sitiat
566 1015 674 1073 lrornnr
702 1030 793 1072 onom
822 1012 950 1071 coniecit
977 1008 1125 1070 Trillerus
1152 1006 1286 1068 observat

148 1115 183 1175 lV
203 1114 243 1177 27
273 1135 301 1196 p.
321 1114 405 1193 465,
440 1120 484 1178 dis
514 1122 543 1179 in
573 1121 622 1179 otte
647 1117 768 1194 foretur
794 1125 824 1178 et
851 1119 978 1178 meridie
1006 1117 1115 1178 bibere
1140 1117 1214 1176 doto
1239 1132 1286 1176 nee

144 1228 228 1301 plus:
261 1243 342 1301 nque
370 1229 430 1285 site
457 1229 515 1286 siet
543 1244 647 1287 corum
671 1223 881 1298 llottboellius,
911 1242 968 1284 nee
987 1227 1059 1299 plns
1084 1226 1287 1299 superfetant

146 1332 253 1392 liorem
290 1350 382 1393 unam
412 1331 612 1392 Schneiderus
645 1331 709 1391 coll.
743 1330 854 1392 Colum.
887 1328 950 1389 Vlll
976 1327 1054 1410 r‚4
1087 1347 1158 1391 cnm
1190 1332 1285 1391 dende

146 1442 262 1499 satiato
286 1447 331 1500 est
353 1443 431 1514 nris,
457 1444 616 1516 praelectum
640 1442 777 1516 deposito
800 1456 895 1499 ceree
919 1439 1092 1511 dimittitur,
1114 1439 1173 1499 sed
1194 1440 1235 1499 ito
1253 1455 1283 1498 ne

91 1542 96 1549 '
145 1554 301 1620 erraretur.

234 1654 370 1714 LXXXX
389 1652 597 1714 Palumbum
617 1663 798 1714 recentem
818 1655 853 1714 oi
872 1670 1025 1731 prensus
1045 1653 1120 1713 erit
1136 1654 1171 1713 ei
1185 1650 1280 1713 fabam

147 1769 282 1820 coctam
303 1769 431 1821 tostam
450 1764 602 1840 primurn
622 1759 721 1839 dato]
737 1762 914 1822 Palumbum
934 1760 1088 1821 recentem
1106 1762 1153 1821 sie
1170 1759 1279 1835 loretto.

147 1869 194 1926 arti
216 1885 347 1942 prensus
376 1873 447 1943 erit,
481 1872 511 1928 et
534 1868 640 1943 sebam
669 1887 732 1947 sqq.
760 1866 887 1947 Merula,
920 1869 969 1927 cui
996 1866 1119 1927 rubrica
1148 1869 1181 1928 in
1208 1884 1279 1927 mani

144 1974 264 2052 scriptis
298 1972 381 2034 libris
414 1978 598 2054 praescripta
628 1977 806 2036 Palumbum
837 1978 882 2036 sie
907 1973 1024 2049 sarcito
1051 1972 1278 2053 supplementum

142 2079 298 2160 praebuit,
327 2084 502 2158 palumbum
532 2091 682 2143 recentem
713 2091 744 2142 nt
775 2099 907 2157 prensus
934 2083 1007 2160 erit,
1039 2083 1070 2140 ei
1095 2080 1204 2156 sobam
1228 2097 1277 2159 sep

143 2186 300 2248 Victorius.
349 2188 420 2248 lucc
449 2191 488 2249 ita
517 2188 650 2249 defendit
673 2187 838 2267 Gesnerus,
869 2197 913 2271 ut·
930 2188 1102 2266 praeposito
1126 2187 1277 2247 accusativo

142 2313 212 2354 casu
241 2297 369 2356 nominis
401 2299 593 2373 palumbum,
614 2295 731 2355 deinde
760 2294 894 2355 subiecto
923 2294 1160 2355 demonstrativo
1188 2310 1278 2373 prono

140 2404 220 2461 mine
244 2406 275 2462 ei
296 2406 466 2463 accuratius
490 2402 674 2479 definiretur,
706 2421 765 2481 ‹puo
790 2420 896 2462 nornen
921 2403 1097 2480 pertineret.
1135 2402 1222 2462 cuius
1240 2418 1278 2477 gr·

141 2511 222 2567 neris
251 2508 466 2587 neglegentiam
495 2512 525 2569 in
554 2508 693 2569 adverbio
722 2528 756 2570 eo
786 2511 884 2570 trctari
913 2527 937 2569 o.
960 2506 1024 2570 128
1055 2516 1177 2569 terrem
1203 2523 1278 2583 quon

141 2618 272 2675 maxime
301 2624 450 2676 cretornnr
480 2620 527 2676 ret
552 2619 757 2694 rubricosum,
788 2635 822 2677 ee
847 2634 1005 2677 rrmureom
1030 2613 1196 2690 infundite.
1237 2611 1278 2672 sel

141 2740 243 2780 reruni
268 2723 333 2781 osse
358 2732 428 2801 puto
453 2722 692 2802 supplementum
718 2722 857 2805 Merulae,
881 2722 959 2802 (priori
980 2725 1043 2801 ipsa
1064 2729 1280 2801 praeceptorum

141 2831 215 2888 ratio
239 2828 379 2909 postulat,
399 2832 575 2905 pclrrrnbnm
599 2838 751 2890 recentem
774 2833 820 2890 sie
840 2829 972 2905 sarcito:
996 2830 1050 2889 ubi
1069 2845 1205 2905 prensus
1224 2829 1280 2897 erit,

140 2939 170 2995 ct
193 2935 299 3010 sudum
329 2944 448 2997 cortem
477 2945 583 2997 tostam
608 2941 742 3012 primurn
772 2940 850 2997 dato.
898 2954 965 2996 nam
995 2953 1103 2995 recens
1135 2932 1281 3013 palumbus

142 3043 251 3102 dicitur
276 3060 334 3101 non
359 3043 385 3100 is
405 3043 455 3119 qui
478 3049 615 3101 recenter
634 3042 799 3119 prehensus
819 3052 873 3122 est,
897 3042 949 3102 sed
970 3044 1020 3120 qui
1041 3061 1057 3102 a
1078 3050 1171 3120 partu
1189 3056 1281 3101 recens

140 3160 199 3208 est:
225 3147 304 3208 Varr.
322 3167 345 3207 r.
361 3167 383 3208 r.
398 3146 424 3207 ll
440 3146 469 3229 8,
483 3147 503 3208 2
521 3152 637 3224 pullum
656 3153 808 3209 esintnurn
828 3170 848 3211 α
859 3158 955 3227 portu
970 3160 1125 3211 recentem
1140 3151 1282 3211 srrbr‘cr'nnt

139 3274 249 3332 cquae,
279 3253 575 3336 lll,12,.4snepe,
605 3274 672 3316 cunr
701 3259 812 3317 notent
836 3261 953 3318 catulos
978 3265 1133 3331 recentes,
1162 3257 1282 3317 otiosis

141 3371 245 3424 verstre
267 3364 382 3422 labere
405 3366 613 3438 reperiuntur.

229 3469 356 3529 Postea
390 3466 502 3529 falsam
536 3469 666 3528 fresam
699 3489 821 3548 puram
855 3479 890 3531 et
922 3470 974 3530 lar
1012 3488 1142 3550 purum
1182 3471 1283 3530 facito

141 3586 175 3635 et
200 3576 299 3635 falsae
325 3575 434 3634 tertia
459 3593 540 3651 pars
566 3585 601 3635 ut
625 3577 847 3636 infervescat
871 3585 942 3636 tum
968 3576 1022 3636 far
1045 3577 1204 3656 iusipiat
1230 3595 1284 3657 pu·

140 3684 233 3740 riter
263 3682 372 3739 facito
402 3688 437 3739 et
464 3684 610 3759 coquito
639 3680 746 3759 beno]
784 3683 855 3744 Turn
886 3684 942 3760 fur
971 3687 1097 3761 incipiet
1124 3682 1286 3765 apographa

141 3798 171 3846 et
192 3786 339 3845 lictorius
360 3788 390 3846 in
410 3787 665 3866 explicationibus
689 3808 756 3850 curn
774 3790 830 3865 scr
849 3794 979 3867 decipiet
998 3790 1121 3872 Merula,
1147 3792 1201 3853 ubi
1218 3790 1285 3852 Poli·

141 3896 239 3954 tianns
264 3896 387 3970 r‘rrsrpe'nt
412 3912 447 3952 ex
472 3895 574 3983 codice
598 3896 757 3976 adnotavit,
781 3916 848 3957 cem
873 3915 932 3956 non
958 3901 1099 3960 correxit.
1137 3918 1207 3961 cunr
1227 3898 1286 3975 [er-

142 4018 211 4061 uere
236 4004 360 4077 irrctpr‘rt
383 3999 543 4081 lrrcruulus,
567 4021 635 4062 curn
656 4003 711 4078 fur
736 4007 860 4080 inreptet
880 4004 970 4064 editio
991 4004 1116 4066 Victorii
1136 4015 1167 4067 et
1186 4005 1289 4067 deinde

142 4107 272 4183 reliquae.
306 4107 462 4166 editiones,
508 4115 537 4167 et
566 4108 661 4183 sabee
694 4114 785 4170 tertie
809 4129 888 4188 pers
915 4115 970 4173 nbi
996 4113 1201 4195 infervescat,
1231 4124 1288 4175 tunt

138 4213 194 4289 [nr
218 4216 343 4286 irrsipr'ns
368 4213 532 4274 Pontedera
556 4233 583 4293 p.
599 4213 649 4276 69.
698 4217 852 4277 lectionem
878 4219 1032 4299 archetypi
1055 4223 1188 4281 restitui
1225 4238 1287 4281 riam

143 4318 206 4376 falia
233 4320 310 4375 fresa
334 4337 408 4394 pura
432 4330 462 4379 et
486 4321 529 4378 far
553 4339 674 4401 pururn,
704 4324 781 4383 unde
807 4325 954 4386 turundae
979 4327 1051 4388 liant
1074 4328 1111 4389 ad
1137 4327 1288 4407 palumbos

142 4422 317 4495 farcientes,
350 4433 511 4507 precantum
544 4447 578 4486 cx
613 4429 658 4488 liis
690 4434 820 4507 primum
853 4432 938 4494 fabae
971 4454 1043 4514 pars
1076 4437 1167 4497 tertia
1201 4435 1287 4496 ferre·
