2874 4994
145 309 189 373 50
487 319 679 376 COMMENT.
697 320 737 374 IN
756 319 945 375 VARRONIS

147 480 232 534 taum
255 473 368 553 reliqua
392 474 568 553 apographa.
613 473 639 535 ΙΙ
660 472 689 557 1,
707 472 750 537 28
774 475 1051 536 extraordinariae
1069 471 1201 548 sructura
1216 488 1263 548 spe

147 584 209 642 cies
239 580 305 641 libri
338 600 455 662 omnes,
483 590 586 642 contra
614 580 712 663 14,1
744 585 863 643 initium
893 580 1056 656 fructuum
1082 579 1155 639 item
1178 594 1264 639 amau

145 684 298 769 11112,2
319 705 443 763 passum
467 706 482 748 a
506 687 650 749 Politianc
674 708 710 749 ex
734 688 894 768 archetypo
917 688 1092 749 adnotatum
1114 692 1169 746 est

232 793 381 855 illorum
412 794 523 856 uillae
551 797 713 856 rusticae
741 804 844 856 eraut
872 794 1021 855 maioris
1048 791 1163 873 pretii
1187 808 1265 870 qm

145 899 302 961 urbanae
327 920 415 981 quae
440 921 533 962 nunc
557 910 643 963 sunt
666 901 838 981 pleraque
863 898 1003 979 contra]
1028 900 1179 974 Pleraque
1197 895 1266 957 aler

145 1005 307 1088 Caesones,
330 1012 499 1086 pleraeque
521 1007 633 1068 Merula
662 1017 692 1069 et
721 1008 828 1069 deinde
856 1007 963 1087 reliqui
992 1005 1134 1067 editores
1176 1004 1267 1065 restitui

148 1112 305 1175 lectionem
330 1115 491 1197 archetypi,
511 1117 540 1176 in
565 1134 621 1195 qua
646 1134 726 1191 quoe
745 1119 895 1192 pleraque
918 1120 1026 1175 neutro
1050 1128 1163 1192 genere
1183 1108 1215 1171 tle
1231 1126 1266 1190 tp

145 1231 249 1300 paratu
274 1225 431 1302 utriusque
454 1224 573 1302 generis
597 1221 732 1282 villarum
756 1222 868 1283 dictum
892 1230 948 1283 est.

234 1327 444 1408 Praesepiis
476 1327 587 1406 laxas]
618 1331 785 1406 Praesepes
812 1326 934 1389 Merula.
976 1326 1162 1404 praesepias
1190 1340 1268 1401 exn,

144 1442 178 1495 ut
203 1434 329 1515 videtur,
352 1438 383 1495 in
402 1435 537 1496 Alcliuam
561 1436 720 1496 editionem
745 1443 900 1514 receptum
923 1441 953 1495 et
976 1432 1086 1494 deinde
1108 1432 1141 1492 in
1163 1429 1268 1508 reliqna

56 1622 60 1635 ι
146 1550 340 1622 propagatum
365 1551 436 1603 erat.
479 1546 653 1620 praesepta
678 1546 772 1603 latam
795 1541 908 1602 Nouius
931 1560 960 1621 p.
979 1536 1056 1621 218,
1075 1536 1107 1600 9.
1136 1537 1267 1615 praesepis

145 1651 236 1709 laxas
259 1650 373 1728 scripsi·
407 1658 514 1709 neutro
538 1667 647 1728 genere
671 1648 825 1729 pluraliter
845 1650 1011 1725 praesepia
1035 1645 1147 1725 legitur
1168 1637 1266 1724 nult
1307 1654 1309 1661 '

145 1762 174 1814 et
198 1732 323 1814 ablativo
348 1773 418 1816 casu
439 1758 640 1833 praesepibus
663 1754 689 1815 ll
711 1752 740 1837 7,
760 1752 793 1835 7,
813 1750 870 1834 10,
899 1756 931 1814 ia
950 1755 1126 1830 praesepiis
1147 1744 1267 1832 11616

144 1858 226 1919 laxae
250 1878 409 1939 praesepes
429 1871 500 1922 sunt
523 1880 598 1941 quae
622 1861 679 1922 late
699 1869 809 1941 patent,
829 1867 864 1920 ut
881 1858 894 1917 l
911 1856 994 1939 12,1
1017 1861 1175 1935 pastiones
1190 1859 1268 1917 Meae

234 1968 330 2028 Doleo
354 1986 388 2027 cr
409 1985 497 2027 manu
518 1968 638 2045 scriptis
656 1964 741 2027 libris
760 1967 861 2045 recepi
880 1974 911 2026 et
929 1967 1024 2026 doleis
1042 1961 1124 2027 161.
1144 1960 1183 2022 tn
1196 1957 1238 2041 15,
1248 1956 1269 2037 2,

63 2109 68 2118 ·
145 2075 288 2134 coclrleac
308 2071 393 2155 1113,
408 2071 438 2154 3,
457 2077 587 2135 cochleis
606 2069 712 2155 11114,
729 2071 756 2153 1,
775 2074 970 2134 cochlearum
984 2070 1024 2130 lll
1042 2068 1093 2153 14,
1106 2068 1139 2152 4,
1157 2069 1269 2131 cuono·

144 2182 201 2240 riis
224 2179 264 2238 ΙΙΙ
285 2178 335 2261 14,
357 2179 390 2261 1,
420 2182 554 2241 coclrlias
576 2179 617 2240 lli
636 2178 667 2262 3,
684 2177 720 2259 4,
749 2183 877 2241 caeliam
904 2177 945 2238 lll
964 2173 995 2260 5,
1013 2176 1049 2255 3,
1081 2170 1269 2238 cocliariaill

146 2282 198 2366 12,
217 2283 247 2367 2,
267 2285 387 2361 [ariolis
411 2285 451 2345 lli
471 2284 500 2366 7,
519 2284 554 2366 8,
577 2287 672 2348 Basia
696 2284 736 2345 ill
755 2283 786 2365 2,
805 2281 825 2345 9
849 2292 880 2345 et
906 2281 960 2365 10,
984 2285 1088 2345 Rosea
1111 2282 1124 2343 l
1145 2280 1174 2362 7,
1192 2276 1269 2344 tou

145 2389 173 2472 1,
192 2388 240 2453 16.
258 2390 286 2472 7,
306 2390 335 2453 6.
358 2391 398 2451 lll
420 2391 470 2469 17,
490 2390 519 2473 6,
543 2401 685 2454 careotas
709 2391 734 2452 ll
758 2389 785 2467 1,
804 2388 861 2452 27:
885 2409 953 2451 uam
977 2394 1134 2466 cicoaeae,
1156 2384 1271 2469 quotus·

143 2496 307 2559 Politianus
339 2500 370 2559 iu
400 2501 537 2578 principe
567 2499 696 2560 editione
727 2516 786 2559 uon
817 2500 962 2580 correxit,
993 2500 1024 2559 in
1056 2515 1149 2559 manu
1176 2493 1271 2574 scriptis

143 2601 228 2664 libris
252 2622 311 2663 non
334 2605 458 2684 legitur,
482 2605 533 2666 secl
564 2609 711 2667 ciconiae.
759 2606 876 2688 vitiose,
899 2614 933 2667 ut
960 2604 1094 2685 videtin,
1122 2595 1271 2681 capreoli

143 2706 175 2786 3,
194 2706 214 2770 3
238 2718 269 2770 et
292 2714 356 2771 otia
379 2707 483 2793 14,3
507 2730 562 2790 pro
586 2730 705 2790 caprea
729 2720 759 2774 et
784 2716 853 2773 alea
878 2713 961 2773 etin
985 2718 1129 2791 corrupta
1151 2707 1271 2770 librorua

143 2817 290 2895 scriptura
314 2816 355 2876 111
374 2813 405 2897 5,
423 2814 444 2878 4
468 2822 574 2879 cauiis.

234 2920 251 2983 7
286 2925 332 2984 Ac
355 2942 433 2984 cum
456 2924 594 2985 metalli
618 2944 656 2985 ac
679 2924 811 2986 luculli
834 2923 936 2985 uillis
959 2925 1120 3003 pessimo
1148 2919 1271 3003 publice

143 3029 354 3091 aedificatis
387 3030 543 3108 certant]
572 3033 617 3093 Ac
649 3050 718 3093 euru
750 3035 862 3092 metelli
888 3029 960 3104 Am,
989 3049 1028 3093 ac
1061 3033 1176 3093 metelli
1199 3026 1272 3089 coia

142 3135 299 3216 Caesones,
319 3157 358 3199 ac
377 3157 446 3200 cura
464 3142 569 3200 metali
587 3157 664 3199 corr.
683 3141 784 3199 meteli
801 3136 823 3197 F
826 3137 1002 3199 lorentiuus.
1027 3136 1168 3199 Metellus
1184 3134 1272 3195 dicitur

142 3261 201 3302 uon
224 3242 258 3313 Q.
281 3243 416 3306 Metellus
448 3244 638 3325 Numidicus,
666 3244 702 3305 tle
732 3263 791 3323 quo
819 3242 1021 3305 Schneiderus
1050 3243 1211 3324 cogitabat,
1234 3235 1271 3301 sel

142 3347 175 3418 Ο.
199 3349 345 3411 Caecilius
368 3350 505 3411 Metellus
528 3350 599 3411 Pius
624 3351 739 3431 Scipio,
762 3352 814 3430 qui
842 3357 910 3430 post
933 3367 1066 3430 pugnam
1088 3348 1270 3431 Thapseasen

142 3453 199 3514 sibi
224 3466 349 3516 mortem
369 3458 521 3517 conscivit.
554 3455 633 3517 lrunc
654 3459 732 3517 euim
752 3457 868 3517 luxuria
888 3454 1038 3517 celebrem
1058 3457 1155 3518 lusisse
1172 3457 1270 3517 utun

141 3559 328 3621 Tiburtinam
360 3564 425 3621 eius
454 3561 549 3621 villam
579 3564 820 3623 commemoravit
849 3561 954 3623 Cicero
983 3561 1018 3623 ad
1054 3563 1125 3624 iam.
1142 3558 1237 3641 1112,
1252 3556 1269 3618 l.

141 3665 266 3745 Philipp.
286 3665 309 3723 V
330 3665 358 3747 7,
378 3665 428 3728 19.
475 3667 610 3728 Metellus
635 3668 733 3748 Scipio
758 3669 867 3729 dicitur
890 3665 1057 3749 1112,16.
1084 3666 1187 3748 10,1.
1280 3675 1283 3681 “

230 3772 304 3842 Quo
329 3772 364 3833 hi
388 3772 555 3834 laborent
578 3785 616 3836 ut
640 3783 808 3855 spectent
831 3792 892 3835 sua
917 3777 1060 3836 aestiua
1083 3772 1267 3836 triclinaria

141 3877 181 3937 ad
205 3878 321 3956 frigus
345 3882 501 3941 orientis
524 3880 674 3941 hiberna
703 3880 741 3940 ad
771 3881 882 3941 solem
910 3881 1144 3943 occidentem
1170 3880 1267 3961 potius

141 4002 242 4062 quam
280 3994 317 4046 ut
354 3988 495 4065 antiqui
532 3988 567 4046 iu
605 4006 705 4066 quarn
745 3995 884 4066 partem
922 3986 1012 4047 cella
1051 3988 1193 4048 uinaria
1224 3986 1266 4043 aut

141 4089 276 4151 olearia
301 4092 485 4152 fenestras
513 4091 676 4169 liaberet]
707 4094 772 4164 Ouo
796 4095 884 4153 circo
907 4095 941 4153 lii
963 4094 1110 4155 laboraret
1132 4100 1162 4155 et
1182 4085 1264 4151 uena

141 4198 184 4253 aet
205 4197 296 4255 solem
320 4199 505 4257 occidentem
525 4201 627 4273 potius
653 4215 744 4273 quom
767 4200 922 4258 orientem,
969 4200 1093 4274 antiqui
1114 4216 1174 4260 aon
1192 4208 1262 4258 curt·

142 4301 214 4357 eoru
238 4303 268 4358 iu
292 4319 382 4374 qiuaru
396 4310 517 4378 portem
537 4322 601 4382 sqq.
633 4303 755 4365 Merula.
778 4321 838 4379 quo
862 4307 1026 4366 elaborant
1050 4303 1204 4383 iucundus,
1219 4311 1260 4375 qut

141 4404 175 4462 lii
195 4405 337 4466 laborant
355 4405 512 4469 Victorius.
550 4412 632 4484 quod
649 4411 709 4483 (vel
733 4413 890 4486 quereiam)
910 4413 946 4472 lti
967 4413 1116 4473 laborant
1134 4404 1259 4489 purast
