2874 4994
375 348 507 404 oraru
524 308 764 405 avs‘uroaavu
786 349 854 404 nra.
873 350 886 404 1
906 347 946 405 ts
1190 342 1233 407 55

34 580 45 595 .
115 501 206 565 tertiam
228 504 360 583 speciem
382 502 455 565 baao
478 506 639 586 pertinent,
658 503 710 566 sed
729 504 765 565 ad
784 504 953 565 secundam.
987 505 1232 585 quadripertitam

113 608 173 671 cuin
193 609 432 673 distributionem
462 630 551 691 supra
579 614 762 692 propositam
791 613 830 673 ita
858 620 1034 692 persecutus
1063 620 1110 672 est
1132 611 1233 695 Varro,

10 780 21 817 Ε
109 718 135 773 u
151 715 185 779 de
205 719 299 797 prima
324 720 423 797 specie
451 717 583 781 breviter
606 719 720 781 diceret
742 717 763 780 2
789 738 806 781 e
828 723 896 795 qun
918 726 1063 795 quattuor
1086 723 1168 795 quod
1189 727 1234 781 est

10 820 21 923 ᾗ
94 825 218 894 punam
244 844 324 908 sqq,
357 824 480 887 uberius
508 826 545 888 de
573 826 703 888 secunda
730 825 769 886 ib.
798 845 877 901 quae
903 829 1068 887 vicinitatis
1101 830 1233 887 innectas

10 934 12 939 '
91 924 201 993 taient
221 950 302 1014 sqq,
325 931 431 993 deinde
455 931 586 994 breviter
613 932 649 993 de
673 935 760 995 tertia
785 930 806 994 6
834 935 961 994 madent
986 932 1117 1007 [andam
1142 932 1230 1008 sruc-

85 1038 250 1100 laosc‘orem
274 1038 399 1114 faciunt
425 1048 571 1102 vecturae
598 1058 662 1119 sqq.
691 1049 721 1100 et
749 1039 785 1099 de
814 1047 918 1119 quarta
947 1037 985 1101 ib.
1016 1038 1113 1113 refert
1141 1043 1232 1100 ctiam

77 1143 117 1200 tid
131 1144 241 1219 fundi
254 1146 380 1222 fractas
393 1164 457 1225 sqq.
490 1146 625 1223 ordinem
645 1147 855 1227 disputationis
874 1145 1025 1206 iucundus
1044 1145 1150 1207 additis
1173 1148 1232 1206 sin·

70 1247 223 1323 gaiorum
249 1255 379 1332 partium
407 1254 543 1314 numeris
570 1253 724 1333 indicavit,
748 1255 921 1314 Secundam
949 1271 1029 1327 qaae
1055 1256 1232 1326 uicinitatis,

70 1351 192 1420 Tertio
222 1361 350 1421 eundem
379 1357 523 1435 fundam,
560 1362 676 1434 Quarto
707 1358 813 1434 refert.
859 1359 951 1420 Varro
983 1368 1081 1419 autem
1114 1369 1232 1438 praeter

61 1456 214 1536 ptimam
240 1476 355 1545 partem
384 1485 525 1528 numeros
553 1485 612 1528 non
641 1467 807 1548 addiderat,
836 1466 888 1527 sed
916 1469 939 1526 ii
966 1474 1068 1545 postea
1097 1465 1232 1544 partibus

58 1581 180 1642 pravo
200 1571 287 1633 modo
311 1572 460 1634 distinctis
484 1576 514 1634 in
538 1575 670 1652 margine
691 1572 828 1633 videntur
848 1570 990 1651 adscripti
1010 1573 1111 1652 inisse,
1130 1591 1146 1632 o
1168 1575 1232 1651 qui·

29 1666 116 1751 ‘bus
162 1688 198 1740 et
219 1678 275 1740 boo
298 1679 364 1740 loco
388 1682 510 1741 tertium
533 1688 577 1741 est
600 1690 630 1741 et
653 1682 684 1741 in
707 1681 794 1740 initio
818 1676 924 1740 tertiae
949 1681 1043 1757 partis
1066 1686 1177 1754 quarto
1201 1682 1230 1739 in

52 1783 201 1846 textum
224 1785 383 1848 verborum
406 1795 561 1867 receptum
585 1794 640 1848 ost.
661 1819 702 1829 -
722 1788 784 1847 uici
806 1803 861 1864 pro
885 1788 1017 1846 viciniae
1040 1784 1231 1845 scribendum

51 1881 212 1954 Ursinus
234 1895 372 1954 coniecit.
403 1896 514 1971 oppida
534 1901 589 1953 aut
610 1895 672 1954 uici
694 1895 726 1953 in
748 1895 862 1953 uicinia
886 1893 1004 1972 scripsi,
1027 1891 1105 1971 qnod
1131 1899 1232 1971 postu·

47 1987 187 2061 labant
207 2019 240 2062 ea
264 2018 339 2080 quae
363 1999 440 2060 inira
464 2001 573 2079 scripta
597 2006 668 2060 sunt
690 1995 712 2059 4
734 2002 763 2059 si
783 2001 863 2059 enirn
883 1997 1016 2072 asando
1035 2001 1154 2073 inopius
1177 2000 1229 2058 ab·

46 2111 147 2163 sunt
181 2110 291 2186 oppida
314 2109 460 2169 autrici.
486 2138 522 2148 -
550 2109 666 2184 copiosi
687 2109 760 2182 apri
782 2104 902 2165 Merula.

176 2214 311 2287 Quibus
344 2232 433 2293 qnae
462 2215 651 2292 supersint
679 2213 806 2273 uenire
835 2213 977 2291 possint
1005 2220 1046 2271 ut
1079 2210 1230 2289 quibus·

41 2308 156 2379 dam
190 2319 412 2400 pedamenta]
443 2322 617 2395 potiusque
644 2338 723 2395 qaae
750 2322 904 2396 supersint
928 2317 1095 2397 iucundus,
1123 2319 1231 2391 quibus

39 2434 167 2491 quae
186 2436 349 2505 supersunt
371 2428 520 2507 Angelius.
566 2429 746 2502 quibasdam
769 2425 863 2485 deleri
888 2424 980 2484 uoluit
1004 2423 1137 2484 Ursinus.

174 2531 194 2594 4
224 2533 349 2613 itaque
372 2535 408 2595 in
431 2534 496 2594 boo
519 2551 631 2612 genus
655 2532 774 2593 coloni
800 2533 921 2610 potius
947 2532 1231 2591 anniuersarios

39 2627 217 2701 habent
240 2642 383 2702 uicinos
402 2641 533 2720 quibus
552 2642 731 2719 imperent
750 2639 911 2701 medicos
930 2636 1087 2698 iuliones
1107 2637 1230 2697 fabros

39 2754 141 2814 ‘1²¹8
158 2766 188 2808 an
214 2751 250 2810 in
279 2746 366 2809 uilla
392 2766 479 2809 suos
505 2746 675 2824 habeant]
700 2748 857 2824 Imperant
883 2764 919 2806 ex
948 2745 1077 2806 secunda
1102 2743 1231 2804 editione

39 2839 208 2916 Victorii
227 2855 376 2935 vulgatum
395 2865 466 2916 erat.
490 2863 644 2934 praeterea
659 2872 748 2933 prave
768 2854 925 2914 coniuncta
942 2850 1115 2911 serebantur
1133 2850 1230 2929 verba,

39 2953 195 3024 wihus
221 2965 372 3039 imperant
400 2964 546 3036 medicos,
575 2961 611 3021 de
640 2980 698 3041 quo
728 2959 928 3020 Schneiderns
962 2960 1084 3018 monuit.
1130 2959 1230 3036 itaque

40 3059 194 3144 scripsi
220 3071 332 3130 babent
359 3071 486 3143 vicinos,
514 3070 622 3143 quibus
652 3071 812 3144 imperent,
841 3068 981 3126 medicos.
1028 3082 1095 3123 nam
1125 3065 1231 3124 medici

47 3158 214 3235 fullones
237 3174 312 3236 iabri
332 3183 403 3236 sunt
425 3176 523 3250 vicini,
543 3193 619 3254 quos
643 3173 861 3234 anniversarios
884 3169 995 3230 habent
1017 3169 1123 3249 coioni,
1144 3178 1176 3228 ut
1195 3171 1231 3227 iis

47 3270 241 3348 imperent.
274 3285 306 3343 in
328 3283 387 3343 icoc
407 3300 506 3358 penus
529 3292 628 3343 antem
652 3282 678 3340 si
701 3296 804 3339 verum
828 3285 883 3359 est,
901 3295 992 3356 opera
1016 3277 1230 3355 significantur,

56 3369 95 3437 vd
143 3404 222 3465 quae
245 3389 336 3448 vicini
359 3386 493 3448 adhiberi
516 3387 625 3448 solent:
650 3381 736 3464 ‘agro
760 3403 813 3445 seu
833 3383 918 3444 villae
943 3378 1009 3443 taii’
1029 3381 1231 3442 Schneiderns

63 3484 311 3571 interpretatur.
344 3493 396 3554 sed
420 3496 520 3572 potius
544 3495 652 3554 omissa
676 3491 894 3572 praepositione
919 3486 1109 3549 scribendum
1130 3491 1232 3562 itaque

10 3630 13 3649 t
73 3592 143 3654 boc
173 3617 269 3674 penus
301 3604 410 3663 calani.
455 3599 568 3681 coloni,
601 3601 652 3679 qui
686 3597 792 3678 oppida
825 3606 876 3657 ant
905 3597 985 3657 vicos
1017 3602 1067 3655 ant
1095 3597 1231 3673 copiosos

24 3770 28 3775 ,
84 3692 209 3766 divium
233 3724 321 3785 agros
344 3709 374 3768 in
399 3708 504 3768 vicinia
528 3705 648 3787 babent,
666 3722 702 3765 ex
720 3702 767 3764 bis
787 3703 951 3764 conductos
969 3701 1080 3762 habent
1101 3702 1231 3762 medicos

93 3803 213 3874 totenes
237 3811 345 3895 fabros,
369 3831 445 3892 quos
468 3815 498 3873 in
523 3811 588 3873 viiia
611 3810 722 3872 babere
747 3809 843 3870 soient
866 3808 980 3869 divites.

174 3919 330 3991 Quorum
370 3936 631 3999 nonnumquam
675 3919 781 3978 unius
818 3916 978 3975 artificis
1018 3932 1090 3974 mos
1132 3915 1232 3976 toliit

99 4019 187 4087 iuudi
209 4024 381 4104 fructum]
406 4029 494 4099 Quod
516 4042 731 4100 nonnunquam
750 4025 841 4083 unius
860 4024 990 4095 artificis
1011 4038 1091 4080 mors
1111 4020 1232 4081 iterata.

98 4149 214 4208 quorum
237 4151 273 4193 ex
297 4133 458 4214 archetypo
481 4130 631 4194 Victorius
655 4131 795 4192 restitnit.

10 4224 27 4333 i
173 4239 281 4310 Quam
321 4249 460 4319 partem
500 4238 672 4300 latitandi
713 4236 847 4297 diuites
889 4235 1085 4295 domestica
1127 4236 1229 4314 copia

10 4342 13 4355 '
90 4346 252 4413 mandare
280 4345 613 4426 soient].Latisundii
639 4347 745 4406 diuites
773 4345 955 4405 domesticae
982 4344 1089 4419 copiae
1112 4340 1232 4424 Merula,

90 4473 165 4539 quae
189 4473 295 4535 parum
318 4453 504 4516 considerato
528 4451 654 4514 Ursinus
677 4453 890 4531 interpretatus
914 4460 968 4530 est,
992 4447 1138 4509 latifundii
1162 4448 1232 4509 divi·
