2874 4994
144 338 207 404 166
485 349 675 404 COMMENT.
695 350 735 402 IN
753 345 941 404 VARRONIS

142 502 289 564 adversar.
313 523 341 582 p.
361 498 434 564 524.
482 503 582 564 eadem
616 502 810 582 explicatione
843 501 925 563 verbi
954 500 1106 578 frendere
1136 518 1202 562 usus
1226 513 1256 564 est

140 611 246 671 Ateius
269 610 345 690 apud
370 609 491 671 Festum
515 630 542 690 p.
563 607 636 672 162.

229 715 364 777 Porcus
388 735 554 796 graecum
578 725 634 778 est
656 735 783 778 nomen
812 719 1001 796 antiquum
1029 714 1092 777 sed
1120 713 1257 776 obscura·

142 832 213 885 tum
246 823 339 902 quod
372 842 466 884 nunc
499 843 586 885 eum.
611 833 738 885 vocant
767 821 940 900 choeron]
974 824 997 882 Α
1026 821 1148 883 Graecis
1178 839 1258 883 mmet

140 931 263 991 drictum
287 949 352 991 esse
374 930 466 992 Varro
490 931 526 991 de
550 930 619 1010 ling.
639 929 687 992 lat.
707 930 730 989 V
749 927 791 992 97
815 929 974 1010 adnotavit,
994 931 1068 991 inde
1086 946 1205 1010 porciu,
1218 932 1260 989 nid

142 1041 170 1098 ai
192 1056 211 1098 a
234 1039 371 1115 Graecia,
390 1041 472 1114 qnod
493 1041 618 1099 Athenis
642 1041 672 1098 in
696 1040 784 1098 libris
805 1054 966 1099 sacrorum
983 1039 1133 1114 scriptum
1155 1043 1196 1098 en
1207 1054 1257 1113 per·

144 1162 198 1206 coe
217 1139 351 1224 (porcae
370 1163 467 1222 porco
490 1144 583 1205 codex
602 1143 801 1226 Florentium,
817 1134 934 1229 κάπρῳ
956 1137 1014 1203 καὶ
1036 1134 1152 1227 πόρκῳ
1176 1135 1258 1225 ιιιΙςι)

147 1270 180 1311 ea
200 1270 275 1330 quae
295 1251 351 1312 hoc
371 1251 435 1312 loco
455 1252 566 1330 scripta
585 1260 655 1311 stret
674 1250 744 1311 olim
763 1249 912 1312 Nauckius
930 1242 1259 1331 Philol.v.ll(a.184l)

141 1377 170 1437 p.
192 1354 255 1419 154
279 1360 319 1419 ita
346 1361 561 1438 interpretatus
590 1367 648 1436 est,
672 1366 706 1419 ut
729 1356 821 1418 Varro
849 1375 939 1437 pravo
967 1355 1162 1436 etymologiae
1187 1353 1260 1416 studio

142 1464 250 1526 ductus
274 1467 393 1525 nomina
413 1483 529 1540 porcus
552 1473 582 1524 et
605 1470 718 1545 χοῖρος
741 1462 924 1543 copulaverit
947 1472 977 1524 et
1000 1465 1031 1524 in
1052 1480 1158 1542 graeco
1176 1469 1260 1542 χοῖρος

141 1571 214 1632 nihil
238 1575 295 1633 nisi
319 1573 475 1651 antiquum
496 1588 611 1648 percus
640 1571 787 1632 dellexum
815 1570 939 1633 liberius
967 1579 999 1632 et
1026 1569 1212 1632 obscuratum
1231 1570 1260 1629 ir·

143 1696 208 1739 esse
232 1679 404 1741 crediderit.

232 1786 268 1846 ln
301 1804 424 1847 eorum
456 1794 541 1865 petu
574 1786 715 1845 scrolae
749 1784 802 1845 bis
836 1784 893 1844 die
927 1794 964 1844 ut
991 1783 1119 1845 bibant
1146 1779 1261 1859 curant]

142 1894 179 1953 ln
207 1911 312 1954 corum
337 1892 423 1970 foetu
452 1910 487 1952 ex
512 1890 633 1951 Victorii
663 1890 791 1951 editione
820 1899 975 1970 receptum
1004 1901 1078 1951 erat..
1125 1894 1156 1951 in
1185 1909 1261 1952 romu

141 2007 236 2077 portu
255 1974 368 2079 'potius
400 1996 591 2059 scribendum
624 2016 690 2058 esse
723 2005 846 2076 apparet
873 2016 908 2058 ex
936 2000 972 2058 iis
1002 2016 1079 2077 quae
1115 1995 1214 2058 deinde
1237 1997 1263 2057 de

143 2106 286 2189 pariendo
317 2082 549 2186 praecipientur.
596 2103 700 2165 similia
732 2113 803 2165 sunt
830 2124 863 2165 ea
893 2123 968 2184 quae
996 2105 1033 2165 de
1062 2105 1153 2165 asinis
1179 2106 1264 2184 scripu

142 2221 213 2274 sunt
235 2210 351 2294 116‚4
379 2217 410 2273 in
436 2222 533 2289 partu
562 2202 667 2274 eadem
692 2211 763 2287 sere
790 2215 952 2274 observant
980 2231 1060 2289 qnae
1088 2215 1122 2272 in
1149 2215 1224 2287 equis
1244 2220 1266 2270 ιι

142 2321 167 2380 ll
191 2319 217 2403 1,
237 2318 278 2381 27
303 2323 507 2382 admissuram
531 2328 560 2380 et
579 2327 755 2396 parturum.
794 2337 861 2379 nam
883 2318 966 2394 fetus
989 2318 1026 2378 de
1050 2318 1194 2380 matribus
1213 2318 1266 2378 diti·

144 2437 202 2509 tur‚
221 2446 296 2507 quae
320 2427 416 2507 pullos
437 2426 481 2488 vel
501 2427 571 2506 quid
596 2424 674 2486 aliud
697 2427 826 2507 pariunt,
846 2433 897 2486 aut
919 2427 977 2505 ipsi
997 2425 1072 2504 pulli
1091 2427 1144 2505 qui
1167 2444 1267 2486 nanuu-
1303 2468 1305 2528 Ι

144 2544 194 2595 tur
221 2533 265 2594 vel
295 2534 410 2594 lructus
438 2534 579 2594 dicuutur
604 2531 694 2607 setun.
737 2530 804 2606 fetu
833 2535 996 2593 vitulorum
1028 2531 1140 2611 legitur
1168 2529 1270 2613 tint,
1303 2555 1305 2564 ·

144 2641 196 2700 sed
221 2640 257 2699 de
282 2637 464 2700 fecunditate
488 2648 595 2718 terrae,
618 2641 648 2698 in
673 2656 731 2716 qua
754 2637 840 2697 multi
864 2636 947 2698 vituli
971 2650 1147 2700 nascuntur.

233 2746 364 2805 Parere
389 2765 481 2806 nunc
505 2754 675 2825 oportere
699 2762 829 2823 porcos
853 2744 946 2824 quod
975 2763 1141 2807 mammas
1163 2745 1272 2808 habeat
1303 2767 1305 2778 ·

145 2856 175 2913 si
205 2855 322 2913 minus
349 2855 466 2933 pariat
494 2854 732 2914 fructuariam
760 2851 923 2913 idoneam
952 2870 1021 2913 non
1049 2854 1144 2932 esse]
1174 2856 1272 2916 Parere
1303 2850 1305 2885 ³

144 2970 186 3022 tot
209 2969 328 3037 eportet
341 2980 461 3037 porcos,
482 2970 715 3035 cunemannus
733 2962 846 3021 tonent
865 2959 943 3021 edita
962 2960 1031 3020 inde
1051 2960 1087 3021 ab
1107 2961 1208 3022 Aldina
1225 2960 1272 3021 edi·
1301 2890 1305 3026 l

147 3071 225 3128 tione
242 3067 427 3147 exemplaria.
456 3071 594 3128 restituto
614 3069 757 3128 inlinitivo
777 3075 926 3143 oportere,
946 3086 1035 3147 quem
1050 3071 1128 3129 ratio
1147 3070 1273 3129 sermonis
1303 3047 1305 3051 ⁸

145 3175 289 3256 postulat,
316 3176 425 3253 scripsi
454 3193 569 3251 parere
602 3178 708 3235 dicunt
739 3181 880 3250 oportere
909 3191 1030 3251 porcos.
1077 3177 1177 3253 porcis
1205 3193 1270 3236 suan

145 3285 253 3361 cuique
287 3299 442 3341 mammam
475 3300 491 3340 a
524 3279 668 3341 matribus
705 3280 846 3340 destinari
879 3290 980 3341 narrat
1012 3279 1129 3342 Plinius
1160 3281 1198 3342 xl
1214 3278 1271 3344 233.

144 3389 244 3467 itaque
268 3388 395 3447 scrolam
419 3386 522 3447 dieunt
545 3395 684 3465 oportere
708 3394 752 3446 tot
779 3405 887 3464 porcos
910 3405 1030 3467 parere,
1054 3398 1130 3466 quot
1153 3405 1271 3449 mammas

146 3494 261 3574 haheat,
281 3512 345 3554 eam
365 3512 439 3572 quae
459 3512 527 3554 eum
548 3511 704 3554 numerum
724 3511 783 3553 non
803 3492 919 3572 expleat
942 3493 1137 3557 fructuariam
1157 3496 1270 3556 idoneam

146 3621 204 3662 non
224 3619 298 3661 esse.
327 3610 440 3661 temere
459 3609 557 3661 autem
572 3599 737 3680 Nettleship
757 3600 849 3661 annal.
865 3600 966 3680 philol.
980 3600 1149 3683 cantabrig.
1162 3622 1186 3664 a.
1202 3598 1267 3663 ldll

146 3726 173 3786 p.
195 3705 258 3768 174
282 3711 398 3768 numeri
421 3707 563 3768 indicium
585 3717 654 3788 post
677 3712 775 3769 minus
798 3708 943 3769 excidisse
967 3711 1148 3789 suspicatur.

237 3810 277 3874 18
311 3814 408 3885 Quod
432 3815 664 3894 portenderit
688 3816 819 3875 lactum
848 3817 1075 3877 tricesimum
1105 3835 1223 3878 annum
1241 3824 1270 3876 ut

145 3919 368 3981 labinienses
397 3922 629 3983 condiderint
656 3921 823 4001 oppidum
853 3921 948 4000 alba]
976 3922 1118 3999 Triqintu
1147 3928 1269 3986 onnnnt

147 4030 342 4089 Lacinienses
366 4032 531 4090 conderent
554 4033 694 4107 oppidum
714 4031 820 4089 Album
844 4029 1003 4091 lucendus.
1041 4033 1225 4094 condiderint
1238 4047 1265 4089 er

146 4134 306 4213 archetypo
335 4133 483 4196 Victorius
512 4139 651 4197 restituit.
693 4146 762 4213 post
795 4141 980 4212 tricesimum
1011 4156 1127 4200 annum
1152 4157 1201 4221 pro
1223 4139 1265 4198 tri·

146 4244 235 4315 pinta
259 4244 356 4320 annis,
380 4243 458 4319 quod
482 4242 568 4322 vulgo
592 4253 746 4323 receptum
770 4254 842 4326 erat,
863 4247 979 4327 scripsi,
997 4244 1027 4306 h.
1043 4265 1070 4308 e.
1088 4256 1186 4309 exacto
1204 4262 1264 4305 mue

150 4348 311 4405 tricesimo:
335 4346 361 4407 ll
381 4346 409 4427 3,
429 4347 448 4410 8
469 4358 537 4426 post
560 4360 702 4426 quartum
725 4370 854 4414 mensem
877 4356 988 4415 reddit.

236 4450 348 4513 Huius
378 4458 453 4515 suis
485 4475 522 4516 ac
555 4475 746 4536 porcorum
774 4463 981 4523 etiamnunc
1005 4465 1260 4544 uestigiaappr·
