2874 4994
288 325 337 379 DE
356 325 446 380 AGRI
465 323 637 378 CVLTVRA
655 324 796 379 LIBRVM
816 324 844 380 C.
863 322 1034 381 150-151
1169 318 1231 382 163

84 496 107 546 et
134 499 240 558 agnos.
287 498 390 541 mense
413 480 528 541 decimo
551 489 663 561 autem,
692 482 744 559 qui
767 480 803 540 ab
827 482 911 540 initio
936 480 1025 541 buius
1048 483 1129 561 anni,
1152 480 1181 540 h.
1206 499 1231 540 e.

79 610 92 651 a
119 591 226 651 luniis
260 587 306 648 rel
339 588 422 647 llaiis
455 588 527 648 adeo
560 586 694 647 kalendis
726 595 927 669 computatur,
965 586 1080 666 deleget
1112 589 1231 648 domino

75 696 190 777 gregis
215 715 229 755 a
259 703 395 755 coactore
424 713 492 776 sno,
526 713 584 774 quo
614 697 708 755 utitur
736 694 771 755 ad
800 698 913 756 minuta
941 713 1008 755 aera
1037 695 1167 774 cogenda
1196 714 1230 754 ex

72 805 200 883 fructu,
217 821 305 881 quem
325 804 388 881 ipse
408 804 480 862 emit
494 804 652 882 integrum,
671 801 700 861 h.
716 820 740 861 e.
756 802 849 863 solvat
863 803 981 862 domino
996 821 1049 881 per
1064 811 1230 862 coactorum

70 928 242 990 summam,
261 910 297 969 de
318 912 472 989 quainter
491 910 572 986 ipsos
591 903 749 969 convenit'.
782 912 831 971 dic
849 913 952 970 lanam
969 917 998 970 et
1011 928 1106 985 aquas
1121 912 1232 971 vendat

67 1035 220 1077 anesum
258 1019 361 1076 decem
398 1015 519 1093 scripsit
551 1013 723 1075 lludorlfins
761 1014 815 1076 hac
848 1016 945 1076 addita
978 1019 1231 1096 interpretatione,

65 1119 215 1199 ‘emptor
243 1122 291 1181 die
319 1120 422 1181 decem
451 1139 601 1201 mensum,
629 1122 657 1182 id
681 1113 732 1182 ¹est
755 1122 790 1181 ad
814 1121 954 1183 kalendas
978 1123 1107 1204 Apriles,
1136 1122 1231 1183 lanam

65 1246 236 1309 agnosque
261 1228 429 1289 vendidisse
454 1222 543 1288 velit'.
580 1229 616 1288 ad
640 1228 715 1288 banc
739 1229 817 1289 diem
842 1232 921 1290 enim
941 1231 1093 1291 dominum
1113 1231 1149 1291 de
1170 1232 1231 1291 suis

65 1337 241 1414 mancipiis
260 1345 410 1416 pastorem
430 1334 583 1416 praebere,
601 1334 725 1414 reliquis
741 1335 857 1396 duobus
873 1337 1025 1397 mensibus
1040 1339 1231 1398 conductoris

66 1459 143 1502 esse
171 1452 323 1521 pastorem
342 1441 447 1502 ovibus
466 1460 623 1520 apponere.
662 1461 728 1503 nam
747 1443 910 1503 venditoris
929 1446 987 1504 iam
1006 1464 1065 1505 non
1086 1448 1231 1505 interesse

68 1549 214 1611 venditis
238 1552 320 1630 agnis
344 1557 375 1610 et
398 1549 464 1609 lana
487 1567 540 1628 per
565 1568 635 1610 suos
654 1568 755 1610 servos
775 1553 839 1610 sine
859 1570 946 1612 causa
967 1552 1112 1612 custodiri
1132 1561 1231 1612 tonsas

70 1673 150 1715 oves
178 1667 211 1718 et
234 1658 442 1718 infructuosas.
488 1661 630 1730 relegare
654 1659 692 1716 ad
716 1667 860 1719 coactare
883 1665 981 1718 autem
1006 1677 1071 1718 esse
1096 1657 1230 1736 delegato

72 1771 223 1825 coaetore
247 1766 428 1844 argentario,
453 1781 506 1842 per
530 1782 618 1842 quem
642 1765 739 1824 auctio
764 1783 864 1825 rerum
888 1765 1035 1825 venalium
1059 1766 1135 1826 facta
1159 1775 1231 1846 erat,

73 1875 242 1946 pecuniam
271 1871 405 1932 reddere.
450 1870 487 1930 ab
515 1870 571 1931 boc
599 1873 690 1949 igitur
718 1874 861 1950 pecuniae
890 1891 925 1933 ex
953 1874 1050 1950 pretio
1079 1873 1231 1933 fructuum

75 1976 273 2040 venditorum
298 1980 434 2040 redactae
458 1985 573 2037 tantum
597 1977 715 2038 domino
735 1977 907 2040 solvendum
928 1998 1002 2060 esse,
1027 1988 1169 2058 quantum
1189 1979 1231 2039 illi

10 2091 12 2095 '
76 2098 92 2138 a
123 2087 312 2148 conductore
340 2084 492 2146 debeatur.
516 2118 557 2127 —
578 2103 690 2161 porcos
713 2090 862 2147 sectarios
885 2096 915 2147 et
938 2088 968 2146 in
993 2085 1231 2146 enarrationibus

10 2213 15 2260 3·
77 2180 245 2255 ‘sectarius
272 2212 382 2271 porcus
411 2194 462 2271 qui
486 2209 605 2270 gregem
630 2192 811 2270 praecedens
836 2189 929 2253 ducit'
954 2192 1065 2253 Merula
1090 2213 1124 2253 ex
1149 2191 1230 2253 Paul.

77 2309 145 2355 exc.
167 2299 245 2362 Fest
266 2320 292 2380 p.
313 2297 422 2380 336‚8
446 2301 606 2360 Sertorius
629 2303 736 2359 ueruia
757 2303 812 2375 qui
827 2318 952 2375 gregem
972 2319 1121 2375 agnorum
1138 2318 1229 2376 prae·

10 2453 12 2463 .
75 2404 196 2469 cedens
226 2412 321 2469 ducit.
367 2425 402 2467 ex
430 2423 519 2466 mauu
548 2407 668 2484 scriptis
696 2405 780 2466 libris
804 2425 917 2484 porcos
939 2411 1076 2468 serarius
1099 2408 1232 2467 restituit

76 2501 245 2578 Victorius.
296 2514 350 2574 bos
383 2532 448 2574 esse
476 2531 584 2592 porcos
612 2515 664 2591 qui
691 2531 758 2573 sero
787 2516 902 2596 orium,
914 2516 1088 2574 nutriuntur
1116 2515 1232 2574 monuit

71 2607 245 2685 Turnebus
269 2622 382 2683 advers.
408 2619 436 2700 l,
451 2617 480 2682 5.
887 2610 898 2633 ’

174 2727 275 2792 CLII
300 2728 343 2790 El
366 2746 434 2808 quo
457 2736 561 2806 pacto
585 2735 796 2808 cupresseto
820 2730 894 2788 seri
914 2736 1081 2807 oporteat
1100 2730 1231 2788 minius

66 2839 308 2898 Percennius
340 2835 491 2895 nolanus
523 2834 562 2894 ad
594 2834 687 2895 bunc
715 2836 851 2895 modum
881 2835 1111 2912 monstrauit]
1141 2834 1231 2895 Tituli

64 2926 147 2996 ¹⁰⁰⁰
179 2949 211 3006 in
241 2943 401 3022 archetypo
428 2944 612 3020 praescripta
641 2950 726 3002 erant
754 2942 839 3022 baec,
877 2945 1056 3019 Cupressum
1084 2944 1231 3018 quomodo

61 3052 178 3110 seras,
218 3054 326 3113 Semeu
350 3054 489 3127 cupressi
510 3055 549 3125 qr‘r
574 3053 635 3124 legi
651 3053 716 3110 seri
729 3053 961 3126 propagarique
979 3057 1125 3126 oporteat.
1163 3065 1231 3111 nam

57 3158 185 3220 semen
212 3192 251 3203 —
273 3161 506 3235 propagarique
532 3165 683 3232 oporteat,
717 3175 792 3236 quae
824 3158 856 3216 in
884 3174 972 3215 mann
1000 3158 1120 3234 scriptis
1147 3153 1232 3216 libris

57 3250 177 3323 lubro
199 3266 299 3328 colore
322 3267 431 3342 scripta
452 3272 529 3343 sunt,
549 3262 583 3322 ad
604 3241 867 3342 praescriptionem
887 3264 1067 3339 Cupressum
1086 3266 1231 3337 quomodo

53 3370 169 3430 seras
196 3374 297 3435 addita
321 3380 351 3432 et
374 3371 480 3431 deinde
504 3373 534 3430 in
560 3378 641 3430 textu
666 3369 823 3431 verborum
842 3372 950 3430 omissa
970 3377 1062 3429 erant.
1104 3372 1230 3446 Cupres-

49 3475 140 3530 sum
167 3483 321 3558 quomodo
340 3497 426 3539 seras
445 3480 476 3537 in
495 3477 593 3537 indice
613 3476 810 3555 capitulorum
830 3479 974 3556 scriptum
995 3487 1048 3537 est.
1085 3478 1231 3552 quomodo

47 3568 134 3642 ‘39²'
170 3591 204 3650 in
234 3587 353 3647 rubrica
382 3585 491 3645 babent
514 3584 682 3664 apographa
706 3585 729 3644 Α
749 3586 806 3645 lm
831 3579 913 3668 (nam
937 3587 967 3645 in
991 3584 1092 3643 codice
1117 3582 1135 3643 b
1158 3582 1231 3642 haec

46 3670 292 3775 inscriptionis
316 3711 385 3771 pars
408 3695 518 3771 scripta
542 3711 601 3752 non
621 3687 689 3774 est),
712 3690 834 3767 quaudo
853 3691 1093 3767 lepiPolitianus
1112 3692 1231 3750 etitem

49 3774 245 3883 Victorius,
270 3803 320 3880 qui
345 3799 433 3859 rerba
457 3818 472 3859 a
496 3801 731 3878 praescriptione
755 3809 888 3877 separata
913 3801 943 3858 in
963 3817 1051 3858 suum
1069 3796 1168 3857 locum
1186 3814 1231 3855 re·

47 3901 210 3970 voCavit.
240 3908 355 3968 'deinde
374 3910 484 3968 minius
499 3910 662 3982 perceuius
676 3906 852 3985 apographa,
870 3909 980 3966 ruinius
995 3900 1086 3984 (corr.
1102 3895 1231 3984 menius)

46 4007 264 4091 parcenao,
297 4024 330 4075 ut
362 4013 493 4093 videtur,
526 4012 697 4073 Politianus.
754 4015 818 4085 (luo
847 4019 939 4088 pacta
967 4016 1142 4086 cupresseto
1170 4012 1234 4068 seri

53 4113 235 4184 ⁰t²0rreat
259 4119 264 4200 Ι
291 4123 420 4183 Meuius
448 4122 633 4182 Parthenius
665 4124 795 4181 nolanus
826 4123 869 4180 ad
894 4122 976 4178 burae
1004 4119 1123 4178 modum
1151 4125 1253 4175 mou·

59 4214 198 4290 stravi,
218 4228 340 4310 Merula,
368 4231 432 4302 Quo
452 4236 545 4304 paeto
569 4234 745 4304 cupresseto
769 4230 833 4288 seri
854 4232 993 4303 oporteat
1012 4225 1140 4284 Meuius
1160 4224 1233 4283 Per-

67 4327 194 4397 c‘mites
213 4339 348 4397 Nolanus
372 4338 415 4396 ud
435 4336 518 4396 bunc
541 4337 660 4396 modum
684 4337 863 4395 monstrauit
885 4332 1045 4412 iucundus,
1072 4333 1231 4407 Cupresse-

76 4425 142 4493 *ΠΜ
164 4434 421 4520 quomodo'seras.
441 4439 446 4524 Ι
467 4443 575 4504 Semeu
585 4444 854 4519 cupressiquaudo
865 4443 998 4516 lepiseri
1002 4440 1234 4516 propagarique

969 4540 1021 4594 11*
