2874 4994
347 113 479 169 RERVM
496 111 737 170 uvsumtuvu
755 113 823 169 ΙιΙΒ.
843 113 882 167 Ill
903 112 921 169 6
1142 101 1207 169 249

58 266 215 330 Columell.
231 266 294 328 Vlll
315 264 365 348 11,
387 266 401 329 1
428 271 531 345 noque
548 271 606 331 boe
622 287 720 346 penus
739 271 845 330 alitum
868 272 1033 331 nemorosis
1053 276 1082 330 et
1101 271 1209 346 paruis

61 378 176 449 insulis,
200 379 305 451 anaim
327 377 469 437 obiacent
491 377 611 452 Italiae,
631 375 779 452 facillime
801 378 983 438 continetur.

150 481 199 543 Aa
231 482 469 544 admissuram
501 482 587 545 haec
620 485 779 545 minores
811 483 924 545 bimae
956 502 1025 545 non
1058 482 1209 544 idoneae

61 607 127 651 neo
149 592 218 651 iam
241 591 396 651 maiores
420 588 517 669 natu]
538 592 625 654 llaec
644 610 679 652 er
694 591 854 671 archetypo
869 589 1033 652 Politianus
1051 589 1209 671 adnotavit,

60 713 120 758 non
144 699 215 771 bac,
239 705 273 758 ut
294 697 372 777 apud
397 698 563 759 Gesnerum
586 698 702 778 legitur.
741 700 812 760 item
835 686 986 779 1119,18
1009 701 1087 759 baec
1110 702 1207 760 nouus-

60 807 170 885 simue,
205 800 256 886 16,
275 801 296 866 6
318 807 396 866 baec
419 812 455 865 ut
476 807 627 867 bominum
651 808 803 879 ciuitates,
838 801 949 887 16,17
974 804 1010 865 de
1034 804 1105 865 alvis
1132 807 1210 865 baec
1250 862 1262 879 ,

60 918 296 986 commorentur,
311 910 362 972 ubi
380 914 432 974 bic
446 918 671 974 commoventur
690 900 842 973 in'codice
863 911 927 973 luit.
951 914 1061 973 trimae
1074 910 1211 992 Ursinus,

60 1017 142 1099 quod
175 1017 310 1099 probavit
337 1017 548 1079 Schneiderus.
596 1036 663 1078 nam
697 1017 770 1079 baec
802 1026 882 1079 aetas
909 1016 946 1079 ab
974 1018 1039 1078 aliis
1068 1017 1212 1080 tribuitur

59 1124 235 1207 pavonibus,
258 1124 380 1187 Aristot.
404 1125 473 1186 hist.
496 1127 583 1187 anim.
605 1124 639 1186 Vl
659 1123 689 1207 9,
708 1122 751 1186 47
775 1115 793 1187 ὁ
819 1117 857 1186 δὲ
878 1116 966 1198 eaba
990 1121 1026 1207 ζῇ
1049 1118 1112 1205 μὲν
1135 1120 1211 1204 περὶ

59 1225 160 1294 πέντε
174 1224 239 1292 καὶ
262 1233 388 1293 εἴκοσιν
412 1229 480 1312 ἔτη,
503 1229 606 1315 γεννᾷ
629 1226 667 1294 oi
689 1225 817 1312 τριέτης
839 1226 991 1311 μάλιστα,
1016 1231 1130 1292 Colum.
1147 1230 1211 1292 Vlll

62 1334 154 1419 11,5
186 1340 245 1401 boc
274 1356 372 1414 aeuus
404 1342 517 1413 avium,
542 1357 610 1400 cum
643 1343 799 1400 trimatum
826 1341 969 1415 explerit,
999 1342 1109 1415 optime
1138 1356 1210 1416 pro-

58 1453 200 1521 aenerat,
219 1448 367 1521 siquidem
390 1449 526 1508 tenerior
549 1454 634 1508 aetas
658 1454 713 1507 aut
734 1449 848 1507 sterilis
870 1452 926 1506 uui
940 1462 1053 1522 parum
1073 1445 1212 1522 fecundo

61 1559 120 1628 est,
151 1551 225 1613 Plin.
245 1550 272 1612 X
293 1548 354 1614 161
381 1572 460 1630 paro
489 1573 509 1614 α
537 1556 662 1615 trimatu
686 1556 788 1631 parit,
807 1557 909 1630 primo
933 1571 1014 1615 anno
1042 1570 1135 1613 unum
1158 1559 1212 1612 aut

62 1663 196 1722 alterum
218 1677 314 1735 ouum,
336 1664 475 1735 sequenti
496 1668 648 1736 quaterna
671 1663 814 1736 quincue,
839 1664 950 1722 ceteris
972 1661 1128 1734 uccodenu,
1151 1677 1212 1719 non

63 1770 203 1844 amplius,
222 1770 422 1828 intermittens
445 1769 530 1829 binos
554 1771 619 1829 dies
637 1775 775 1828 ternosue
794 1771 889 1844 parii,
909 1785 1034 1847 geopon.
1050 1765 1113 1825 xiv
1131 1763 1212 1845 18‚3

61 1880 200 1952 τριετεῖς
223 1865 260 1934 δὲ
283 1869 321 1933 ui
348 1864 484 1952 θήλειαι
511 1866 690 1955 γενόμεναι
716 1873 903 1952 τίκτουσιν,
927 1869 965 1934 oi
990 1865 1027 1933 ot
1055 1864 1214 1950 νεώτεραι

63 1968 84 2059 ἢ
108 1973 172 2041 οὐκ
198 1973 418 2059 ἐκβάλλουσιν
441 1971 462 2060 ἦ
486 1973 548 2041 οὐκ
572 1975 770 2062 ἐκτρέφουσι
791 1971 832 2041 τὰ
854 1972 995 2042 νεόττια.

155 2084 176 2148 3
209 2085 259 2147 lta
284 2094 323 2147 ut
345 2088 380 2146 in
408 2086 529 2147 fetura
553 2086 613 2147 det
640 2084 792 2148 uberius
816 2095 1004 2166 antequam
1029 2087 1137 2149 salire
1162 2088 1213 2148 in·

65 2196 204 2275 cipiunt
239 2193 302 2255 has
338 2211 355 2254 a
391 2202 629 2274 procuratore
667 2201 795 2254 ternos
832 2192 951 2274 pullos
988 2194 1118 2274 exigit]
1151 2196 1213 2256 Hos

64 2301 187 2364 biorula.
224 2304 315 2362 detur
337 2304 463 2363 nimius
486 2308 516 2363 et
538 2308 610 2362 ante
632 2318 723 2376 quam
745 2304 840 2362 salire
864 2303 1021 2379 incipiant.
1058 2304 1084 2363 is
1103 2320 1123 2362 a
1139 2319 1210 2378 pra·

65 2416 214 2472 curatore
232 2415 335 2471 ternos
353 2412 453 2485 pullos
473 2411 570 2484 eaiait
588 2406 748 2469 lucendus.
786 2410 838 2468 ciet
859 2410 984 2470 uberius
1003 2416 1033 2472 et
1051 2415 1213 2485 antequam

64 2516 224 2578 Victorius.
270 2513 401 2576 maribus
434 2523 502 2578 ante
536 2514 731 2577 admissuram
761 2514 920 2594 largiorem
952 2515 1051 2578 cibum
1084 2516 1149 2577 dari
1182 2517 1213 2575 in

65 2621 199 2685 secundo
221 2620 297 2683 libro
321 2622 358 2684 de
381 2622 547 2702 pecudibus
565 2622 678 2685 dictum
698 2629 746 2684 est
765 2624 893 2704 saepius,
911 2618 1120 2704 2,13.5,12.
1140 2619 1169 2698 8,
1184 2620 1214 2683 4.

66 2730 147 2792 idem
170 2731 202 2790 in
225 2729 389 2810 pavonibus
417 2730 488 2791 lacit
511 2731 614 2813 Seius,
638 2737 670 2791 ut
698 2734 729 2790 in
754 2729 861 2806 fetura
889 2731 940 2789 aet
966 2730 1103 2802 uberius,
1131 2735 1215 2789 unte·

66 2855 160 2914 quom
182 2839 277 2898 salire
300 2839 456 2913 incipiant.
504 2855 570 2897 nam
594 2836 629 2896 ad
661 2836 786 2896 feturam
816 2837 904 2895 etiam
931 2832 1095 2894 admissura
1123 2841 1153 2893 et
1180 2851 1215 2893 ea

67 2963 143 3025 quae
167 2942 342 3004 admittendi
364 2959 452 3003 causa
477 2950 620 3021 parantur
643 2943 804 3021 pertinent.
841 2939 949 3001 deinde
973 2940 1080 3018 scripsi
1104 2942 1135 2999 in
1158 2942 1215 3000 bas

66 3071 87 3113 a
108 3057 315 3129 procuratore
338 3056 440 3111 ternos
458 3053 559 3126 pullos
582 3051 691 3125 eripit,
721 3046 800 3127 quod
828 3045 997 3107 accuratius
1025 3043 1137 3106 dictum
1168 3054 1214 3106 cst

66 3166 172 3239 postea
195 3156 216 3235 ὅ
235 3154 255 3220 6
278 3161 307 3218 si
329 3160 360 3218 in
381 3159 518 3233 sinaulos
541 3162 642 3218 ternos
665 3158 806 3232 eniaeret
823 3156 932 3232 putus.

158 3263 202 3325 Ut
229 3262 326 3325 nulla
353 3265 433 3324 ouis
461 3262 554 3324 bunc
583 3261 806 3342 adsequatur
837 3258 1012 3338 fructum]
1036 3262 1127 3320 Nulla
1150 3263 1215 3321 auis

64 3373 185 3452 scripsi.
231 3390 267 3432 ex
299 3372 336 3431 iis
368 3369 471 3431 avibus
504 3388 580 3450 quae
612 3371 642 3430 in
676 3369 794 3429 aviariis
827 3366 947 3428 aluntur
979 3365 1060 3428 nulla
1089 3365 1215 3428 similem

69 3481 201 3540 fructum
225 3478 395 3556 feriatque
419 3496 501 3557 pavo.
544 3494 612 3537 nam
635 3477 885 3555 comparationem
910 3492 979 3535 cum
1002 3473 1116 3556 ovibus,
1139 3492 1215 3553 quae

69 3586 147 3647 iacta
171 3594 235 3646 erat
257 3582 417 3668 1112,11,
440 3584 496 3645 hoc
521 3584 586 3645 loco
609 3585 739 3664 ineptam
763 3600 829 3644 esse
853 3589 984 3661 apparet.

159 3689 181 3754 4
213 3693 285 3754 Oua
309 3695 393 3754 emit
422 3710 461 3754 ac
490 3692 662 3772 supponit
689 3689 836 3770 gallinis
869 3706 909 3749 ex
942 3683 1073 3767 quibus
1101 3705 1141 3745 ex
1170 3687 1215 3747 iis

69 3817 224 3862 excusos
247 3799 367 3879 pullos
390 3800 506 3861 reiert
532 3796 783 3860 intestabilem
807 3814 880 3857 eam
903 3797 938 3857 in
967 3812 1032 3874 qua
1057 3811 1216 3872 pauones

69 3905 190 3984 babet]
220 3908 269 3966 Ea
288 3909 396 3982 auibus
420 3926 460 3968 ex
478 3909 525 3968 lu‘s
540 3909 639 3983 pullos
665 3922 809 3967 excussos
837 3901 942 3978 refert.
984 3905 1016 3962 in
1045 3906 1155 3962 tectum
1184 3903 1218 3961 ici
1312 3925 1313 3928 ¹

70 4021 101 4076 in
126 4033 186 4091 quo
205 4031 339 4091 pavones
365 4015 456 4075 babet
485 4011 610 4092 Merula,
634 4009 686 4072 ubi
714 4027 857 4073 excussas
877 4012 975 4086 pullos
1003 4007 1102 4083 refert
1129 4012 1161 4069 in
1185 4010 1219 4069 iti

71 4130 184 4184 tectum
207 4119 374 4200 lucendus,
397 4138 437 4182 ex
458 4121 507 4181 bus
530 4117 689 4180 delendum
713 4126 744 4177 et
766 4135 801 4177 er
826 4111 968 4177 ‘vetustis
991 4110 1160 4177 codicibus'
1184 4119 1216 4177 in

72 4231 254 4291 testudinem
276 4245 344 4289 eam
366 4229 399 4288 in
421 4244 482 4302 quo
506 4224 696 4287 scribendum
721 4222 847 4285 Ursinus
871 4223 1027 4284 adnotavit.
1064 4220 1217 4302 archetypi
