2874 4994
360 113 492 170 RERVM
509 113 750 170 RVSTIOARVM
767 114 835 172 LIB.
854 115 894 170 III
913 114 932 170 2
1151 107 1216 173 221

58 273 62 277 ’
159 266 178 331 'l
212 270 330 332 Metuo
359 288 400 330 ne
428 287 491 350 pro
519 267 607 331 uilla
635 287 742 330 emam
771 272 864 331 ostia
892 273 927 331 in
956 268 1064 330 litore
1095 271 1214 330 seiana

62 372 194 456 aedes]
223 379 326 440 Ostiae
349 381 381 438 in
408 380 510 438 littore
531 380 654 438 seiones
677 379 769 439 aedes
790 376 909 439 Merula.
951 377 1054 439 Ostiae
1072 380 1103 437 in
1127 379 1216 438 litere

61 477 162 547 deleri
186 483 280 545 voluit
302 483 437 544 Ursinus.
480 485 577 558 Ostia,
606 483 685 563 qrrod
714 483 783 543 olim
812 486 843 544 in
872 485 1004 565 margine
1029 483 1144 544 videtur
1167 481 1215 552 ad·

59 592 216 670 scriptum
240 590 341 670 inisse,
371 589 488 651 inclusi.
534 608 602 650 nam
631 592 657 651 si
680 607 788 687 nomen
812 599 949 670 repetere
978 587 1093 649 volebat
1115 587 1217 671 Varro,

61 695 96 757 in
128 697 266 759 Ostiensi
287 700 376 758 litore
398 698 498 775 potius
522 695 621 758 dicere
645 695 781 785 debebat

158 816 180 882 8
208 806 298 883 ‘Cum
317 820 459 882 diceret
478 820 609 882 nullam
630 840 665 881 se
681 822 866 900 accepisse
883 819 1003 881 uillam
1019 839 1085 899 qvia
1105 822 1216 900 magis

55 922 275 989 delectatus
295 927 411 1006 esset]
432 912 593 989 Accedesse
613 927 751 1007 Scaliger,
771 930 936 989 accessisse
958 926 1091 988 Ursinus.
1128 946 1215 988 occe·

53 1037 151 1109 pisse
173 1035 392 1114 interpretatur
415 1033 565 1095 Gesncrus
590 1030 684 1094 ‘nulla
709 1052 741 1094 se
766 1033 830 1094 villa
855 1044 1009 1114 acceptum
1034 1027 1126 1094 esse'.

159 1154 183 1219 9
217 1157 306 1229 Quid
332 1177 396 1238 gns
420 1160 541 1239 lnquit
570 1164 625 1219 est
652 1160 720 1218 ista
744 1155 851 1235 uilla]
889 1159 970 1230 Quid
996 1160 1092 1232 igitur
1120 1161 1217 1232 inquit

59 1262 152 1325 edita
176 1263 245 1325 inde
270 1263 306 1325 ab
330 1264 433 1325 Aldina
458 1264 586 1325 editione
610 1261 798 1343 exemplaria,
826 1263 923 1342 neque
947 1262 1129 1342 probabilior
1151 1281 1216 1323 cor·
1264 1273 1267 1278 ’

58 1371 155 1450 rupti
180 1369 317 1432 vocabuli
339 1371 507 1432 emendatio
531 1373 649 1431 inventa
673 1377 726 1431 est.
768 1371 851 1444 qnod
870 1387 967 1444 genus
987 1372 1084 1445 inquit
1106 1369 1216 1448 Popma

54 1478 209 1539 coniecit.

157 1599 345 1663 Nummius
369 1601 455 1663 uilla
480 1612 538 1662 tua
567 1599 630 1679 eil]
659 1602 724 1663 Non
752 1603 850 1662 minus
875 1603 946 1661 oilie
975 1608 1028 1661 tue
1051 1603 1113 1662 erit
1139 1600 1215 1661 edita

54 1707 139 1770 lude
168 1726 184 1769 a
213 1710 348 1788 principe
378 1708 506 1769 editione
535 1706 728 1788 exemplaria,
756 1725 827 1769 nem
854 1710 953 1767 minus
981 1710 1052 1769 ville
1080 1716 1134 1767 tuo
1157 1711 1217 1767 erit

54 1812 235 1893 Madvigius
267 1814 381 1876 advers.
401 1834 425 1875 v.
445 1813 471 1874 ll
495 1833 522 1894 p.
544 1810 617 1876 180.
662 1831 759 1892 neque
789 1814 824 1874 de
853 1813 954 1872 luturo
989 1822 1122 1892 tempore
1157 1817 1217 1873 erit

47 1913 266 1984 ‚dubitandum
290 1932 350 1982 est:
373 1919 400 1980 11
422 1919 448 2001 1,
463 1917 506 1982 25
530 1938 588 1996 que
608 1927 702 1998 pecto
725 1923 804 1981 enim
827 1928 918 1980 erunt
935 1938 1070 1981 novenae
1090 1923 1216 1996 portes?

54 2036 92 2090 et
119 2026 260 2088 similiter
282 2025 344 2109 12,
359 2024 400 2088 21
425 2031 471 2089 sic
499 2030 649 2088 venalium
670 2045 782 2102 greges
806 2029 939 2087 dicemus
967 2030 1040 2102 egri
1061 2029 1214 2109 culturom

55 2153 141 2209 esse,
165 2132 205 2196 ib.
229 2137 274 2196 sic
296 2137 388 2195 etiem
412 2152 462 2195 res
485 2137 567 2196 oliae
585 2141 678 2195 erunt
699 2135 913 2195 adsumendae.

160 2255 204 2319 10
236 2241 492 2321 Nihilominus
512 2277 590 2319 esse
611 2258 731 2319 uillam
752 2258 1214 2338 eamquaeessetsimplex

56 2366 245 2428 rusticam
279 2383 381 2444 quam
415 2383 488 2426 eam
521 2367 557 2425 in
589 2382 657 2442 quo
690 2372 788 2424 esset
820 2373 1013 2443 utrumque
1047 2373 1081 2425 el
1114 2383 1153 2425 ea
1182 2374 1217 2424 er

59 2469 225 2549 urbana]
256 2472 303 2532 Ee
327 2489 406 2548 quoe
429 2478 505 2533 esset
527 2474 654 2548 simplex
682 2473 800 2532 rustico
823 2469 914 2531 editio
937 2472 1077 2550 princeps
1100 2489 1116 2531 a
1141 2470 1215 2530 Peli·

64 2581 155 2640 tiano
181 2597 240 2638 non
263 2586 408 2659 correcta,
431 2594 498 2638 eom
518 2610 559 2621 -
580 2580 727 2638 rusticam
746 2576 921 2656 apographa.
958 2595 1025 2638 enm
1043 2585 1217 2662 quaetesset

58 2687 199 2762 simplex
228 2688 359 2758 rustico,
387 2700 478 2758 quom
502 2701 568 2744 eom
597 2686 628 2744 in
661 2702 722 2758 qua
746 2690 823 2744 esset
850 2690 1015 2758 utrunque,
1043 2692 1072 2744 et
1098 2689 1216 2746 rustico

59 2793 189 2853 scilicet
212 2798 242 2851 et
263 2793 386 2851 orbano
404 2789 565 2869 lucendus,
588 2789 640 2850 ubi
659 2788 808 2850 Victorius
828 2808 861 2849 ex
883 2786 1018 2868 ‘optimis
1043 2791 1216 2869 exernplari·

59 2892 142 2960 bua'
179 2906 209 2959 et
243 2917 281 2959 eo
318 2905 348 2958 ei
379 2899 500 2959 urbane
534 2897 675 2957 restituit.
721 2904 750 2956 et
782 2914 820 2955 ee
852 2904 881 2955 et
913 2898 1035 2956 urbano
1068 2906 1216 2974 tamquam

61 3004 218 3086 glossema
247 3003 398 3066 Gesncrus
431 3002 559 3064 inclusit.
602 3019 668 3062 eam
696 3019 775 3075 quoe
802 3009 880 3062 esset
911 3008 1072 3076 utromque
1099 3004 1216 3082 scripsi,
1291 3011 1293 3013 ’

61 3113 151 3172 sieut
173 3128 263 3189 supra
286 3114 362 3186 quid
384 3119 428 3173 est
450 3114 509 3171 isto
537 3111 608 3169 oilla
637 3109 781 3187 scriptum
805 3115 882 3181 erat,
909 3109 1004 3169 nihilo
1032 3111 1130 3168 minus
1153 3126 1217 3170 esse

63 3220 174 3279 ailiam
202 3235 269 3279 eam
297 3236 376 3293 quoe
403 3224 480 3279 esset
505 3218 634 3292 simplex
661 3218 792 3287 rustice,
822 3231 913 3289 quom
942 3233 1009 3276 eom
1036 3233 1115 3291 quoe
1140 3224 1216 3276 esset

64 3330 245 3400 utromque,
268 3331 299 3386 et
320 3343 358 3386 eo
381 3333 410 3385 et
432 3327 563 3385 orbona.
603 3322 686 3383 villae
711 3323 829 3382 nomine
854 3340 913 3381 non
938 3307 1040 3383 minus
1059 3322 1144 3402 digna
1170 3329 1216 3382 est

57 3428 105 3493 ¹ea
129 3449 207 3510 quae
231 3430 356 3511 simplex
380 3433 491 3492 rustica
515 3440 569 3511 est,
593 3448 681 3508 qnam
705 3447 738 3489 ea
763 3446 838 3508 quae
862 3428 948 3488 simul
969 3438 999 3488 et
1019 3431 1128 3490 rustica
1149 3428 1216 3489 villa

65 3545 119 3598 est
141 3545 268 3616 propter
290 3537 420 3598 lructurn
444 3543 474 3597 et
497 3534 608 3597 urbana
632 3542 754 3614 propter
777 3542 923 3594 ornatum.

166 3659 322 3722 Francius
345 3662 537 3739 capiantur
556 3660 727 3737 magni-
744 3668 864 3739 utrum
884 3666 1032 3737 propter
1052 3676 1137 3718 ones
1156 3671 1215 3720 aut

65 3776 225 3850 propter
243 3766 346 3846 anes]
370 3768 540 3845 Capiumnr
559 3775 589 3827 et
602 3765 709 3826 deinde
731 3784 771 3826 en
785 3771 913 3842 propter
927 3781 997 3825 eves
1015 3781 1050 3823 ex
1070 3763 1215 3824 codicem

65 3876 233 3939 lucnndns.

163 3999 202 4062 ll
238 3999 333 4071 Quae
356 3999 396 4060 ad
421 3998 543 4059 uillam
567 4000 597 4058 si
620 3999 655 4057 in
674 3996 825 4057 alueriis
844 4014 932 4075 opus
953 3993 1110 4072 iaciunt]
1131 3995 1166 4056 Si
1184 3998 1215 4055 in

67 4105 139 4169 libri
163 4125 254 4168 manu
283 4109 400 4187 scripti,
427 4109 475 4166 sin
498 4108 528 4167 in
552 4107 690 4183 principe
719 4104 849 4165 editione
873 4102 1036 4164 Politianus
1065 4120 1123 4162 non
1152 4120 1216 4162 cor·

69 4217 157 4276 rexit
196 4216 327 4274 oleariis
355 4230 423 4273 cum
446 4211 591 4273 Politiano
615 4211 638 4270 Α
662 4219 692 4272 et
715 4211 808 4272 codex
836 4210 1039 4287 Florentinus,
1068 4212 1216 4269 olneerr'is

952 4308 1004 4362 16*
