<?xml version="1.0" encoding="UTF-8"?>
<!DOCTYPE html PUBLIC "-//W3C//DTD XHTML 1.0 Transitional//EN"
    "http://www.w3.org/TR/xhtml1/DTD/xhtml1-transitional.dtd">
<html xmlns="http://www.w3.org/1999/xhtml" xml:lang="en" lang="en">
 <head>
  <title>
</title>
<meta http-equiv="Content-Type" content="text/html;charset=utf-8" />
  <meta name='ocr-system' content='tesseract 3.04.00' />
  <meta name='ocr-capabilities' content='ocr_page ocr_carea ocr_par ocr_line ocrx_word'/>
</head>
<body>
  <div class='ocr_page' id='page_1' title='image "./mporcicatonisde00keilgoog_0301.png"; bbox 0 0 2874 4994; ppageno 0'>
   <div class='ocr_carea' id='block_1_1' title="bbox 147 353 942 419">
    <p class='ocr_par' dir='ltr' id='par_1_1' title="bbox 147 353 942 419">
     <span class='ocr_line' id='line_1_1' title="bbox 147 353 942 419; baseline 0 -1"><span class='ocrx_word' id='word_1_1' title='bbox 147 353 189 418; x_wconf 81' lang='grc'>78</span> <span class='ocrx_word' id='word_1_2' title='bbox 487 361 677 418; x_wconf 81' lang='lat' dir='ltr'>COMMENT.</span> <span class='ocrx_word' id='word_1_3' title='bbox 695 362 735 416; x_wconf 88' lang='lat' dir='ltr'>IN</span> <span class='ocrx_word' id='word_1_4' title='bbox 753 362 942 419; x_wconf 80' lang='lat' dir='ltr'><strong>VARRONIS</strong></span> 
     </span>
    </p>
   </div>
   <div class='ocr_carea' id='block_1_2' title="bbox 142 515 1269 4018">
    <p class='ocr_par' dir='ltr' id='par_1_2' title="bbox 145 515 1246 704">
     <span class='ocr_line' id='line_1_2' title="bbox 145 515 1246 609; baseline 0.004 -32"><span class='ocrx_word' id='word_1_5' title='bbox 145 518 239 596; x_wconf 80' lang='lat' dir='ltr'>ipsam</span> <span class='ocrx_word' id='word_1_6' title='bbox 263 516 386 596; x_wconf 82' lang='lat' dir='ltr'>glaciem</span> <span class='ocrx_word' id='word_1_7' title='bbox 408 515 502 596; x_wconf 78' lang='lat' dir='ltr'>gelida</span> <span class='ocrx_word' id='word_1_8' title='bbox 517 535 577 609; x_wconf 89' lang='lat' dir='ltr'>per</span> <span class='ocrx_word' id='word_1_9' title='bbox 600 517 725 579; x_wconf 79' lang='lat' dir='ltr'>hiemem</span> <span class='ocrx_word' id='word_1_10' title='bbox 745 526 851 579; x_wconf 85' lang='lat' dir='ltr'>natura</span> <span class='ocrx_word' id='word_1_11' title='bbox 870 535 1032 599; x_wconf 86' lang='lat' dir='ltr'>ramorum,</span> <span class='ocrx_word' id='word_1_12' title='bbox 1050 535 1125 597; x_wconf 84' lang='lat' dir='ltr'>quae</span> <span class='ocrx_word' id='word_1_13' title='bbox 1142 517 1246 581; x_wconf 80' lang='lat' dir='ltr'>imbrilua</span> 
     </span>
     <span class='ocr_line' id='line_1_3' title="bbox 146 624 630 704; baseline 0.002 -19"><span class='ocrx_word' id='word_1_14' title='bbox 146 624 336 704; x_wconf 90' lang='lat' dir='ltr'>temperanda</span> <span class='ocrx_word' id='word_1_15' title='bbox 359 631 414 704; x_wconf 80' lang='lat' dir='ltr'>est,</span> <span class='ocrx_word' id='word_1_16' title='bbox 438 624 630 704; x_wconf 81' lang='lat' dir='ltr'>significatur.</span> 
     </span>
    </p>

    <p class='ocr_par' dir='ltr' id='par_1_3' title="bbox 142 728 1269 4018">
     <span class='ocr_line' id='line_1_4' title="bbox 233 728 1249 793; baseline 0 -2"><span class='ocrx_word' id='word_1_17' title='bbox 233 729 389 792; x_wconf 82' lang='lat' dir='ltr'>XXVIIII</span> <span class='ocrx_word' id='word_1_18' title='bbox 423 730 466 791; x_wconf 86' lang='lat' dir='ltr'>Et</span> <span class='ocrx_word' id='word_1_19' title='bbox 494 730 635 791; x_wconf 91' lang='lat' dir='ltr'>eIIiciat</span> <span class='ocrx_word' id='word_1_20' title='bbox 663 741 700 793; x_wconf 89' lang='lat' dir='ltr'>ut</span> <span class='ocrx_word' id='word_1_21' title='bbox 729 750 792 792; x_wconf 90' lang='lat' dir='ltr'>uer</span> <span class='ocrx_word' id='word_1_22' title='bbox 820 731 898 793; x_wconf 91' lang='lat' dir='ltr'>dies</span> <span class='ocrx_word' id='word_1_23' title='bbox 930 729 1061 792; x_wconf 87' lang='lat' dir='ltr'>habeat</span> <span class='ocrx_word' id='word_1_24' title='bbox 1083 728 1145 792; x_wconf 80' lang='lat' dir='ltr'>xm</span> <span class='ocrx_word' id='word_1_25' title='bbox 1168 742 1249 793; x_wconf 82' lang='lat' dir='ltr'>aestu</span> 
     </span>
     <span class='ocr_line' id='line_1_5' title="bbox 146 835 1251 917; baseline 0 -19"><span class='ocrx_word' id='word_1_26' title='bbox 146 837 232 900; x_wconf 84' lang='lat' dir='ltr'>XCIV</span> <span class='ocrx_word' id='word_1_27' title='bbox 260 847 452 900; x_wconf 88' lang='lat' dir='ltr'>autumnus</span> <span class='ocrx_word' id='word_1_28' title='bbox 480 836 543 898; x_wconf 84' lang='lat' dir='ltr'>XCI</span> <span class='ocrx_word' id='word_1_29' title='bbox 571 837 683 897; x_wconf 89' lang='lat' dir='ltr'>hiems</span> <span class='ocrx_word' id='word_1_30' title='bbox 712 835 830 898; x_wconf 82' lang='lat' dir='ltr'>XXCIX</span> <span class='ocrx_word' id='word_1_31' title='bbox 858 854 947 917; x_wconf 86' lang='lat' dir='ltr'>quae</span> <span class='ocrx_word' id='word_1_32' title='bbox 976 835 1122 898; x_wconf 89' lang='lat' dir='ltr'>redacta</span> <span class='ocrx_word' id='word_1_33' title='bbox 1149 836 1182 899; x_wconf 87' lang='lat' dir='ltr'>ad</span> <span class='ocrx_word' id='word_1_34' title='bbox 1200 837 1251 899; x_wconf 82' lang='lat' dir='ltr'>lies</span> 
     </span>
     <span class='ocr_line' id='line_1_6' title="bbox 145 944 1252 1025; baseline -0.002 -20"><span class='ocrx_word' id='word_1_35' title='bbox 145 945 277 1007; x_wconf 85' lang='lat' dir='ltr'>cluiles</span> <span class='ocrx_word' id='word_1_36' title='bbox 301 952 445 1006; x_wconf 89' lang='lat' dir='ltr'>nostros</span> <span class='ocrx_word' id='word_1_37' title='bbox 469 946 529 1024; x_wconf 86' lang='lat' dir='ltr'>qui</span> <span class='ocrx_word' id='word_1_38' title='bbox 554 962 647 1006; x_wconf 91' lang='lat' dir='ltr'>nuuc</span> <span class='ocrx_word' id='word_1_39' title='bbox 672 953 755 1006; x_wconf 84' lang='lat' dir='ltr'>suut</span> <span class='ocrx_word' id='word_1_40' title='bbox 778 946 887 1025; x_wconf 87' lang='lat' dir='ltr'>prImi</span> <span class='ocrx_word' id='word_1_41' title='bbox 914 944 1020 1005; x_wconf 87' lang='lat' dir='ltr'>uerui</span> <span class='ocrx_word' id='word_1_42' title='bbox 1049 945 1209 1023; x_wconf 83' lang='lat' dir='ltr'>temporis</span> <span class='ocrx_word' id='word_1_43' title='bbox 1227 960 1252 1004; x_wconf 87' lang='lat' dir='ltr'>u</span> 
     </span>
     <span class='ocr_line' id='line_1_7' title="bbox 145 1048 1253 1114; baseline -0.003 -1"><span class='ocrx_word' id='word_1_44' title='bbox 145 1052 185 1113; x_wconf 92' lang='lat' dir='ltr'>ad</span> <span class='ocrx_word' id='word_1_45' title='bbox 209 1050 261 1114; x_wconf 91' lang='lat' dir='ltr'>Vll</span> <span class='ocrx_word' id='word_1_46' title='bbox 285 1053 326 1113; x_wconf 89' lang='lat' dir='ltr'>id.</span> <span class='ocrx_word' id='word_1_47' title='bbox 351 1051 438 1113; x_wconf 88' lang='lat' dir='ltr'>Iebr.</span> <span class='ocrx_word' id='word_1_48' title='bbox 462 1053 593 1113; x_wconf 89' lang='lat' dir='ltr'>aestiui</span> <span class='ocrx_word' id='word_1_49' title='bbox 618 1070 656 1111; x_wconf 83' lang='lat' dir='ltr'>ex</span> <span class='ocrx_word' id='word_1_50' title='bbox 686 1051 726 1111; x_wconf 91' lang='lat' dir='ltr'>ad</span> <span class='ocrx_word' id='word_1_51' title='bbox 751 1048 802 1112; x_wconf 87' lang='lat' dir='ltr'>vu</span> <span class='ocrx_word' id='word_1_52' title='bbox 829 1051 873 1113; x_wconf 84' lang='lat' dir='ltr'>Id.</span> <span class='ocrx_word' id='word_1_53' title='bbox 901 1051 978 1111; x_wconf 92' lang='lat' dir='ltr'>mai.</span> <span class='ocrx_word' id='word_1_54' title='bbox 1001 1049 1209 1111; x_wconf 83' lang='lat' dir='ltr'>autumnalis</span> <span class='ocrx_word' id='word_1_55' title='bbox 1227 1066 1253 1110; x_wconf 86' lang='lat' dir='ltr'>u</span> 
     </span>
     <span class='ocr_line' id='line_1_8' title="bbox 146 1154 1254 1234; baseline -0.004 -14"><span class='ocrx_word' id='word_1_56' title='bbox 146 1159 185 1220; x_wconf 91' lang='lat' dir='ltr'>ad</span> <span class='ocrx_word' id='word_1_57' title='bbox 209 1159 259 1219; x_wconf 90' lang='lat' dir='ltr'>Vll</span> <span class='ocrx_word' id='word_1_58' title='bbox 283 1159 326 1221; x_wconf 90' lang='lat' dir='ltr'>id.</span> <span class='ocrx_word' id='word_1_59' title='bbox 349 1158 468 1220; x_wconf 82' lang='lat' dir='ltr'>sextil.</span> <span class='ocrx_word' id='word_1_60' title='bbox 491 1158 638 1219; x_wconf 88' lang='lat' dir='ltr'>therni</span> <span class='ocrx_word' id='word_1_61' title='bbox 661 1177 701 1220; x_wconf 80' lang='lat' dir='ltr'>ex</span> <span class='ocrx_word' id='word_1_62' title='bbox 725 1158 764 1219; x_wconf 93' lang='lat' dir='ltr'>ad</span> <span class='ocrx_word' id='word_1_63' title='bbox 788 1156 826 1218; x_wconf 93' lang='lat' dir='ltr'>IV</span> <span class='ocrx_word' id='word_1_64' title='bbox 850 1157 894 1222; x_wconf 87' lang='lat' dir='ltr'>id.</span> <span class='ocrx_word' id='word_1_65' title='bbox 917 1155 1009 1234; x_wconf 84' lang='lat' dir='ltr'>nom]</span> <span class='ocrx_word' id='word_1_66' title='bbox 1031 1157 1071 1217; x_wconf 83' lang='lat' dir='ltr'>Et</span> <span class='ocrx_word' id='word_1_67' title='bbox 1089 1154 1254 1233; x_wconf 69' lang='lat' dir='ltr'>efficiabili</span> 
     </span>
     <span class='ocr_line' id='line_1_9' title="bbox 145 1261 1254 1347; baseline -0.004 -20"><span class='ocrx_word' id='word_1_68' title='bbox 145 1284 233 1327; x_wconf 86' lang='lat' dir='ltr'>mauu</span> <span class='ocrx_word' id='word_1_69' title='bbox 253 1268 366 1347; x_wconf 84' lang='lat' dir='ltr'>scripti,</span> <span class='ocrx_word' id='word_1_70' title='bbox 381 1266 516 1343; x_wconf 70' lang='lat' dir='ltr'>efficitur</span> <span class='ocrx_word' id='word_1_71' title='bbox 535 1267 645 1326; x_wconf 86' lang='lat' dir='ltr'>omIsso</span> <span class='ocrx_word' id='word_1_72' title='bbox 664 1274 694 1326; x_wconf 88' lang='lat' dir='ltr'>et</span> <span class='ocrx_word' id='word_1_73' title='bbox 711 1267 742 1326; x_wconf 90' lang='lat' dir='ltr'>in</span> <span class='ocrx_word' id='word_1_74' title='bbox 762 1266 897 1345; x_wconf 85' lang='lat' dir='ltr'>prinpre</span> <span class='ocrx_word' id='word_1_75' title='bbox 916 1264 1047 1326; x_wconf 82' lang='lat' dir='ltr'>abillone</span> <span class='ocrx_word' id='word_1_76' title='bbox 1062 1261 1156 1324; x_wconf 81' lang='lat' dir='ltr'><strong>edidit</strong></span> <span class='ocrx_word' id='word_1_77' title='bbox 1167 1261 1254 1341; x_wconf 69' lang='lat' dir='ltr'>llemla,</span> 
     </span>
     <span class='ocr_line' id='line_1_10' title="bbox 145 1369 1255 1454; baseline -0.002 -21"><span class='ocrx_word' id='word_1_78' title='bbox 145 1371 195 1434; x_wconf 91' lang='lat' dir='ltr'>ubi</span> <span class='ocrx_word' id='word_1_79' title='bbox 225 1371 387 1433; x_wconf 88' lang='lat' dir='ltr'>Politiauus</span> <span class='ocrx_word' id='word_1_80' title='bbox 415 1391 451 1433; x_wconf 84' lang='lat' dir='ltr'>ex</span> <span class='ocrx_word' id='word_1_81' title='bbox 480 1373 581 1433; x_wconf 90' lang='lat' dir='ltr'>codice</span> <span class='ocrx_word' id='word_1_82' title='bbox 610 1380 638 1435; x_wconf 88' lang='lat' dir='ltr'>et</span> <span class='ocrx_word' id='word_1_83' title='bbox 667 1371 791 1454; x_wconf 84' lang='lat' dir='ltr'>addidit,</span> <span class='ocrx_word' id='word_1_84' title='bbox 820 1370 872 1432; x_wconf 91' lang='lat' dir='ltr'>sed</span> <span class='ocrx_word' id='word_1_85' title='bbox 901 1369 1038 1447; x_wconf 79' lang='lat' dir='ltr'>efficitur</span> <span class='ocrx_word' id='word_1_86' title='bbox 1066 1388 1126 1432; x_wconf 89' lang='lat' dir='ltr'>non</span> <span class='ocrx_word' id='word_1_87' title='bbox 1153 1370 1255 1431; x_wconf 77' lang='lat' dir='ltr'>corradi</span> 
     </span>
     <span class='ocr_line' id='line_1_11' title="bbox 145 1479 1256 1558; baseline -0.005 -17"><span class='ocrx_word' id='word_1_88' title='bbox 145 1481 281 1558; x_wconf 71' lang='lat' dir='ltr'>efficitur</span> <span class='ocrx_word' id='word_1_89' title='bbox 303 1487 337 1541; x_wconf 81' lang='lat' dir='ltr'>att</span> <span class='ocrx_word' id='word_1_90' title='bbox 359 1498 413 1541; x_wconf 86' lang='lat' dir='ltr'>rer</span> <span class='ocrx_word' id='word_1_91' title='bbox 437 1482 500 1540; x_wconf 79' lang='lat' dir='ltr'>dIes</span> <span class='ocrx_word' id='word_1_92' title='bbox 527 1481 639 1540; x_wconf 80' lang='lat' dir='ltr'>lrabeat</span> <span class='ocrx_word' id='word_1_93' title='bbox 666 1483 833 1555; x_wconf 65' lang='lat' dir='ltr'>aetiopiam</span> <span class='ocrx_word' id='word_1_94' title='bbox 864 1496 971 1558; x_wconf 79' lang='lat' dir='ltr'>uuum,</span> <span class='ocrx_word' id='word_1_95' title='bbox 994 1485 1098 1539; x_wconf 82' lang='lat' dir='ltr'>aestas</span> <span class='ocrx_word' id='word_1_96' title='bbox 1125 1479 1256 1552; x_wconf 73' lang='lat' dir='ltr'>accepim</span> 
     </span>
     <span class='ocr_line' id='line_1_12' title="bbox 143 1587 1257 1663; baseline -0.004 -14"><span class='ocrx_word' id='word_1_97' title='bbox 143 1596 283 1663; x_wconf 79' lang='lat' dir='ltr'>quatuor,</span> <span class='ocrx_word' id='word_1_98' title='bbox 312 1594 475 1647; x_wconf 80' lang='lat' dir='ltr'>autumnus</span> <span class='ocrx_word' id='word_1_99' title='bbox 503 1590 672 1661; x_wconf 71' lang='lat' dir='ltr'>corruptam</span> <span class='ocrx_word' id='word_1_100' title='bbox 696 1590 784 1660; x_wconf 80' lang='lat' dir='ltr'>duos,</span> <span class='ocrx_word' id='word_1_101' title='bbox 803 1587 907 1662; x_wconf 76' lang='lat' dir='ltr'>hyems</span> <span class='ocrx_word' id='word_1_102' title='bbox 929 1588 1085 1660; x_wconf 72' lang='lat' dir='ltr'>octopinta</span> <span class='ocrx_word' id='word_1_103' title='bbox 1108 1592 1180 1646; x_wconf 89' lang='lat' dir='ltr'>octo.</span> <span class='ocrx_word' id='word_1_104' title='bbox 1205 1600 1257 1659; x_wconf 76' lang='lat' dir='ltr'>mot</span> 
     </span>
     <span class='ocr_line' id='line_1_13' title="bbox 144 1690 1259 1773; baseline -0.004 -17"><span class='ocrx_word' id='word_1_105' title='bbox 144 1697 250 1756; x_wconf 82' lang='lat' dir='ltr'>divisio</span> <span class='ocrx_word' id='word_1_106' title='bbox 283 1697 411 1756; x_wconf 83' lang='lat' dir='ltr'>redacto</span> <span class='ocrx_word' id='word_1_107' title='bbox 444 1696 488 1754; x_wconf 82' lang='lat' dir='ltr'>ad</span> <span class='ocrx_word' id='word_1_108' title='bbox 518 1696 582 1754; x_wconf 84' lang='lat' dir='ltr'>dies</span> <span class='ocrx_word' id='word_1_109' title='bbox 610 1695 712 1754; x_wconf 83' lang='lat' dir='ltr'>civiles</span> <span class='ocrx_word' id='word_1_110' title='bbox 739 1699 871 1773; x_wconf 81' lang='lat' dir='ltr'>nostros,</span> <span class='ocrx_word' id='word_1_111' title='bbox 899 1695 954 1767; x_wconf 81' lang='lat' dir='ltr'>qui</span> <span class='ocrx_word' id='word_1_112' title='bbox 979 1709 1063 1752; x_wconf 82' lang='lat' dir='ltr'>nanc</span> <span class='ocrx_word' id='word_1_113' title='bbox 1090 1699 1172 1765; x_wconf 83' lang='lat' dir='ltr'>sunt,</span> <span class='ocrx_word' id='word_1_114' title='bbox 1192 1690 1259 1768; x_wconf 80' lang='lat' dir='ltr'>prist&#39;</span> 
     </span>
     <span class='ocr_line' id='line_1_14' title="bbox 144 1796 1260 1877; baseline -0.002 -18"><span class='ocrx_word' id='word_1_115' title='bbox 144 1803 231 1861; x_wconf 82' lang='lat' dir='ltr'>verni</span> <span class='ocrx_word' id='word_1_116' title='bbox 267 1804 408 1877; x_wconf 83' lang='lat' dir='ltr'>temporis</span> <span class='ocrx_word' id='word_1_117' title='bbox 445 1807 553 1861; x_wconf 77' lang='lat' dir='ltr'>extant</span> <span class='ocrx_word' id='word_1_118' title='bbox 588 1801 633 1860; x_wconf 82' lang='lat' dir='ltr'>ad</span> <span class='ocrx_word' id='word_1_119' title='bbox 665 1803 824 1877; x_wconf 83' lang='lat' dir='ltr'>septimum</span> <span class='ocrx_word' id='word_1_120' title='bbox 861 1801 936 1860; x_wconf 80' lang='lat' dir='ltr'>Idas</span> <span class='ocrx_word' id='word_1_121' title='bbox 969 1801 1150 1873; x_wconf 76' lang='lat' dir='ltr'><strong><em>Februarii,</em></strong></span> <span class='ocrx_word' id='word_1_122' title='bbox 1182 1796 1260 1857; x_wconf 73' lang='lat' dir='ltr'>astu</span> 
     </span>
     <span class='ocr_line' id='line_1_15' title="bbox 144 1906 1259 1984; baseline -0.002 -17"><span class='ocrx_word' id='word_1_123' title='bbox 144 1915 252 1967; x_wconf 79' lang='lat' dir='ltr'><em>extant</em></span> <span class='ocrx_word' id='word_1_124' title='bbox 279 1910 322 1967; x_wconf 83' lang='lat' dir='ltr'>rui</span> <span class='ocrx_word' id='word_1_125' title='bbox 347 1910 503 1984; x_wconf 86' lang='lat' dir='ltr'>septimam</span> <span class='ocrx_word' id='word_1_126' title='bbox 532 1908 607 1967; x_wconf 77' lang='lat' dir='ltr'>Idus</span> <span class='ocrx_word' id='word_1_127' title='bbox 631 1906 722 1980; x_wconf 83' lang='lat' dir='ltr'>Maii,</span> <span class='ocrx_word' id='word_1_128' title='bbox 750 1909 935 1967; x_wconf 81' lang='lat' dir='ltr'>atttamaolis</span> <span class='ocrx_word' id='word_1_129' title='bbox 962 1913 1072 1967; x_wconf 79' lang='lat' dir='ltr'>extant</span> <span class='ocrx_word' id='word_1_130' title='bbox 1101 1907 1145 1966; x_wconf 81' lang='lat' dir='ltr'>ad</span> <span class='ocrx_word' id='word_1_131' title='bbox 1168 1906 1259 1965; x_wconf 78' lang='lat' dir='ltr'>terrm</span> 
     </span>
     <span class='ocr_line' id='line_1_16' title="bbox 144 2008 1259 2090; baseline -0.003 -18"><span class='ocrx_word' id='word_1_132' title='bbox 144 2013 218 2073; x_wconf 84' lang='lat' dir='ltr'>Ictus</span> <span class='ocrx_word' id='word_1_133' title='bbox 237 2013 369 2087; x_wconf 79' lang='lat' dir='ltr'>Sextilis,</span> <span class='ocrx_word' id='word_1_134' title='bbox 392 2014 523 2090; x_wconf 76' lang='lat' dir='ltr'><em>hyberni</em></span> <span class='ocrx_word' id='word_1_135' title='bbox 545 2020 652 2073; x_wconf 80' lang='lat' dir='ltr'>extuat</span> <span class='ocrx_word' id='word_1_136' title='bbox 674 2015 718 2072; x_wconf 85' lang='lat' dir='ltr'>rui</span> <span class='ocrx_word' id='word_1_137' title='bbox 739 2015 860 2072; x_wconf 82' lang='lat' dir='ltr'>tertiam</span> <span class='ocrx_word' id='word_1_138' title='bbox 885 2013 959 2072; x_wconf 82' lang='lat' dir='ltr'>Idus</span> <span class='ocrx_word' id='word_1_139' title='bbox 983 2013 1162 2073; x_wconf 85' lang='lat' dir='ltr'>Nouembris</span> <span class='ocrx_word' id='word_1_140' title='bbox 1183 2008 1259 2071; x_wconf 88' lang='lat' dir='ltr'>luem</span> 
     </span>
     <span class='ocr_line' id='line_1_17' title="bbox 143 2102 1269 2199; baseline -0.004 -19"><span class='ocrx_word' id='word_1_141' title='bbox 143 2119 208 2182; x_wconf 88' lang='lat' dir='ltr'>dus.</span> <span class='ocrx_word' id='word_1_142' title='bbox 244 2119 401 2181; x_wconf 90' lang='lat' dir='ltr'>lectionem</span> <span class='ocrx_word' id='word_1_143' title='bbox 425 2120 577 2199; x_wconf 77' lang='lat' dir='ltr'><strong>archetypi</strong></span> <span class='ocrx_word' id='word_1_144' title='bbox 600 2118 749 2180; x_wconf 85' lang='lat' dir='ltr'>Vlctorius</span> <span class='ocrx_word' id='word_1_145' title='bbox 773 2119 913 2199; x_wconf 87' lang='lat' dir='ltr'>restituit,</span> <span class='ocrx_word' id='word_1_146' title='bbox 937 2117 988 2178; x_wconf 90' lang='lat' dir='ltr'>sed</span> <span class='ocrx_word' id='word_1_147' title='bbox 1014 2117 1153 2194; x_wconf 70' lang='lat' dir='ltr'>efficitur</span> <span class='ocrx_word' id='word_1_148' title='bbox 1174 2135 1207 2177; x_wconf 81' lang='lat' dir='ltr'>ex</span> <span class='ocrx_word' id='word_1_149' title='bbox 1226 2102 1269 2177; x_wconf 80' lang='lat' dir='ltr'>iu¹</span> 
     </span>
     <span class='ocr_line' id='line_1_18' title="bbox 143 2226 1258 2307; baseline -0.001 -21"><span class='ocrx_word' id='word_1_150' title='bbox 143 2228 255 2305; x_wconf 85' lang='lat' dir='ltr'>pressis</span> <span class='ocrx_word' id='word_1_151' title='bbox 279 2226 497 2307; x_wconf 78' lang='lat' dir='ltr'>exemplaribus</span> <span class='ocrx_word' id='word_1_152' title='bbox 522 2228 646 2287; x_wconf 84' lang='lat' dir='ltr'>reticuit</span> <span class='ocrx_word' id='word_1_153' title='bbox 669 2234 699 2286; x_wconf 91' lang='lat' dir='ltr'>et</span> <span class='ocrx_word' id='word_1_154' title='bbox 718 2230 907 2287; x_wconf 81' lang='lat' dir='ltr'>aratumuales</span> <span class='ocrx_word' id='word_1_155' title='bbox 926 2228 1055 2305; x_wconf 83' lang='lat' dir='ltr'>scrIpsit.</span> <span class='ocrx_word' id='word_1_156' title='bbox 1091 2227 1124 2287; x_wconf 89' lang='lat' dir='ltr'>in</span> <span class='ocrx_word' id='word_1_157' title='bbox 1142 2226 1258 2305; x_wconf 78' lang='lat' dir='ltr'>scriptun</span> 
     </span>
     <span class='ocr_line' id='line_1_19' title="bbox 145 2325 1260 2414; baseline -0.002 -22"><span class='ocrx_word' id='word_1_158' title='bbox 145 2332 288 2395; x_wconf 92' lang='lat' dir='ltr'>librorum</span> <span class='ocrx_word' id='word_1_159' title='bbox 318 2333 389 2394; x_wconf 92' lang='lat' dir='ltr'>illud</span> <span class='ocrx_word' id='word_1_160' title='bbox 415 2343 495 2393; x_wconf 88' lang='lat' dir='ltr'>recte</span> <span class='ocrx_word' id='word_1_161' title='bbox 520 2352 535 2393; x_wconf 92' lang='lat' dir='ltr'>a</span> <span class='ocrx_word' id='word_1_162' title='bbox 560 2332 693 2394; x_wconf 88' lang='lat' dir='ltr'>iucundo</span> <span class='ocrx_word' id='word_1_163' title='bbox 717 2325 906 2394; x_wconf 89' lang='lat' dir='ltr'>emendatum</span> <span class='ocrx_word' id='word_1_164' title='bbox 936 2340 1014 2414; x_wconf 89' lang='lat' dir='ltr'>erat,</span> <span class='ocrx_word' id='word_1_165' title='bbox 1038 2330 1120 2411; x_wconf 91' lang='lat' dir='ltr'>quod</span> <span class='ocrx_word' id='word_1_166' title='bbox 1148 2350 1200 2411; x_wconf 88' lang='lat' dir='ltr'>pro</span> <span class='ocrx_word' id='word_1_167' title='bbox 1224 2329 1260 2392; x_wconf 84' lang='lat' dir='ltr'>Vll</span> 
     </span>
     <span class='ocr_line' id='line_1_20' title="bbox 144 2438 1257 2521; baseline -0.002 -22"><span class='ocrx_word' id='word_1_168' title='bbox 144 2443 184 2501; x_wconf 86' lang='lat' dir='ltr'>id.</span> <span class='ocrx_word' id='word_1_169' title='bbox 204 2441 309 2502; x_wconf 76' lang='lat' dir='ltr'>Sextii</span> <span class='ocrx_word' id='word_1_170' title='bbox 342 2443 461 2521; x_wconf 82' lang='lat' dir='ltr'>scrIpsit</span> <span class='ocrx_word' id='word_1_171' title='bbox 485 2443 606 2501; x_wconf 83' lang='lat' dir='ltr'>tertiam</span> <span class='ocrx_word' id='word_1_172' title='bbox 631 2443 699 2500; x_wconf 77' lang='lat' dir='ltr'>icius</span> <span class='ocrx_word' id='word_1_173' title='bbox 722 2441 855 2516; x_wconf 79' lang='lat' dir='ltr'>Sextilis,</span> <span class='ocrx_word' id='word_1_174' title='bbox 879 2438 958 2520; x_wconf 91' lang='lat' dir='ltr'>quod</span> <span class='ocrx_word' id='word_1_175' title='bbox 981 2448 1051 2519; x_wconf 90' lang='lat' dir='ltr'>post</span> <span class='ocrx_word' id='word_1_176' title='bbox 1075 2458 1144 2502; x_wconf 91' lang='lat' dir='ltr'>eum</span> <span class='ocrx_word' id='word_1_177' title='bbox 1168 2439 1257 2501; x_wconf 79' lang='lat' dir='ltr'>Sabou·</span> 
     </span>
     <span class='ocr_line' id='line_1_21' title="bbox 145 2547 1256 2626; baseline 0 -20"><span class='ocrx_word' id='word_1_178' title='bbox 145 2548 235 2607; x_wconf 90' lang='lat' dir='ltr'>derus</span> <span class='ocrx_word' id='word_1_179' title='bbox 264 2549 384 2626; x_wconf 85' lang='lat' dir='ltr'>recepit.</span> <span class='ocrx_word' id='word_1_180' title='bbox 431 2566 498 2608; x_wconf 91' lang='lat' dir='ltr'>uam</span> <span class='ocrx_word' id='word_1_181' title='bbox 530 2549 570 2609; x_wconf 87' lang='lat' dir='ltr'>ita</span> <span class='ocrx_word' id='word_1_182' title='bbox 599 2556 629 2608; x_wconf 89' lang='lat' dir='ltr'>et</span> <span class='ocrx_word' id='word_1_183' title='bbox 656 2565 800 2608; x_wconf 90' lang='lat' dir='ltr'>numerus</span> <span class='ocrx_word' id='word_1_184' title='bbox 828 2548 957 2608; x_wconf 89' lang='lat' dir='ltr'>ellicitur</span> <span class='ocrx_word' id='word_1_185' title='bbox 985 2547 1105 2608; x_wconf 93' lang='lat' dir='ltr'>dierum</span> <span class='ocrx_word' id='word_1_186' title='bbox 1134 2547 1256 2626; x_wconf 76' lang='lat' dir='ltr'>nonaginta</span> 
     </span>
     <span class='ocr_line' id='line_1_22' title="bbox 147 2653 1255 2735; baseline -0.003 -21"><span class='ocrx_word' id='word_1_187' title='bbox 147 2660 301 2733; x_wconf 87' lang='lat' dir='ltr'>quattuor,</span> <span class='ocrx_word' id='word_1_188' title='bbox 325 2656 376 2731; x_wconf 91' lang='lat' dir='ltr'>qui</span> <span class='ocrx_word' id='word_1_189' title='bbox 399 2656 504 2715; x_wconf 79' lang='lat' dir='ltr'>aestati</span> <span class='ocrx_word' id='word_1_190' title='bbox 528 2653 715 2735; x_wconf 88' lang='lat' dir='ltr'>tribuuntur,</span> <span class='ocrx_word' id='word_1_191' title='bbox 738 2657 869 2733; x_wconf 79' lang='lat' dir='ltr'>itemque</span> <span class='ocrx_word' id='word_1_192' title='bbox 893 2653 1010 2715; x_wconf 91' lang='lat' dir='ltr'>dierum</span> <span class='ocrx_word' id='word_1_193' title='bbox 1033 2655 1125 2715; x_wconf 79' lang='lat' dir='ltr'>tinius</span> <span class='ocrx_word' id='word_1_194' title='bbox 1148 2662 1177 2715; x_wconf 83' lang='lat' dir='ltr'>et</span> <span class='ocrx_word' id='word_1_195' title='bbox 1196 2667 1255 2713; x_wconf 82' lang='lat' dir='ltr'>nom</span> 
     </span>
     <span class='ocr_line' id='line_1_23' title="bbox 143 2760 1254 2843; baseline -0.002 -23"><span class='ocrx_word' id='word_1_196' title='bbox 143 2763 232 2840; x_wconf 77' lang='lat' dir='ltr'>giuta,</span> <span class='ocrx_word' id='word_1_197' title='bbox 256 2762 307 2840; x_wconf 90' lang='lat' dir='ltr'>qui</span> <span class='ocrx_word' id='word_1_198' title='bbox 331 2770 400 2822; x_wconf 84' lang='lat' dir='ltr'>sunt</span> <span class='ocrx_word' id='word_1_199' title='bbox 424 2764 573 2842; x_wconf 86' lang='lat' dir='ltr'>autumni,</span> <span class='ocrx_word' id='word_1_200' title='bbox 597 2770 627 2822; x_wconf 91' lang='lat' dir='ltr'>et</span> <span class='ocrx_word' id='word_1_201' title='bbox 650 2760 711 2821; x_wconf 90' lang='lat' dir='ltr'>dies</span> <span class='ocrx_word' id='word_1_202' title='bbox 736 2771 782 2821; x_wconf 88' lang='lat' dir='ltr'>est</span> <span class='ocrx_word' id='word_1_203' title='bbox 805 2761 963 2820; x_wconf 77' lang='lat' dir='ltr'>ulcesImus</span> <span class='ocrx_word' id='word_1_204' title='bbox 987 2761 1111 2843; x_wconf 85' lang='lat' dir='ltr'>tertius,</span> <span class='ocrx_word' id='word_1_205' title='bbox 1134 2768 1254 2841; x_wconf 82' lang='lat' dir='ltr'>postqum</span> 
     </span>
     <span class='ocr_line' id='line_1_24' title="bbox 144 2862 1253 2949; baseline -0.005 -20"><span class='ocrx_word' id='word_1_206' title='bbox 144 2868 188 2929; x_wconf 90' lang='lat' dir='ltr'>sol</span> <span class='ocrx_word' id='word_1_207' title='bbox 220 2871 250 2929; x_wconf 89' lang='lat' dir='ltr'>in</span> <span class='ocrx_word' id='word_1_208' title='bbox 284 2869 400 2947; x_wconf 78' lang='lat' dir='ltr'>sIgnum</span> <span class='ocrx_word' id='word_1_209' title='bbox 434 2868 528 2928; x_wconf 84' lang='lat' dir='ltr'>leonis</span> <span class='ocrx_word' id='word_1_210' title='bbox 561 2869 690 2949; x_wconf 80' lang='lat' dir='ltr'>transiil,</span> <span class='ocrx_word' id='word_1_211' title='bbox 723 2886 738 2927; x_wconf 91' lang='lat' dir='ltr'>a</span> <span class='ocrx_word' id='word_1_212' title='bbox 770 2885 828 2947; x_wconf 90' lang='lat' dir='ltr'>quo</span> <span class='ocrx_word' id='word_1_213' title='bbox 861 2866 909 2927; x_wconf 88' lang='lat' dir='ltr'>dle</span> <span class='ocrx_word' id='word_1_214' title='bbox 941 2868 1062 2928; x_wconf 80' lang='lat' dir='ltr'>Initium</span> <span class='ocrx_word' id='word_1_215' title='bbox 1095 2862 1253 2928; x_wconf 82' lang='lat' dir='ltr'>aestatislt</span> 
     </span>
     <span class='ocr_line' id='line_1_25' title="bbox 144 2970 1255 3053; baseline -0.005 -16"><span class='ocrx_word' id='word_1_216' title='bbox 144 2985 265 3037; x_wconf 86' lang='lat' dir='ltr'>auctore</span> <span class='ocrx_word' id='word_1_217' title='bbox 296 2977 373 3036; x_wconf 88' lang='lat' dir='ltr'>enim</span> <span class='ocrx_word' id='word_1_218' title='bbox 398 2972 558 3035; x_wconf 83' lang='lat' dir='ltr'>Columella</span> <span class='ocrx_word' id='word_1_219' title='bbox 588 2973 626 3033; x_wconf 89' lang='lat' dir='ltr'>lll</span> <span class='ocrx_word' id='word_1_220' title='bbox 645 2972 675 3053; x_wconf 82' lang='lat'>2,</span> <span class='ocrx_word' id='word_1_221' title='bbox 694 2970 737 3035; x_wconf 76' lang='lat'>52</span> <span class='ocrx_word' id='word_1_222' title='bbox 765 2992 793 3034; x_wconf 82' lang='lat' dir='ltr'>a.</span> <span class='ocrx_word' id='word_1_223' title='bbox 818 2976 846 3036; x_wconf 84' lang='lat' dir='ltr'>d.</span> <span class='ocrx_word' id='word_1_224' title='bbox 866 2973 955 3033; x_wconf 86' lang='lat' dir='ltr'>XIII</span> <span class='ocrx_word' id='word_1_225' title='bbox 977 2974 1038 3035; x_wconf 76' lang='lat' dir='ltr'>kal.</span> <span class='ocrx_word' id='word_1_226' title='bbox 1064 2977 1209 3051; x_wconf 63' lang='grc' dir='ltr'>Λαμπείας</span> <span class='ocrx_word' id='word_1_227' title='bbox 1225 2970 1255 3031; x_wconf 85' lang='lat' dir='ltr'>ol</span> 
     </span>
     <span class='ocr_line' id='line_1_26' title="bbox 143 3077 1252 3163; baseline -0.006 -19"><span class='ocrx_word' id='word_1_228' title='bbox 143 3086 173 3145; x_wconf 84' lang='lat' dir='ltr'>in</span> <span class='ocrx_word' id='word_1_229' title='bbox 202 3088 315 3146; x_wconf 86' lang='lat' dir='ltr'>leonem</span> <span class='ocrx_word' id='word_1_230' title='bbox 346 3087 506 3144; x_wconf 72' lang='lat' dir='ltr'>trapsilam</span> <span class='ocrx_word' id='word_1_231' title='bbox 533 3081 664 3162; x_wconf 79' lang='lat' dir='ltr'>sacit,a</span> <span class='ocrx_word' id='word_1_232' title='bbox 693 3101 752 3160; x_wconf 91' lang='lat' dir='ltr'>quo</span> <span class='ocrx_word' id='word_1_233' title='bbox 776 3082 837 3163; x_wconf 85' lang='lat' dir='ltr'>die,</span> <span class='ocrx_word' id='word_1_234' title='bbox 861 3084 912 3161; x_wconf 89' lang='lat' dir='ltr'>qui</span> <span class='ocrx_word' id='word_1_235' title='bbox 944 3091 991 3142; x_wconf 90' lang='lat' dir='ltr'>est</span> <span class='ocrx_word' id='word_1_236' title='bbox 1014 3081 1080 3142; x_wconf 88' lang='lat' dir='ltr'>dles</span> <span class='ocrx_word' id='word_1_237' title='bbox 1103 3079 1156 3140; x_wconf 80' lang='lat' dir='ltr'>XX</span> <span class='ocrx_word' id='word_1_238' title='bbox 1177 3077 1252 3141; x_wconf 79' lang='lat' dir='ltr'>mem</span> 
     </span>
     <span class='ocr_line' id='line_1_27' title="bbox 142 3178 1249 3271; baseline -0.007 -20"><span class='ocrx_word' id='word_1_239' title='bbox 142 3191 217 3271; x_wconf 88' lang='lat' dir='ltr'>Iulii,</span> <span class='ocrx_word' id='word_1_240' title='bbox 241 3193 398 3252; x_wconf 85' lang='lat' dir='ltr'>vlcesimus</span> <span class='ocrx_word' id='word_1_241' title='bbox 423 3192 529 3250; x_wconf 89' lang='lat' dir='ltr'>tertius</span> <span class='ocrx_word' id='word_1_242' title='bbox 553 3197 598 3249; x_wconf 90' lang='lat' dir='ltr'>est</span> <span class='ocrx_word' id='word_1_243' title='bbox 622 3207 646 3250; x_wconf 91' lang='lat' dir='ltr'>a.</span> <span class='ocrx_word' id='word_1_244' title='bbox 666 3189 692 3249; x_wconf 93' lang='lat' dir='ltr'>d.</span> <span class='ocrx_word' id='word_1_245' title='bbox 713 3188 752 3248; x_wconf 95' lang='lat' dir='ltr'>lll</span> <span class='ocrx_word' id='word_1_246' title='bbox 777 3189 843 3250; x_wconf 88' lang='lat' dir='ltr'>idus</span> <span class='ocrx_word' id='word_1_247' title='bbox 863 3186 999 3271; x_wconf 82' lang='lat' dir='ltr'>Sextiles,</span> <span class='ocrx_word' id='word_1_248' title='bbox 1018 3190 1073 3268; x_wconf 90' lang='lat' dir='ltr'>qui</span> <span class='ocrx_word' id='word_1_249' title='bbox 1096 3197 1143 3249; x_wconf 90' lang='lat' dir='ltr'>est</span> <span class='ocrx_word' id='word_1_250' title='bbox 1163 3178 1249 3248; x_wconf 82' lang='lat' dir='ltr'>dicsll</span> 
     </span>
     <span class='ocr_line' id='line_1_28' title="bbox 142 3286 1250 3376; baseline -0.005 -20"><span class='ocrx_word' id='word_1_251' title='bbox 142 3300 252 3358; x_wconf 86' lang='lat' dir='ltr'>mensis</span> <span class='ocrx_word' id='word_1_252' title='bbox 280 3298 413 3376; x_wconf 75' lang='lat' dir='ltr'>Augusti.</span> <span class='ocrx_word' id='word_1_253' title='bbox 460 3298 489 3356; x_wconf 90' lang='lat' dir='ltr'>iu</span> <span class='ocrx_word' id='word_1_254' title='bbox 518 3296 642 3374; x_wconf 89' lang='lat' dir='ltr'>reliquis</span> <span class='ocrx_word' id='word_1_255' title='bbox 669 3295 706 3355; x_wconf 91' lang='lat' dir='ltr'>de</span> <span class='ocrx_word' id='word_1_256' title='bbox 735 3295 792 3355; x_wconf 90' lang='lat' dir='ltr'>tide</span> <span class='ocrx_word' id='word_1_257' title='bbox 820 3297 929 3356; x_wconf 86' lang='lat' dir='ltr'>veteris</span> <span class='ocrx_word' id='word_1_258' title='bbox 958 3297 1128 3375; x_wconf 89' lang='lat' dir='ltr'>scripturae</span> <span class='ocrx_word' id='word_1_259' title='bbox 1157 3286 1250 3355; x_wconf 86' lang='lat' dir='ltr'>dulltad</span> 
     </span>
     <span class='ocr_line' id='line_1_29' title="bbox 143 3393 1249 3482; baseline -0.002 -19"><span class='ocrx_word' id='word_1_260' title='bbox 143 3422 200 3464; x_wconf 91' lang='lat' dir='ltr'>uon</span> <span class='ocrx_word' id='word_1_261' title='bbox 225 3401 364 3479; x_wconf 87' lang='lat' dir='ltr'>debebat,</span> <span class='ocrx_word' id='word_1_262' title='bbox 387 3411 417 3463; x_wconf 86' lang='lat' dir='ltr'>et</span> <span class='ocrx_word' id='word_1_263' title='bbox 441 3405 469 3462; x_wconf 91' lang='lat' dir='ltr'>in</span> <span class='ocrx_word' id='word_1_264' title='bbox 500 3402 545 3462; x_wconf 90' lang='lat' dir='ltr'>bis</span> <span class='ocrx_word' id='word_1_265' title='bbox 571 3420 691 3482; x_wconf 91' lang='lat' dir='ltr'>quoque</span> <span class='ocrx_word' id='word_1_266' title='bbox 717 3402 857 3464; x_wconf 78' lang='lat' dir='ltr'>Varronis</span> <span class='ocrx_word' id='word_1_267' title='bbox 881 3404 1011 3464; x_wconf 89' lang='lat' dir='ltr'>rationes</span> <span class='ocrx_word' id='word_1_268' title='bbox 1035 3421 1105 3464; x_wconf 91' lang='lat' dir='ltr'>cum</span> <span class='ocrx_word' id='word_1_269' title='bbox 1129 3393 1249 3463; x_wconf 74' lang='lat' dir='ltr'>estimat</span> 
     </span>
     <span class='ocr_line' id='line_1_30' title="bbox 143 3500 1251 3593; baseline -0.005 -23"><span class='ocrx_word' id='word_1_270' title='bbox 143 3512 345 3588; x_wconf 86' lang='lat' dir='ltr'>consentiunt,</span> <span class='ocrx_word' id='word_1_271' title='bbox 373 3506 412 3567; x_wconf 88' lang='lat' dir='ltr'>lll</span> <span class='ocrx_word' id='word_1_272' title='bbox 433 3505 502 3588; x_wconf 79' lang='lat'>2,4</span> <span class='ocrx_word' id='word_1_273' title='bbox 526 3510 558 3568; x_wconf 83' lang='lat' dir='ltr'><em>X</em></span> <span class='ocrx_word' id='word_1_274' title='bbox 566 3510 628 3569; x_wconf 79' lang='lat' dir='ltr'>VII</span> <span class='ocrx_word' id='word_1_275' title='bbox 651 3511 713 3570; x_wconf 85' lang='lat' dir='ltr'>lcul.</span> <span class='ocrx_word' id='word_1_276' title='bbox 736 3512 825 3570; x_wconf 86' lang='lat' dir='ltr'>Febr.</span> <span class='ocrx_word' id='word_1_277' title='bbox 858 3503 899 3593; x_wconf 88' lang='lat' dir='ltr'>(d.</span> <span class='ocrx_word' id='word_1_278' title='bbox 920 3508 984 3570; x_wconf 86' lang='lat' dir='ltr'>XVI</span> <span class='ocrx_word' id='word_1_279' title='bbox 1014 3528 1054 3571; x_wconf 94' lang='lat' dir='ltr'>m.</span> <span class='ocrx_word' id='word_1_280' title='bbox 1082 3500 1251 3590; x_wconf 70' lang='lat' dir='ltr'>uiuacior</span> 
     </span>
     <span class='ocr_line' id='line_1_31' title="bbox 142 3604 1249 3700; baseline -0.003 -25"><span class='ocrx_word' id='word_1_281' title='bbox 142 3621 171 3676; x_wconf 86' lang='lat' dir='ltr'>iu</span> <span class='ocrx_word' id='word_1_282' title='bbox 197 3619 359 3690; x_wconf 70' lang='lat' dir='ltr'>aquirrium</span> <span class='ocrx_word' id='word_1_283' title='bbox 383 3619 507 3689; x_wconf 82' lang='lat' dir='ltr'>transit,</span> <span class='ocrx_word' id='word_1_284' title='bbox 531 3615 570 3676; x_wconf 89' lang='lat' dir='ltr'>ib.</span> <span class='ocrx_word' id='word_1_285' title='bbox 589 3613 632 3676; x_wconf 87' lang='grc'>36</span> <span class='ocrx_word' id='word_1_286' title='bbox 656 3617 721 3676; x_wconf 79' lang='lat' dir='ltr'>XV</span> <span class='ocrx_word' id='word_1_287' title='bbox 739 3618 799 3677; x_wconf 80' lang='lat' dir='ltr'>Iol.</span> <span class='ocrx_word' id='word_1_288' title='bbox 825 3617 927 3678; x_wconf 81' lang='lat' dir='ltr'>Maias</span> <span class='ocrx_word' id='word_1_289' title='bbox 956 3610 999 3700; x_wconf 91' lang='lat' dir='ltr'>(d.</span> <span class='ocrx_word' id='word_1_290' title='bbox 1023 3616 1103 3678; x_wconf 88' lang='lat' dir='ltr'>Xllll</span> <span class='ocrx_word' id='word_1_291' title='bbox 1126 3635 1162 3678; x_wconf 83' lang='lat' dir='ltr'>m.</span> <span class='ocrx_word' id='word_1_292' title='bbox 1178 3604 1249 3694; x_wconf 79' lang='lat' dir='ltr'>Ipdll</span> 
     </span>
     <span class='ocr_line' id='line_1_32' title="bbox 142 3708 1248 3800; baseline 0.005 -21"><span class='ocrx_word' id='word_1_293' title='bbox 142 3726 187 3782; x_wconf 83' lang='lat' dir='ltr'>sol</span> <span class='ocrx_word' id='word_1_294' title='bbox 209 3726 238 3781; x_wconf 87' lang='lat' dir='ltr'>iu</span> <span class='ocrx_word' id='word_1_295' title='bbox 264 3730 386 3782; x_wconf 71' lang='lat' dir='ltr'>toruum</span> <span class='ocrx_word' id='word_1_296' title='bbox 410 3725 570 3783; x_wconf 74' lang='lat' dir='ltr'>traustilam</span> <span class='ocrx_word' id='word_1_297' title='bbox 591 3721 684 3798; x_wconf 75' lang='lat' dir='ltr'>facit,</span> <span class='ocrx_word' id='word_1_298' title='bbox 708 3722 745 3783; x_wconf 91' lang='lat' dir='ltr'>ib.</span> <span class='ocrx_word' id='word_1_299' title='bbox 765 3720 808 3784; x_wconf 82' lang='lat'>‘16</span> <span class='ocrx_word' id='word_1_300' title='bbox 832 3724 939 3784; x_wconf 79' lang='lat' dir='ltr'>XIIII</span> <span class='ocrx_word' id='word_1_301' title='bbox 958 3725 1020 3784; x_wconf 84' lang='lat' dir='ltr'>Ital.</span> <span class='ocrx_word' id='word_1_302' title='bbox 1040 3726 1208 3786; x_wconf 76' lang='lat' dir='ltr'>Nouembres</span> <span class='ocrx_word' id='word_1_303' title='bbox 1221 3708 1248 3800; x_wconf 69' lang='lat' dir='ltr'>(d</span> 
     </span>
     <span class='ocr_line' id='line_1_33' title="bbox 143 3822 1248 3910; baseline -0.001 -24"><span class='ocrx_word' id='word_1_304' title='bbox 143 3826 209 3886; x_wconf 89' lang='lat' dir='ltr'>Xlll</span> <span class='ocrx_word' id='word_1_305' title='bbox 234 3846 271 3889; x_wconf 86' lang='lat' dir='ltr'>m.</span> <span class='ocrx_word' id='word_1_306' title='bbox 295 3822 430 3910; x_wconf 86' lang='lat' dir='ltr'>Octobr.)</span> <span class='ocrx_word' id='word_1_307' title='bbox 454 3833 501 3890; x_wconf 85' lang='lat' dir='ltr'>sol</span> <span class='ocrx_word' id='word_1_308' title='bbox 522 3833 552 3889; x_wconf 84' lang='lat' dir='ltr'>iu</span> <span class='ocrx_word' id='word_1_309' title='bbox 576 3833 764 3906; x_wconf 83' lang='lat' dir='ltr'>scorpionem</span> <span class='ocrx_word' id='word_1_310' title='bbox 788 3834 950 3890; x_wconf 82' lang='lat' dir='ltr'>transitum</span> <span class='ocrx_word' id='word_1_311' title='bbox 971 3829 1061 3906; x_wconf 82' lang='lat' dir='ltr'>sarit.</span> <span class='ocrx_word' id='word_1_312' title='bbox 1100 3829 1135 3892; x_wconf 94' lang='lat' dir='ltr'>ab</span> <span class='ocrx_word' id='word_1_313' title='bbox 1156 3830 1196 3890; x_wconf 86' lang='lat' dir='ltr'>bia</span> <span class='ocrx_word' id='word_1_314' title='bbox 1210 3824 1248 3885; x_wconf 76' lang='lat' dir='ltr'>to</span> 
     </span>
     <span class='ocr_line' id='line_1_34' title="bbox 144 3931 1249 4018; baseline 0.001 -25"><span class='ocrx_word' id='word_1_315' title='bbox 144 3933 199 3994; x_wconf 91' lang='lat' dir='ltr'>bus</span> <span class='ocrx_word' id='word_1_316' title='bbox 224 3936 300 3994; x_wconf 78' lang='lat' dir='ltr'>edici</span> <span class='ocrx_word' id='word_1_317' title='bbox 325 3937 485 3996; x_wconf 86' lang='lat' dir='ltr'>vicesImus</span> <span class='ocrx_word' id='word_1_318' title='bbox 504 3946 534 3997; x_wconf 92' lang='lat' dir='ltr'>et</span> <span class='ocrx_word' id='word_1_319' title='bbox 553 3938 669 4018; x_wconf 84' lang='lat' dir='ltr'>tertIus,</span> <span class='ocrx_word' id='word_1_320' title='bbox 689 3956 704 3996; x_wconf 94' lang='lat' dir='ltr'>a</span> <span class='ocrx_word' id='word_1_321' title='bbox 724 3955 783 4016; x_wconf 85' lang='lat' dir='ltr'>quo</span> <span class='ocrx_word' id='word_1_322' title='bbox 802 3937 895 3997; x_wconf 90' lang='lat' dir='ltr'>Varro</span> <span class='ocrx_word' id='word_1_323' title='bbox 915 3945 1050 4016; x_wconf 93' lang='lat' dir='ltr'>tempora</span> <span class='ocrx_word' id='word_1_324' title='bbox 1071 3940 1148 4000; x_wconf 86' lang='lat' dir='ltr'>veris</span> <span class='ocrx_word' id='word_1_325' title='bbox 1166 3931 1249 3998; x_wconf 81' lang='lat' dir='ltr'>acolt</span> 
     </span>
    </p>
   </div>
   <div class='ocr_carea' id='block_1_3' title="bbox 140 4036 1269 4743">
    <p class='ocr_par' dir='ltr' id='par_1_4' title="bbox 140 4036 1269 4743">
     <span class='ocr_line' id='line_1_35' title="bbox 140 4036 1247 4129; baseline 0 -28"><span class='ocrx_word' id='word_1_326' title='bbox 140 4041 246 4101; x_wconf 84' lang='lat' dir='ltr'>hiemis</span> <span class='ocrx_word' id='word_1_327' title='bbox 271 4050 415 4120; x_wconf 86' lang='lat' dir='ltr'>numerat,</span> <span class='ocrx_word' id='word_1_328' title='bbox 439 4050 485 4102; x_wconf 92' lang='lat' dir='ltr'>est</span> <span class='ocrx_word' id='word_1_329' title='bbox 508 4041 557 4102; x_wconf 92' lang='lat' dir='ltr'>Vll</span> <span class='ocrx_word' id='word_1_330' title='bbox 581 4043 620 4103; x_wconf 92' lang='lat' dir='ltr'>id.</span> <span class='ocrx_word' id='word_1_331' title='bbox 644 4042 731 4104; x_wconf 83' lang='lat' dir='ltr'>Febr.</span> <span class='ocrx_word' id='word_1_332' title='bbox 755 4037 797 4126; x_wconf 87' lang='lat' dir='ltr'>(d.</span> <span class='ocrx_word' id='word_1_333' title='bbox 817 4042 870 4103; x_wconf 92' lang='lat' dir='ltr'>Vll</span> <span class='ocrx_word' id='word_1_334' title='bbox 894 4062 931 4105; x_wconf 89' lang='lat' dir='ltr'>m.</span> <span class='ocrx_word' id='word_1_335' title='bbox 955 4039 1071 4129; x_wconf 73' lang='lat' dir='ltr'>Febr),</span> <span class='ocrx_word' id='word_1_336' title='bbox 1093 4044 1143 4106; x_wconf 86' lang='lat' dir='ltr'>Vll</span> <span class='ocrx_word' id='word_1_337' title='bbox 1161 4036 1247 4106; x_wconf 83' lang='lat' dir='ltr'>ldllti·</span> 
     </span>
     <span class='ocr_line' id='line_1_36' title="bbox 142 4141 1039 4234; baseline 0.011 -32"><span class='ocrx_word' id='word_1_338' title='bbox 142 4141 183 4226; x_wconf 82' lang='lat' dir='ltr'>(d.</span> <span class='ocrx_word' id='word_1_339' title='bbox 207 4145 246 4203; x_wconf 84' lang='lat' dir='ltr'>IX</span> <span class='ocrx_word' id='word_1_340' title='bbox 269 4163 306 4204; x_wconf 93' lang='lat' dir='ltr'>m.</span> <span class='ocrx_word' id='word_1_341' title='bbox 332 4147 420 4228; x_wconf 77' lang='lat' dir='ltr'>Mad),</span> <span class='ocrx_word' id='word_1_342' title='bbox 443 4146 481 4207; x_wconf 82' lang='lat' dir='ltr'>lv</span> <span class='ocrx_word' id='word_1_343' title='bbox 504 4148 542 4210; x_wconf 93' lang='lat' dir='ltr'>id.</span> <span class='ocrx_word' id='word_1_344' title='bbox 566 4149 636 4209; x_wconf 80' lang='lat' dir='ltr'>Nor.</span> <span class='ocrx_word' id='word_1_345' title='bbox 660 4142 702 4233; x_wconf 91' lang='lat' dir='ltr'>(d.</span> <span class='ocrx_word' id='word_1_346' title='bbox 726 4148 753 4210; x_wconf 84' lang='lat' dir='ltr'><strong>X</strong></span> <span class='ocrx_word' id='word_1_347' title='bbox 775 4168 813 4210; x_wconf 89' lang='lat' dir='ltr'>m.</span> <span class='ocrx_word' id='word_1_348' title='bbox 837 4143 1039 4234; x_wconf 86' lang='lat' dir='ltr'>Novembris).</span> 
     </span>
     <span class='ocr_line' id='line_1_37' title="bbox 229 4249 1245 4337; baseline 0.005 -26"><span class='ocrx_word' id='word_1_349' title='bbox 229 4249 448 4330; x_wconf 68' lang='lat' dir='ltr'>ISuptilius</span> <span class='ocrx_word' id='word_1_350' title='bbox 468 4255 664 4334; x_wconf 88' lang='lat' dir='ltr'>descriptis</span> <span class='ocrx_word' id='word_1_351' title='bbox 688 4257 913 4336; x_wconf 86' lang='lat' dir='ltr'>temporibus</span> <span class='ocrx_word' id='word_1_352' title='bbox 933 4256 1157 4321; x_wconf 87' lang='lat' dir='ltr'>obseruanda</span> <span class='ocrx_word' id='word_1_353' title='bbox 1173 4267 1245 4337; x_wconf 81' lang='lat' dir='ltr'>quat·</span> 
     </span>
     <span class='ocr_line' id='line_1_38' title="bbox 142 4357 1243 4445; baseline 0.012 -31"><span class='ocrx_word' id='word_1_354' title='bbox 142 4357 215 4416; x_wconf 89' lang='lat' dir='ltr'>dam</span> <span class='ocrx_word' id='word_1_355' title='bbox 241 4366 323 4417; x_wconf 90' lang='lat' dir='ltr'>suut</span> <span class='ocrx_word' id='word_1_356' title='bbox 347 4378 458 4440; x_wconf 90' lang='lat' dir='ltr'>eaque</span> <span class='ocrx_word' id='word_1_357' title='bbox 483 4363 516 4422; x_wconf 89' lang='lat' dir='ltr'>lu</span> <span class='ocrx_word' id='word_1_358' title='bbox 540 4372 661 4441; x_wconf 85' lang='lat' dir='ltr'>partes</span> <span class='ocrx_word' id='word_1_359' title='bbox 685 4362 748 4423; x_wconf 92' lang='lat' dir='ltr'>Vlll</span> <span class='ocrx_word' id='word_1_360' title='bbox 772 4364 1002 4444; x_wconf 88' lang='lat' dir='ltr'>diuiduntur]</span> <span class='ocrx_word' id='word_1_361' title='bbox 1027 4368 1243 4445; x_wconf 78' lang='lat' dir='ltr'>Descrtpmur</span> 
     </span>
     <span class='ocr_line' id='line_1_39' title="bbox 144 4461 1269 4615; baseline 0.012 -93"><span class='ocrx_word' id='word_1_362' title='bbox 144 4462 252 4542; x_wconf 81' lang='lat' dir='ltr'>graplta</span> <span class='ocrx_word' id='word_1_363' title='bbox 276 4461 415 4526; x_wconf 91' lang='lat' dir='ltr'>Italorum</span> <span class='ocrx_word' id='word_1_364' title='bbox 439 4477 469 4527; x_wconf 88' lang='lat' dir='ltr'>et</span> <span class='ocrx_word' id='word_1_365' title='bbox 496 4466 586 4528; x_wconf 87' lang='lat' dir='ltr'>editi0</span> <span class='ocrx_word' id='word_1_366' title='bbox 614 4472 754 4550; x_wconf 86' lang='lat' dir='ltr'>princeps</span> <span class='ocrx_word' id='word_1_367' title='bbox 783 4492 801 4532; x_wconf 90' lang='lat' dir='ltr'>a</span> <span class='ocrx_word' id='word_1_368' title='bbox 821 4470 968 4534; x_wconf 87' lang='lat' dir='ltr'>Politiano</span> <span class='ocrx_word' id='word_1_369' title='bbox 996 4492 1056 4536; x_wconf 90' lang='lat' dir='ltr'>non</span> <span class='ocrx_word' id='word_1_370' title='bbox 1084 4466 1269 4615; x_wconf 62' lang='lat' dir='ltr'>correctotlp</span> 
     </span>
     <span class='ocr_line' id='line_1_40' title="bbox 1264 4662 1269 4743; baseline 0 0"><span class='ocrx_word' id='word_1_371' title='bbox 1264 4662 1269 4743; x_wconf 91' lang='lat' dir='ltr'>l</span> 
     </span>
    </p>
   </div>
   <div class='ocr_carea' id='block_1_4' title="bbox 0 0 1442 4994">
    <p class='ocr_par' dir='ltr' id='par_1_5' title="bbox 0 0 1442 4994">
     <span class='ocr_line' id='line_1_41' title="bbox 0 0 1442 4994; baseline 0 0"><span class='ocrx_word' id='word_1_372' title='bbox 0 0 1442 4994; x_wconf 95' lang='lat' dir='ltr'> </span> 
     </span>
    </p>
   </div>
  </div>
 </body>
</html>
