<?xml version="1.0" encoding="UTF-8"?>
<!DOCTYPE html PUBLIC "-//W3C//DTD XHTML 1.0 Transitional//EN"
    "http://www.w3.org/TR/xhtml1/DTD/xhtml1-transitional.dtd">
<html xmlns="http://www.w3.org/1999/xhtml" xml:lang="en" lang="en">
 <head>
  <title>
</title>
<meta http-equiv="Content-Type" content="text/html;charset=utf-8" />
  <meta name='ocr-system' content='tesseract 3.04.00' />
  <meta name='ocr-capabilities' content='ocr_page ocr_carea ocr_par ocr_line ocrx_word'/>
</head>
<body>
  <div class='ocr_page' id='page_1' title='image "./mporcicatonisde00keilgoog_0372.png"; bbox 0 0 2874 4994; ppageno 0'>
   <div class='ocr_carea' id='block_1_1' title="bbox 440 319 1289 384">
    <p class='ocr_par' dir='ltr' id='par_1_1' title="bbox 440 319 1289 384">
     <span class='ocr_line' id='line_1_1' title="bbox 440 319 1289 384; baseline 0.001 -2"><span class='ocrx_word' id='word_1_1' title='bbox 440 327 570 382; x_wconf 81' lang='lat' dir='ltr'><strong>RERVM</strong></span> <span class='ocrx_word' id='word_1_2' title='bbox 588 327 829 383; x_wconf 74' lang='lat' dir='ltr'><strong>uvsrlctnvm</strong></span> <span class='ocrx_word' id='word_1_3' title='bbox 847 329 914 383; x_wconf 87' lang='lat' dir='ltr'><strong>LIB.</strong></span> <span class='ocrx_word' id='word_1_4' title='bbox 933 329 959 384; x_wconf 91' lang='lat' dir='ltr'><strong>ll</strong></span> <span class='ocrx_word' id='word_1_5' title='bbox 978 327 996 384; x_wconf 80' lang='lat'><strong>2</strong></span> <span class='ocrx_word' id='word_1_6' title='bbox 1228 319 1289 384; x_wconf 87' lang='grc'><strong>149</strong></span> 
     </span>
    </p>
   </div>
   <div class='ocr_carea' id='block_1_2' title="bbox 119 480 1341 3549">
    <p class='ocr_par' dir='ltr' id='par_1_2' title="bbox 141 480 1289 1633">
     <span class='ocr_line' id='line_1_2' title="bbox 145 480 1289 562; baseline 0 -19"><span class='ocrx_word' id='word_1_7' title='bbox 145 487 319 561; x_wconf 70' lang='lat' dir='ltr'><strong>vespertino</strong></span> <span class='ocrx_word' id='word_1_8' title='bbox 346 501 456 545; x_wconf 86' lang='lat' dir='ltr'><strong>rursus</strong></span> <span class='ocrx_word' id='word_1_9' title='bbox 482 489 615 559; x_wconf 87' lang='lat' dir='ltr'><strong>poscunt</strong></span> <span class='ocrx_word' id='word_1_10' title='bbox 639 481 856 562; x_wconf 19' lang='lat' dir='ltr'><strong>,Schneidewin</strong></span> <span class='ocrx_word' id='word_1_11' title='bbox 890 484 960 542; x_wconf 90' lang='lat' dir='ltr'><strong>dein</strong></span> <span class='ocrx_word' id='word_1_12' title='bbox 990 480 1177 558; x_wconf 73' lang='lat' dir='ltr'><strong>ret&#39;riperata</strong></span> <span class='ocrx_word' id='word_1_13' title='bbox 1210 501 1289 558; x_wconf 89' lang='lat' dir='ltr'><strong>aere,</strong></span> 
     </span>
     <span class='ocr_line' id='line_1_3' title="bbox 145 588 1288 669; baseline 0 -19"><span class='ocrx_word' id='word_1_14' title='bbox 145 595 319 669; x_wconf 80' lang='lat' dir='ltr'><strong>vespertina</strong></span> <span class='ocrx_word' id='word_1_15' title='bbox 342 609 451 652; x_wconf 84' lang='lat' dir='ltr'><strong>rursus</strong></span> <span class='ocrx_word' id='word_1_16' title='bbox 470 597 604 668; x_wconf 88' lang='lat' dir='ltr'><strong>pascunt</strong></span> <span class='ocrx_word' id='word_1_17' title='bbox 626 589 704 650; x_wconf 90' lang='lat' dir='ltr'><strong>idem</strong></span> <span class='ocrx_word' id='word_1_18' title='bbox 728 591 855 651; x_wconf 89' lang='lat' dir='ltr'><strong>coniecit</strong></span> <span class='ocrx_word' id='word_1_19' title='bbox 874 591 903 649; x_wconf 89' lang='lat' dir='ltr'><strong>in</strong></span> <span class='ocrx_word' id='word_1_20' title='bbox 923 588 1172 650; x_wconf 80' lang='lat' dir='ltr'><strong>adnotationibus.</strong></span> <span class='ocrx_word' id='word_1_21' title='bbox 1208 592 1288 651; x_wconf 83' lang='lat' dir='ltr'><strong>subi-</strong></span> 
     </span>
     <span class='ocr_line' id='line_1_4' title="bbox 143 694 1288 777; baseline -0.001 -19"><span class='ocrx_word' id='word_1_22' title='bbox 143 706 233 773; x_wconf 74' lang='lat' dir='ltr'><strong>punt,</strong></span> <span class='ocrx_word' id='word_1_23' title='bbox 251 701 357 774; x_wconf 82' lang='lat' dir='ltr'><strong>quoad</strong></span> <span class='ocrx_word' id='word_1_24' title='bbox 373 694 596 772; x_wconf 71' lang='lat' dir='ltr'><strong>refrigeratur:</strong></span> <span class='ocrx_word' id='word_1_25' title='bbox 619 715 693 757; x_wconf 90' lang='lat' dir='ltr'><strong>aere</strong></span> <span class='ocrx_word' id='word_1_26' title='bbox 711 700 880 773; x_wconf 81' lang='lat' dir='ltr'><strong>vespertina</strong></span> <span class='ocrx_word' id='word_1_27' title='bbox 899 713 1009 756; x_wconf 87' lang='lat' dir='ltr'><strong>rursus</strong></span> <span class='ocrx_word' id='word_1_28' title='bbox 1020 704 1153 772; x_wconf 86' lang='lat' dir='ltr'><strong>pascunt</strong></span> <span class='ocrx_word' id='word_1_29' title='bbox 1172 699 1288 777; x_wconf 80' lang='lat' dir='ltr'><strong>scripsi.</strong></span> 
     </span>
     <span class='ocr_line' id='line_1_5' title="bbox 146 802 1287 882; baseline 0 -18"><span class='ocrx_word' id='word_1_30' title='bbox 146 822 215 864; x_wconf 89' lang='lat' dir='ltr'><strong>uam</strong></span> <span class='ocrx_word' id='word_1_31' title='bbox 248 807 404 880; x_wconf 71' lang='lat' dir='ltr'><strong>subigere,</strong></span> <span class='ocrx_word' id='word_1_32' title='bbox 436 820 496 863; x_wconf 92' lang='lat' dir='ltr'><strong>noo</strong></span> <span class='ocrx_word' id='word_1_33' title='bbox 522 805 675 879; x_wconf 80' lang='lat' dir='ltr'><strong>subicere,</strong></span> <span class='ocrx_word' id='word_1_34' title='bbox 707 804 744 864; x_wconf 92' lang='lat' dir='ltr'><strong>de</strong></span> <span class='ocrx_word' id='word_1_35' title='bbox 777 820 885 882; x_wconf 89' lang='lat' dir='ltr'><strong>pecore</strong></span> <span class='ocrx_word' id='word_1_36' title='bbox 918 802 1027 864; x_wconf 88' lang='lat' dir='ltr'><strong>dicitur</strong></span> <span class='ocrx_word' id='word_1_37' title='bbox 1055 805 1202 864; x_wconf 75' lang='lat' dir='ltr'><strong>constanti</strong></span> <span class='ocrx_word' id='word_1_38' title='bbox 1231 822 1287 864; x_wconf 90' lang='lat' dir='ltr'><strong>usu</strong></span> 
     </span>
     <span class='ocr_line' id='line_1_6' title="bbox 146 906 1288 992; baseline -0.001 -22"><span class='ocrx_word' id='word_1_39' title='bbox 146 909 256 971; x_wconf 90' lang='lat' dir='ltr'><strong>horum</strong></span> <span class='ocrx_word' id='word_1_40' title='bbox 271 910 444 992; x_wconf 81' lang='lat' dir='ltr'><strong>verborum,</strong></span> <span class='ocrx_word' id='word_1_41' title='bbox 458 911 583 985; x_wconf 73' lang='lat' dir='ltr'><strong>abigere</strong></span> <span class='ocrx_word' id='word_1_42' title='bbox 597 909 623 970; x_wconf 97' lang='grc'><strong>11</strong></span> <span class='ocrx_word' id='word_1_43' title='bbox 640 908 668 991; x_wconf 96' lang='grc'><strong>1,</strong></span> <span class='ocrx_word' id='word_1_44' title='bbox 686 906 734 971; x_wconf 89' lang='grc'><strong>16.</strong></span> <span class='ocrx_word' id='word_1_45' title='bbox 750 907 779 992; x_wconf 83' lang='grc'><strong>5,</strong></span> <span class='ocrx_word' id='word_1_46' title='bbox 796 908 846 990; x_wconf 92' lang='lat'><strong>11,</strong></span> <span class='ocrx_word' id='word_1_47' title='bbox 865 912 993 985; x_wconf 79' lang='lat' dir='ltr'><strong>adipere</strong></span> <span class='ocrx_word' id='word_1_48' title='bbox 1007 909 1032 969; x_wconf 97' lang='lat' dir='ltr'><strong>ll</strong></span> <span class='ocrx_word' id='word_1_49' title='bbox 1047 906 1077 992; x_wconf 85' lang='lat'><strong>5,</strong></span> <span class='ocrx_word' id='word_1_50' title='bbox 1094 906 1144 989; x_wconf 87' lang='lat'><strong>16,</strong></span> <span class='ocrx_word' id='word_1_51' title='bbox 1162 913 1288 984; x_wconf 75' lang='lat' dir='ltr'><strong>eripere</strong></span> 
     </span>
     <span class='ocr_line' id='line_1_7' title="bbox 144 1011 1287 1099; baseline 0.002 -23"><span class='ocrx_word' id='word_1_52' title='bbox 144 1011 1287 1099; x_wconf 57' lang='lat' dir='ltr'><strong>111,1t.3,8.4,6,incantaionem.112,12;15.11110,3;</strong></span> 
     </span>
     <span class='ocr_line' id='line_1_8' title="bbox 142 1118 1285 1204; baseline 0 -21"><span class='ocrx_word' id='word_1_53' title='bbox 142 1118 172 1202; x_wconf 86' lang='lat'><strong>5,</strong></span> <span class='ocrx_word' id='word_1_54' title='bbox 194 1127 362 1200; x_wconf 72' lang='lat' dir='ltr'><strong>prodicere</strong></span> <span class='ocrx_word' id='word_1_55' title='bbox 384 1123 411 1183; x_wconf 95' lang='grc'><strong>11</strong></span> <span class='ocrx_word' id='word_1_56' title='bbox 429 1120 460 1203; x_wconf 89' lang='grc'><strong>4,</strong></span> <span class='ocrx_word' id='word_1_57' title='bbox 475 1120 505 1185; x_wconf 88' lang='lat'><strong>8.</strong></span> <span class='ocrx_word' id='word_1_58' title='bbox 525 1120 619 1204; x_wconf 82' lang='lat' dir='ltr'><strong>l,11.</strong></span> <span class='ocrx_word' id='word_1_59' title='bbox 645 1122 683 1183; x_wconf 94' lang='lat' dir='ltr'><strong>lll</strong></span> <span class='ocrx_word' id='word_1_60' title='bbox 703 1119 804 1204; x_wconf 85' lang='lat'><strong>9,15,</strong></span> <span class='ocrx_word' id='word_1_61' title='bbox 832 1126 975 1198; x_wconf 76' lang='lat' dir='ltr'><strong>racipere</strong></span> <span class='ocrx_word' id='word_1_62' title='bbox 999 1122 1023 1182; x_wconf 95' lang='lat' dir='ltr'><strong>ll</strong></span> <span class='ocrx_word' id='word_1_63' title='bbox 1043 1118 1143 1202; x_wconf 77' lang='lat'><strong>5,12,</strong></span> <span class='ocrx_word' id='word_1_64' title='bbox 1171 1131 1200 1182; x_wconf 91' lang='lat' dir='ltr'><strong>et</strong></span> <span class='ocrx_word' id='word_1_65' title='bbox 1229 1121 1285 1184; x_wconf 89' lang='lat' dir='ltr'><strong>boc</strong></span> 
     </span>
     <span class='ocr_line' id='line_1_9' title="bbox 141 1226 1285 1311; baseline -0.001 -22"><span class='ocrx_word' id='word_1_66' title='bbox 141 1231 243 1310; x_wconf 90' lang='lat' dir='ltr'><strong>ipsum</strong></span> <span class='ocrx_word' id='word_1_67' title='bbox 270 1233 412 1307; x_wconf 70' lang='lat' dir='ltr'><strong>subigere</strong></span> <span class='ocrx_word' id='word_1_68' title='bbox 438 1228 464 1311; x_wconf 80' lang='lat' dir='ltr'><strong>ll</strong></span> <span class='ocrx_word' id='word_1_69' title='bbox 487 1226 522 1310; x_wconf 86' lang='lat'><strong>4,</strong></span> <span class='ocrx_word' id='word_1_70' title='bbox 541 1226 570 1310; x_wconf 84' lang='grc'><strong>6,</strong></span> <span class='ocrx_word' id='word_1_71' title='bbox 603 1232 748 1306; x_wconf 74' lang='lat' dir='ltr'><strong>sotiarat</strong></span> <span class='ocrx_word' id='word_1_72' title='bbox 776 1234 807 1291; x_wconf 89' lang='lat' dir='ltr'><strong>in</strong></span> <span class='ocrx_word' id='word_1_73' title='bbox 836 1231 1008 1291; x_wconf 84' lang='lat' dir='ltr'><strong>umbrosum</strong></span> <span class='ocrx_word' id='word_1_74' title='bbox 1036 1234 1141 1291; x_wconf 87' lang='lat' dir='ltr'><strong>locum.</strong></span> <span class='ocrx_word' id='word_1_75' title='bbox 1179 1228 1285 1289; x_wconf 90' lang='lat' dir='ltr'><strong>deinde</strong></span> 
     </span>
     <span class='ocr_line' id='line_1_10' title="bbox 145 1336 1283 1416; baseline 0.003 -21"><span class='ocrx_word' id='word_1_76' title='bbox 145 1337 355 1414; x_wconf 71' lang='lat' dir='ltr'><strong>refrigeratur</strong></span> <span class='ocrx_word' id='word_1_77' title='bbox 375 1355 433 1398; x_wconf 90' lang='lat' dir='ltr'><strong>nan</strong></span> <span class='ocrx_word' id='word_1_78' title='bbox 453 1336 551 1398; x_wconf 90' lang='lat' dir='ltr'><strong>addito</strong></span> <span class='ocrx_word' id='word_1_79' title='bbox 571 1339 689 1397; x_wconf 88' lang='lat' dir='ltr'><strong>nomine</strong></span> <span class='ocrx_word' id='word_1_80' title='bbox 709 1356 809 1416; x_wconf 90' lang='lat' dir='ltr'><strong>perse</strong></span> <span class='ocrx_word' id='word_1_81' title='bbox 826 1338 955 1415; x_wconf 87' lang='lat' dir='ltr'><strong>positum</strong></span> <span class='ocrx_word' id='word_1_82' title='bbox 975 1343 1029 1416; x_wconf 91' lang='lat' dir='ltr'><strong>est,</strong></span> <span class='ocrx_word' id='word_1_83' title='bbox 1049 1338 1128 1396; x_wconf 90' lang='lat' dir='ltr'><strong>sicot</strong></span> <span class='ocrx_word' id='word_1_84' title='bbox 1146 1343 1283 1398; x_wconf 89' lang='lat' dir='ltr'><strong>contene-</strong></span> 
     </span>
     <span class='ocr_line' id='line_1_11' title="bbox 144 1440 1284 1526; baseline 0 -23"><span class='ocrx_word' id='word_1_85' title='bbox 144 1445 259 1506; x_wconf 88' lang='lat' dir='ltr'><strong>brouit:</strong></span> <span class='ocrx_word' id='word_1_86' title='bbox 289 1443 405 1525; x_wconf 89' lang='lat'><strong>116,1</strong></span> <span class='ocrx_word' id='word_1_87' title='bbox 430 1463 492 1520; x_wconf 82' lang='lat' dir='ltr'><strong>pua</strong></span> <span class='ocrx_word' id='word_1_88' title='bbox 512 1452 669 1521; x_wconf 87' lang='lat' dir='ltr'><strong>portetur,</strong></span> <span class='ocrx_word' id='word_1_89' title='bbox 701 1440 809 1526; x_wconf 58' lang='lat'><strong>1126</strong></span> <span class='ocrx_word' id='word_1_90' title='bbox 834 1446 894 1504; x_wconf 84' lang='lat' dir='ltr'><strong>nisi</strong></span> <span class='ocrx_word' id='word_1_91' title='bbox 918 1447 948 1503; x_wconf 88' lang='lat' dir='ltr'><strong>si</strong></span> <span class='ocrx_word' id='word_1_92' title='bbox 973 1450 1018 1504; x_wconf 85' lang='lat' dir='ltr'><strong>est</strong></span> <span class='ocrx_word' id='word_1_93' title='bbox 1044 1446 1284 1517; x_wconf 88' lang='lat' dir='ltr'><strong>adnumeratum,</strong></span> 
     </span>
     <span class='ocr_line' id='line_1_12' title="bbox 146 1544 672 1633; baseline 0.004 -25"><span class='ocrx_word' id='word_1_94' title='bbox 146 1544 184 1608; x_wconf 94' lang='lat' dir='ltr'><strong>lll</strong></span> <span class='ocrx_word' id='word_1_95' title='bbox 202 1548 267 1633; x_wconf 87' lang='lat'><strong>9‚3</strong></span> <span class='ocrx_word' id='word_1_96' title='bbox 291 1555 480 1627; x_wconf 82' lang='lat' dir='ltr'><strong>usquedum</strong></span> <span class='ocrx_word' id='word_1_97' title='bbox 503 1559 672 1627; x_wconf 79' lang='lat' dir='ltr'><strong>rumpatur.</strong></span> 
     </span>
    </p>

    <p class='ocr_par' dir='ltr' id='par_1_3' title="bbox 153 1654 1341 2273">
     <span class='ocr_line' id='line_1_13' title="bbox 233 1654 1283 1738; baseline -0.002 -18"><span class='ocrx_word' id='word_1_98' title='bbox 233 1655 274 1720; x_wconf 85' lang='lat'><strong>13</strong></span> <span class='ocrx_word' id='word_1_99' title='bbox 308 1657 405 1728; x_wconf 80' lang='lat' dir='ltr'><strong>Quod</strong></span> <span class='ocrx_word' id='word_1_100' title='bbox 430 1655 469 1717; x_wconf 93' lang='lat' dir='ltr'><strong>ad</strong></span> <span class='ocrx_word' id='word_1_101' title='bbox 493 1659 678 1737; x_wconf 88' lang='lat' dir='ltr'><strong>pastiones</strong></span> <span class='ocrx_word' id='word_1_102' title='bbox 702 1658 835 1718; x_wconf 83' lang='lat' dir='ltr'><strong>attinet</strong></span> <span class='ocrx_word' id='word_1_103' title='bbox 859 1656 945 1717; x_wconf 90' lang='lat' dir='ltr'><strong>haec</strong></span> <span class='ocrx_word' id='word_1_104' title='bbox 965 1655 1039 1717; x_wconf 89' lang='lat' dir='ltr'><strong>iere</strong></span> <span class='ocrx_word' id='word_1_105' title='bbox 1059 1655 1159 1734; x_wconf 89' lang='lat' dir='ltr'><strong>sunt]</strong></span> <span class='ocrx_word' id='word_1_106' title='bbox 1179 1654 1283 1738; x_wconf 88' lang='grc'><strong>113,6</strong></span> 
     </span>
     <span class='ocr_line' id='line_1_14' title="bbox 153 1761 1286 1844; baseline 0.001 -23"><span class='ocrx_word' id='word_1_107' title='bbox 153 1765 186 1823; x_wconf 91' lang='lat' dir='ltr'><strong>de</strong></span> <span class='ocrx_word' id='word_1_108' title='bbox 206 1768 310 1826; x_wconf 89' lang='lat' dir='ltr'><strong>alteris</strong></span> <span class='ocrx_word' id='word_1_109' title='bbox 332 1771 477 1840; x_wconf 82' lang='lat' dir='ltr'><strong>quattuor</strong></span> <span class='ocrx_word' id='word_1_110' title='bbox 500 1767 583 1840; x_wconf 80' lang='lat' dir='ltr'><strong>quad</strong></span> <span class='ocrx_word' id='word_1_111' title='bbox 604 1772 648 1826; x_wconf 87' lang='lat' dir='ltr'><strong>est</strong></span> <span class='ocrx_word' id='word_1_112' title='bbox 676 1767 714 1825; x_wconf 88' lang='lat' dir='ltr'><strong>de</strong></span> <span class='ocrx_word' id='word_1_113' title='bbox 734 1770 835 1840; x_wconf 85' lang='lat' dir='ltr'><strong>pastu,</strong></span> <span class='ocrx_word' id='word_1_114' title='bbox 859 1765 917 1825; x_wconf 84' lang='lat' dir='ltr'><strong>itae</strong></span> <span class='ocrx_word' id='word_1_115' title='bbox 941 1766 1023 1839; x_wconf 88' lang='lat' dir='ltr'><strong>dico,</strong></span> <span class='ocrx_word' id='word_1_116' title='bbox 1052 1761 1116 1844; x_wconf 85' lang='lat'><strong>3,8</strong></span> <span class='ocrx_word' id='word_1_117' title='bbox 1140 1766 1222 1838; x_wconf 77' lang='lat' dir='ltr'><strong>quod</strong></span> <span class='ocrx_word' id='word_1_118' title='bbox 1243 1767 1286 1823; x_wconf 88' lang='lat' dir='ltr'><strong>ad</strong></span> 
     </span>
     <span class='ocr_line' id='line_1_15' title="bbox 154 1867 1279 1951; baseline 0.003 -23"><span class='ocrx_word' id='word_1_119' title='bbox 154 1867 277 1940; x_wconf 75' lang='lat' dir='ltr'><strong>feturam</strong></span> <span class='ocrx_word' id='word_1_120' title='bbox 294 1873 435 1947; x_wconf 80' lang='lat' dir='ltr'><strong>pertinet,</strong></span> <span class='ocrx_word' id='word_1_121' title='bbox 454 1873 616 1932; x_wconf 80' lang='lat' dir='ltr'><strong>desistente</strong></span> <span class='ocrx_word' id='word_1_122' title='bbox 634 1879 778 1932; x_wconf 85' lang='lat' dir='ltr'><strong>autumna</strong></span> <span class='ocrx_word' id='word_1_123' title='bbox 798 1874 988 1946; x_wconf 72' lang='lat' dir='ltr'><strong>exigunt-</strong></span> <span class='ocrx_word' id='word_1_124' title='bbox 1006 1872 1119 1945; x_wconf 77' lang='lat' dir='ltr'><strong>hircos,</strong></span> <span class='ocrx_word' id='word_1_125' title='bbox 1142 1868 1181 1929; x_wconf 93' lang='lat' dir='ltr'><strong>lll</strong></span> <span class='ocrx_word' id='word_1_126' title='bbox 1198 1868 1279 1951; x_wconf 85' lang='grc'><strong>14,]</strong></span> 
     </span>
     <span class='ocr_line' id='line_1_16' title="bbox 157 1980 1284 2060; baseline 0.002 -26"><span class='ocrx_word' id='word_1_127' title='bbox 157 1981 226 2047; x_wconf 80' lang='lat' dir='ltr'><strong>quod</strong></span> <span class='ocrx_word' id='word_1_128' title='bbox 252 1981 298 2039; x_wconf 87' lang='lat' dir='ltr'><strong>ad</strong></span> <span class='ocrx_word' id='word_1_129' title='bbox 324 1981 512 2038; x_wconf 84' lang='lat' dir='ltr'><strong>venationem</strong></span> <span class='ocrx_word' id='word_1_130' title='bbox 536 1981 681 2054; x_wconf 82' lang='lat' dir='ltr'><strong>pertinet,</strong></span> <span class='ocrx_word' id='word_1_131' title='bbox 716 1980 850 2038; x_wconf 85' lang='lat' dir='ltr'><strong>breuiter</strong></span> <span class='ocrx_word' id='word_1_132' title='bbox 877 1981 1029 2060; x_wconf 79' lang='lat' dir='ltr'><strong>secundus</strong></span> <span class='ocrx_word' id='word_1_133' title='bbox 1057 1984 1211 2037; x_wconf 88' lang='lat' dir='ltr'><strong>trasactus</strong></span> <span class='ocrx_word' id='word_1_134' title='bbox 1240 1983 1284 2037; x_wconf 88' lang='lat' dir='ltr'><strong>est</strong></span> 
     </span>
     <span class='ocr_line' id='line_1_17' title="bbox 157 2080 1341 2172; baseline 0.004 -34"><span class='ocrx_word' id='word_1_135' title='bbox 157 2090 245 2160; x_wconf 84' lang='lat' dir='ltr'><strong>octus,</strong></span> <span class='ocrx_word' id='word_1_136' title='bbox 275 2080 393 2162; x_wconf 78' lang='lat'><strong>16,15</strong></span> <span class='ocrx_word' id='word_1_137' title='bbox 420 2087 503 2159; x_wconf 80' lang='lat' dir='ltr'><strong>quad</strong></span> <span class='ocrx_word' id='word_1_138' title='bbox 529 2088 573 2144; x_wconf 92' lang='lat' dir='ltr'><strong>ad</strong></span> <span class='ocrx_word' id='word_1_139' title='bbox 598 2089 713 2172; x_wconf 57' lang='lat' dir='ltr'><strong>lacurnxv</strong></span> <span class='ocrx_word' id='word_1_140' title='bbox 720 2087 868 2164; x_wconf 86' lang='lat' dir='ltr'><strong>pertinet,</strong></span> <span class='ocrx_word' id='word_1_141' title='bbox 896 2086 953 2145; x_wconf 83' lang='lat' dir='ltr'><strong>bae</strong></span> <span class='ocrx_word' id='word_1_142' title='bbox 977 2102 1074 2158; x_wconf 74' lang='lat' dir='ltr'><strong>penus</strong></span> <span class='ocrx_word' id='word_1_143' title='bbox 1098 2087 1284 2160; x_wconf 84' lang='lat' dir='ltr'><strong>potissimum</strong></span> <span class='ocrx_word' id='word_1_144' title='bbox 1337 2139 1341 2143; x_wconf 88' lang='lat'><strong>.</strong></span> 
     </span>
     <span class='ocr_line' id='line_1_18' title="bbox 153 2191 375 2273; baseline 0.045 -31"><span class='ocrx_word' id='word_1_145' title='bbox 153 2191 320 2263; x_wconf 70' lang='lat' dir='ltr'><strong>eligendum.</strong></span> <span class='ocrx_word' id='word_1_146' title='bbox 372 2265 375 2273; x_wconf 31' lang='grc' dir='ltr'>Ι</span> 
     </span>
    </p>

    <p class='ocr_par' dir='ltr' id='par_1_4' title="bbox 139 2297 1285 2485">
     <span class='ocr_line' id='line_1_19' title="bbox 232 2297 1285 2376; baseline -0.002 -19"><span class='ocrx_word' id='word_1_147' title='bbox 232 2299 402 2359; x_wconf 84' lang='lat' dir='ltr'><strong>Redierunt</strong></span> <span class='ocrx_word' id='word_1_148' title='bbox 428 2301 550 2359; x_wconf 83' lang='lat' dir='ltr'><strong>stabula</strong></span> <span class='ocrx_word' id='word_1_149' title='bbox 578 2297 647 2358; x_wconf 90' lang='lat' dir='ltr'><strong>libri</strong></span> <span class='ocrx_word' id='word_1_150' title='bbox 674 2315 762 2357; x_wconf 91' lang='lat' dir='ltr'><strong>mauu</strong></span> <span class='ocrx_word' id='word_1_151' title='bbox 791 2298 894 2376; x_wconf 90' lang='lat' dir='ltr'><strong>scripti</strong></span> <span class='ocrx_word' id='word_1_152' title='bbox 922 2314 1038 2376; x_wconf 90' lang='lat' dir='ltr'><strong>omues,</strong></span> <span class='ocrx_word' id='word_1_153' title='bbox 1067 2299 1215 2358; x_wconf 81' lang='lat' dir='ltr'><strong>redierint</strong></span> <span class='ocrx_word' id='word_1_154' title='bbox 1242 2300 1285 2356; x_wconf 90' lang='lat' dir='ltr'><strong>ad</strong></span> 
     </span>
     <span class='ocr_line' id='line_1_20' title="bbox 139 2402 1282 2485; baseline 0.003 -25"><span class='ocrx_word' id='word_1_155' title='bbox 139 2405 262 2465; x_wconf 79' lang='lat' dir='ltr'><strong>stabula</strong></span> <span class='ocrx_word' id='word_1_156' title='bbox 288 2404 378 2465; x_wconf 89' lang='lat' dir='ltr'><strong>editio</strong></span> <span class='ocrx_word' id='word_1_157' title='bbox 407 2407 559 2485; x_wconf 89' lang='lat' dir='ltr'><strong>princeps,</strong></span> <span class='ocrx_word' id='word_1_158' title='bbox 588 2403 637 2464; x_wconf 88' lang='lat' dir='ltr'><strong>ubi</strong></span> <span class='ocrx_word' id='word_1_159' title='bbox 662 2402 825 2464; x_wconf 88' lang='lat' dir='ltr'><strong>Politiauus</strong></span> <span class='ocrx_word' id='word_1_160' title='bbox 853 2406 1014 2464; x_wconf 88' lang='lat' dir='ltr'><strong>redierunt</strong></span> <span class='ocrx_word' id='word_1_161' title='bbox 1041 2420 1076 2462; x_wconf 85' lang='lat' dir='ltr'><strong>ex</strong></span> <span class='ocrx_word' id='word_1_162' title='bbox 1105 2403 1206 2464; x_wconf 86' lang='lat' dir='ltr'><strong>codice</strong></span> <span class='ocrx_word' id='word_1_163' title='bbox 1234 2403 1282 2463; x_wconf 92' lang='lat' dir='ltr'><strong>ad-</strong></span> 
     </span>
    </p>

    <p class='ocr_par' dir='ltr' id='par_1_5' title="bbox 133 2509 839 2591">
     <span class='ocr_line' id='line_1_21' title="bbox 133 2509 839 2591; baseline 0.003 -21"><span class='ocrx_word' id='word_1_164' title='bbox 133 2514 263 2591; x_wconf 75' lang='lat' dir='ltr'><strong>notavit,</strong></span> <span class='ocrx_word' id='word_1_165' title='bbox 287 2511 338 2571; x_wconf 91' lang='lat' dir='ltr'><strong>sed</strong></span> <span class='ocrx_word' id='word_1_166' title='bbox 364 2513 615 2591; x_wconf 85' lang='lat' dir='ltr'><strong>praepositionem</strong></span> <span class='ocrx_word' id='word_1_167' title='bbox 639 2529 697 2572; x_wconf 91' lang='lat' dir='ltr'><strong>uon</strong></span> <span class='ocrx_word' id='word_1_168' title='bbox 722 2509 839 2572; x_wconf 84' lang='lat' dir='ltr'><strong>delerit.</strong></span> 
     </span>
    </p>

    <p class='ocr_par' dir='ltr' id='par_1_6' title="bbox 119 2615 1283 3549">
     <span class='ocr_line' id='line_1_22' title="bbox 232 2615 1281 2698; baseline -0.003 -19"><span class='ocrx_word' id='word_1_169' title='bbox 232 2617 325 2689; x_wconf 79' lang='lat' dir='ltr'><strong>Orias</strong></span> <span class='ocrx_word' id='word_1_170' title='bbox 349 2626 472 2698; x_wconf 90' lang='lat' dir='ltr'><strong>postea</strong></span> <span class='ocrx_word' id='word_1_171' title='bbox 501 2619 712 2696; x_wconf 91' lang='lat' dir='ltr'><strong>concipiunt</strong></span> <span class='ocrx_word' id='word_1_172' title='bbox 741 2615 836 2677; x_wconf 81' lang='lat' dir='ltr'><strong>fiunt</strong></span> <span class='ocrx_word' id='word_1_173' title='bbox 863 2616 1064 2696; x_wconf 84' lang='lat' dir='ltr'><strong>usgrandes</strong></span> <span class='ocrx_word' id='word_1_174' title='bbox 1092 2626 1196 2695; x_wconf 77' lang='lat' dir='ltr'><strong>atque</strong></span> <span class='ocrx_word' id='word_1_175' title='bbox 1220 2619 1281 2676; x_wconf 92' lang='lat' dir='ltr'><strong>im·</strong></span> 
     </span>
     <span class='ocr_line' id='line_1_23' title="bbox 120 2722 1283 2802; baseline 0.001 -18"><span class='ocrx_word' id='word_1_176' title='bbox 120 2728 170 2777; x_wconf 83' lang='lat' dir='ltr'><strong>oe</strong></span> <span class='ocrx_word' id='word_1_177' title='bbox 185 2724 311 2802; x_wconf 78' lang='lat' dir='ltr'><strong>ciliae]</strong></span> <span class='ocrx_word' id='word_1_178' title='bbox 344 2726 404 2797; x_wconf 77' lang='lat' dir='ltr'><strong>Qui</strong></span> <span class='ocrx_word' id='word_1_179' title='bbox 426 2732 533 2801; x_wconf 81' lang='lat' dir='ltr'><strong>postea</strong></span> <span class='ocrx_word' id='word_1_180' title='bbox 562 2728 840 2801; x_wconf 89' lang='lat' dir='ltr'><strong>concipiuntur-</strong></span> <span class='ocrx_word' id='word_1_181' title='bbox 862 2725 1005 2785; x_wconf 85' lang='lat' dir='ltr'><strong>imbecilli</strong></span> <span class='ocrx_word' id='word_1_182' title='bbox 1029 2722 1163 2783; x_wconf 87' lang='lat' dir='ltr'><strong>Ursinus.</strong></span> <span class='ocrx_word' id='word_1_183' title='bbox 1204 2742 1283 2798; x_wconf 85' lang='lat' dir='ltr'><strong>quae</strong></span> 
     </span>
     <span class='ocr_line' id='line_1_24' title="bbox 120 2829 1283 2911; baseline -0.002 -20"><span class='ocrx_word' id='word_1_184' title='bbox 120 2835 245 2892; x_wconf 61' lang='lat' dir='ltr'><strong>&#39;osteo</strong></span> <span class='ocrx_word' id='word_1_185' title='bbox 268 2835 483 2908; x_wconf 83' lang='lat' dir='ltr'><strong>concipiuntur</strong></span> <span class='ocrx_word' id='word_1_186' title='bbox 512 2849 580 2891; x_wconf 77' lang='lat' dir='ltr'><strong>crim</strong></span> <span class='ocrx_word' id='word_1_187' title='bbox 605 2830 786 2892; x_wconf 90' lang='lat' dir='ltr'><strong>Schneidero</strong></span> <span class='ocrx_word' id='word_1_188' title='bbox 816 2831 932 2911; x_wconf 83' lang='lat' dir='ltr'><strong>scripsi.</strong></span> <span class='ocrx_word' id='word_1_189' title='bbox 978 2847 1043 2889; x_wconf 90' lang='lat' dir='ltr'><strong>nam</strong></span> <span class='ocrx_word' id='word_1_190' title='bbox 1070 2829 1230 2908; x_wconf 89' lang='lat' dir='ltr'><strong>vegrandes</strong></span> <span class='ocrx_word' id='word_1_191' title='bbox 1253 2837 1283 2890; x_wconf 88' lang='lat' dir='ltr'><strong>et</strong></span> 
     </span>
     <span class='ocr_line' id='line_1_25' title="bbox 119 2931 1282 3017; baseline -0.001 -22"><span class='ocrx_word' id='word_1_192' title='bbox 119 2931 307 2998; x_wconf 75' lang='lat' dir='ltr'><strong>mbecttlae</strong></span> <span class='ocrx_word' id='word_1_193' title='bbox 331 2939 406 2998; x_wconf 87' lang='lat' dir='ltr'><strong>fiunt</strong></span> <span class='ocrx_word' id='word_1_194' title='bbox 429 2955 498 2997; x_wconf 87' lang='lat' dir='ltr'><strong>oves</strong></span> <span class='ocrx_word' id='word_1_195' title='bbox 522 2956 597 3017; x_wconf 90' lang='lat' dir='ltr'><strong>quae</strong></span> <span class='ocrx_word' id='word_1_196' title='bbox 621 2945 689 3016; x_wconf 89' lang='lat' dir='ltr'><strong>post</strong></span> <span class='ocrx_word' id='word_1_197' title='bbox 712 2938 867 2998; x_wconf 81' lang='lat' dir='ltr'><strong>delinitum</strong></span> <span class='ocrx_word' id='word_1_198' title='bbox 888 2946 1004 3016; x_wconf 89' lang='lat' dir='ltr'><strong>tempos</strong></span> <span class='ocrx_word' id='word_1_199' title='bbox 1024 2946 1183 3015; x_wconf 88' lang='lat' dir='ltr'><strong>conceptae</strong></span> <span class='ocrx_word' id='word_1_200' title='bbox 1204 2946 1282 3015; x_wconf 88' lang='lat' dir='ltr'><strong>suut,</strong></span> 
     </span>
     <span class='ocr_line' id='line_1_26' title="bbox 120 3037 1281 3124; baseline -0.002 -21"><span class='ocrx_word' id='word_1_201' title='bbox 120 3037 211 3117; x_wconf 66' lang='grc' dir='ltr'><strong>Οἱ]</strong></span> <span class='ocrx_word' id='word_1_202' title='bbox 227 3047 306 3124; x_wconf 92' lang='lat' dir='ltr'><strong>ipsae</strong></span> <span class='ocrx_word' id='word_1_203' title='bbox 330 3052 441 3105; x_wconf 88' lang='lat' dir='ltr'><strong>matres</strong></span> <span class='ocrx_word' id='word_1_204' title='bbox 465 3060 539 3122; x_wconf 90' lang='lat' dir='ltr'><strong>quae</strong></span> <span class='ocrx_word' id='word_1_205' title='bbox 564 3053 780 3124; x_wconf 88' lang='lat' dir='ltr'><strong>conceperunt:</strong></span> <span class='ocrx_word' id='word_1_206' title='bbox 804 3042 877 3102; x_wconf 91' lang='lat' dir='ltr'><strong>Plin.</strong></span> <span class='ocrx_word' id='word_1_207' title='bbox 899 3040 962 3101; x_wconf 92' lang='lat' dir='ltr'><strong>Vlll</strong></span> <span class='ocrx_word' id='word_1_208' title='bbox 984 3039 1045 3103; x_wconf 81' lang='lat'><strong>187</strong></span> <span class='ocrx_word' id='word_1_209' title='bbox 1070 3046 1166 3103; x_wconf 88' lang='lat' dir='ltr'><strong>coitus</strong></span> <span class='ocrx_word' id='word_1_210' title='bbox 1190 3045 1281 3102; x_wconf 89' lang='lat' dir='ltr'><strong>amni-</strong></span> 
     </span>
     <span class='ocr_line' id='line_1_27' title="bbox 119 3149 1283 3225; baseline -0.004 -13"><span class='ocrx_word' id='word_1_211' title='bbox 119 3155 203 3205; x_wconf 75' lang='lat' dir='ltr'><strong>us</strong></span> <span class='ocrx_word' id='word_1_212' title='bbox 222 3155 258 3213; x_wconf 85' lang='lat' dir='ltr'><strong>ab</strong></span> <span class='ocrx_word' id='word_1_213' title='bbox 282 3154 405 3213; x_wconf 88' lang='lat' dir='ltr'><strong>arcturi</strong></span> <span class='ocrx_word' id='word_1_214' title='bbox 427 3169 549 3225; x_wconf 87' lang='lat' dir='ltr'><strong>occasu,</strong></span> <span class='ocrx_word' id='word_1_215' title='bbox 573 3155 671 3213; x_wconf 89' lang='lat' dir='ltr'><strong>idest</strong></span> <span class='ocrx_word' id='word_1_216' title='bbox 695 3168 723 3211; x_wconf 86' lang='lat' dir='ltr'><strong>a.</strong></span> <span class='ocrx_word' id='word_1_217' title='bbox 743 3153 771 3210; x_wconf 90' lang='lat' dir='ltr'><strong>d.</strong></span> <span class='ocrx_word' id='word_1_218' title='bbox 792 3151 848 3209; x_wconf 90' lang='grc' dir='ltr'><strong>ΙΙΙ</strong></span> <span class='ocrx_word' id='word_1_219' title='bbox 869 3151 936 3208; x_wconf 87' lang='lat' dir='ltr'><strong>idus</strong></span> <span class='ocrx_word' id='word_1_220' title='bbox 961 3149 1071 3222; x_wconf 78' lang='lat' dir='ltr'><strong>Maior,</strong></span> <span class='ocrx_word' id='word_1_221' title='bbox 1096 3151 1139 3208; x_wconf 92' lang='lat' dir='ltr'><strong>ad</strong></span> <span class='ocrx_word' id='word_1_222' title='bbox 1161 3152 1283 3222; x_wconf 83' lang='lat' dir='ltr'><strong>aquilae</strong></span> 
     </span>
     <span class='ocr_line' id='line_1_28' title="bbox 119 3256 1281 3334; baseline -0.005 -14"><span class='ocrx_word' id='word_1_223' title='bbox 119 3262 284 3320; x_wconf 66' lang='lat' dir='ltr'><strong>e&lt;tetrum</strong></span> <span class='ocrx_word' id='word_1_224' title='bbox 302 3261 336 3319; x_wconf 83' lang='lat' dir='ltr'><em>X</em></span> <span class='ocrx_word' id='word_1_225' title='bbox 351 3261 412 3319; x_wconf 79' lang='lat' dir='ltr'><strong>kal.</strong></span> <span class='ocrx_word' id='word_1_226' title='bbox 432 3260 593 3334; x_wconf 68' lang='lat' dir='ltr'><strong>Augustas.</strong></span> <span class='ocrx_word' id='word_1_227' title='bbox 633 3265 745 3332; x_wconf 74' lang='lat' dir='ltr'><strong>anana</strong></span> <span class='ocrx_word' id='word_1_228' title='bbox 771 3264 896 3332; x_wconf 88' lang='lat' dir='ltr'><strong>parturn</strong></span> <span class='ocrx_word' id='word_1_229' title='bbox 926 3256 1030 3314; x_wconf 82' lang='lat' dir='ltr'><strong>diebus</strong></span> <span class='ocrx_word' id='word_1_230' title='bbox 1054 3261 1172 3315; x_wconf 88' lang='lat' dir='ltr'><strong>centum</strong></span> <span class='ocrx_word' id='word_1_231' title='bbox 1195 3258 1281 3330; x_wconf 83' lang='lat' dir='ltr'><strong>puin-</strong></span> 
     </span>
     <span class='ocr_line' id='line_1_29' title="bbox 119 3362 1282 3442; baseline -0.004 -16"><span class='ocrx_word' id='word_1_232' title='bbox 119 3366 289 3438; x_wconf 63' lang='lat' dir='ltr'><strong>“natata</strong></span> <span class='ocrx_word' id='word_1_233' title='bbox 310 3374 439 3442; x_wconf 68' lang='lat' dir='ltr'><strong>pastea</strong></span> <span class='ocrx_word' id='word_1_234' title='bbox 457 3369 596 3442; x_wconf 82' lang='lat' dir='ltr'><strong>concepti</strong></span> <span class='ocrx_word' id='word_1_235' title='bbox 614 3366 748 3425; x_wconf 79' lang='lat' dir='ltr'><strong>invalidi.</strong></span> <span class='ocrx_word' id='word_1_236' title='bbox 784 3365 893 3424; x_wconf 86' lang='lat' dir='ltr'><strong>cordas</strong></span> <span class='ocrx_word' id='word_1_237' title='bbox 913 3362 1062 3421; x_wconf 84' lang='lat' dir='ltr'><strong>vacabant</strong></span> <span class='ocrx_word' id='word_1_238' title='bbox 1082 3364 1201 3435; x_wconf 84' lang='lat' dir='ltr'><strong>antiqui</strong></span> <span class='ocrx_word' id='word_1_239' title='bbox 1214 3371 1282 3437; x_wconf 87' lang='lat' dir='ltr'><strong>past</strong></span> 
     </span>
     <span class='ocr_line' id='line_1_30' title="bbox 119 3458 1281 3549; baseline -0.005 -19"><span class='ocrx_word' id='word_1_240' title='bbox 119 3458 154 3514; x_wconf 60' lang='grc' dir='ltr'><strong><em>ἵ</em></strong></span> <span class='ocrx_word' id='word_1_241' title='bbox 203 3478 312 3549; x_wconf 86' lang='lat' dir='ltr'><strong>ternpus</strong></span> <span class='ocrx_word' id='word_1_242' title='bbox 335 3481 430 3533; x_wconf 90' lang='lat' dir='ltr'><strong>natas.</strong></span> <span class='ocrx_word' id='word_1_243' title='bbox 467 3471 603 3531; x_wconf 89' lang='lat' dir='ltr'><strong>similiter</strong></span> <span class='ocrx_word' id='word_1_244' title='bbox 627 3470 718 3530; x_wconf 89' lang='lat' dir='ltr'><strong>Varro</strong></span> <span class='ocrx_word' id='word_1_245' title='bbox 738 3469 763 3529; x_wconf 94' lang='lat' dir='ltr'><strong>ll</strong></span> <span class='ocrx_word' id='word_1_246' title='bbox 784 3466 845 3547; x_wconf 79' lang='grc'><strong>’1,1</strong></span> <span class='ocrx_word' id='word_1_247' title='bbox 871 3467 907 3527; x_wconf 92' lang='lat' dir='ltr'><strong>de</strong></span> <span class='ocrx_word' id='word_1_248' title='bbox 927 3470 1012 3547; x_wconf 88' lang='lat' dir='ltr'><strong>equis</strong></span> <span class='ocrx_word' id='word_1_249' title='bbox 1031 3486 1110 3543; x_wconf 85' lang='lat' dir='ltr'><strong>puae</strong></span> <span class='ocrx_word' id='word_1_250' title='bbox 1125 3476 1192 3543; x_wconf 86' lang='lat' dir='ltr'><strong>post</strong></span> <span class='ocrx_word' id='word_1_251' title='bbox 1212 3477 1281 3528; x_wconf 88' lang='lat' dir='ltr'><strong>tern-</strong></span> 
     </span>
    </p>
   </div>
   <div class='ocr_carea' id='block_1_3' title="bbox 119 3571 1395 3655">
    <p class='ocr_par' dir='ltr' id='par_1_7' title="bbox 119 3571 1395 3655">
     <span class='ocr_line' id='line_1_31' title="bbox 119 3571 1395 3655; baseline -0.002 -21"><span class='ocrx_word' id='word_1_252' title='bbox 119 3580 203 3634; x_wconf 73' lang='lat' dir='ltr'><strong>&#39;1ts</strong></span> <span class='ocrx_word' id='word_1_253' title='bbox 222 3587 391 3641; x_wconf 81' lang='lat' dir='ltr'><strong>nascuntur</strong></span> <span class='ocrx_word' id='word_1_254' title='bbox 410 3577 480 3655; x_wconf 81' lang='lat' dir='ltr'><strong>fere</strong></span> <span class='ocrx_word' id='word_1_255' title='bbox 502 3581 610 3639; x_wconf 88' lang='lat' dir='ltr'><strong>uitiosa</strong></span> <span class='ocrx_word' id='word_1_256' title='bbox 634 3585 725 3652; x_wconf 82' lang='lat' dir='ltr'><strong>atque</strong></span> <span class='ocrx_word' id='word_1_257' title='bbox 754 3577 875 3637; x_wconf 82' lang='lat' dir='ltr'><strong>inutilia</strong></span> <span class='ocrx_word' id='word_1_258' title='bbox 898 3579 1032 3636; x_wconf 81' lang='lat' dir='ltr'><strong>existunt</strong></span> <span class='ocrx_word' id='word_1_259' title='bbox 1055 3583 1085 3635; x_wconf 88' lang='lat' dir='ltr'><strong>et</strong></span> <span class='ocrx_word' id='word_1_260' title='bbox 1108 3571 1222 3647; x_wconf 84' lang='lat'><strong>118,3</strong></span> <span class='ocrx_word' id='word_1_261' title='bbox 1246 3572 1282 3632; x_wconf 91' lang='lat' dir='ltr'><strong>de</strong></span> <span class='ocrx_word' id='word_1_262' title='bbox 1387 3583 1395 3596; x_wconf 91' lang='grc'><em>·</em></span> 
     </span>
    </p>
   </div>
   <div class='ocr_carea' id='block_1_4' title="bbox 119 3681 1284 4517">
    <p class='ocr_par' dir='ltr' id='par_1_8' title="bbox 119 3681 1282 4087">
     <span class='ocr_line' id='line_1_32' title="bbox 119 3681 1281 3762; baseline -0.001 -21"><span class='ocrx_word' id='word_1_263' title='bbox 119 3681 231 3744; x_wconf 66' lang='lat' dir='ltr'><strong>nutis</strong></span> <span class='ocrx_word' id='word_1_264' title='bbox 253 3705 333 3761; x_wconf 84' lang='lat' dir='ltr'><strong>quae</strong></span> <span class='ocrx_word' id='word_1_265' title='bbox 352 3706 391 3748; x_wconf 87' lang='lat' dir='ltr'><strong>eac</strong></span> <span class='ocrx_word' id='word_1_266' title='bbox 415 3705 449 3748; x_wconf 93' lang='lat' dir='ltr'><strong>ea</strong></span> <span class='ocrx_word' id='word_1_267' title='bbox 472 3689 687 3762; x_wconf 84' lang='lat' dir='ltr'><strong>concipiuntur</strong></span> <span class='ocrx_word' id='word_1_268' title='bbox 708 3689 788 3758; x_wconf 81' lang='lat' dir='ltr'><strong>fiunt</strong></span> <span class='ocrx_word' id='word_1_269' title='bbox 806 3686 969 3745; x_wconf 90' lang='lat' dir='ltr'><strong>deteriora.</strong></span> <span class='ocrx_word' id='word_1_270' title='bbox 1009 3682 1164 3762; x_wconf 82' lang='lat' dir='ltr'><strong>vegrandia</strong></span> <span class='ocrx_word' id='word_1_271' title='bbox 1184 3692 1281 3741; x_wconf 90' lang='lat' dir='ltr'><strong>autem</strong></span> 
     </span>
     <span class='ocr_line' id='line_1_33' title="bbox 122 3771 1282 3873; baseline -0.002 -25"><span class='ocrx_word' id='word_1_272' title='bbox 122 3771 283 3854; x_wconf 69' lang='lat' dir='ltr'><strong>dicuntur</strong></span> <span class='ocrx_word' id='word_1_273' title='bbox 307 3811 381 3873; x_wconf 91' lang='lat' dir='ltr'><strong>quae</strong></span> <span class='ocrx_word' id='word_1_274' title='bbox 406 3793 440 3853; x_wconf 92' lang='lat' dir='ltr'><strong>ad</strong></span> <span class='ocrx_word' id='word_1_275' title='bbox 466 3784 548 3854; x_wconf 81' lang='lat' dir='ltr'><strong>suam</strong></span> <span class='ocrx_word' id='word_1_276' title='bbox 573 3792 804 3872; x_wconf 79' lang='lat' dir='ltr'><strong>magnitudinem</strong></span> <span class='ocrx_word' id='word_1_277' title='bbox 829 3810 887 3850; x_wconf 92' lang='lat' dir='ltr'><strong>non</strong></span> <span class='ocrx_word' id='word_1_278' title='bbox 917 3799 1135 3869; x_wconf 88' lang='lat' dir='ltr'><strong>pervenerunt,</strong></span> <span class='ocrx_word' id='word_1_279' title='bbox 1163 3787 1198 3847; x_wconf 89' lang='lat' dir='ltr'><strong>de</strong></span> <span class='ocrx_word' id='word_1_280' title='bbox 1223 3806 1282 3867; x_wconf 81' lang='lat' dir='ltr'><strong>quo</strong></span> 
     </span>
     <span class='ocr_line' id='line_1_34' title="bbox 132 3895 1282 3982; baseline -0.009 -18"><span class='ocrx_word' id='word_1_281' title='bbox 132 3901 213 3964; x_wconf 65' lang='lat'><strong>90⁸1</strong></span> <span class='ocrx_word' id='word_1_282' title='bbox 237 3900 403 3962; x_wconf 91' lang='lat' dir='ltr'><strong>Bentleiom</strong></span> <span class='ocrx_word' id='word_1_283' title='bbox 436 3902 466 3961; x_wconf 92' lang='lat' dir='ltr'><strong>in</strong></span> <span class='ocrx_word' id='word_1_284' title='bbox 491 3899 561 3961; x_wconf 89' lang='lat' dir='ltr'><strong>llor.</strong></span> <span class='ocrx_word' id='word_1_285' title='bbox 586 3909 637 3961; x_wconf 87' lang='lat' dir='ltr'><strong>sat.</strong></span> <span class='ocrx_word' id='word_1_286' title='bbox 663 3901 675 3961; x_wconf 97' lang='grc'><strong>1</strong></span> <span class='ocrx_word' id='word_1_287' title='bbox 699 3898 733 3982; x_wconf 77' lang='grc'><strong>2,</strong></span> <span class='ocrx_word' id='word_1_288' title='bbox 755 3897 816 3961; x_wconf 80' lang='grc'><strong>129</strong></span> <span class='ocrx_word' id='word_1_289' title='bbox 846 3898 1006 3976; x_wconf 83' lang='lat' dir='ltr'><strong>disputarit</strong></span> <span class='ocrx_word' id='word_1_290' title='bbox 1034 3895 1212 3955; x_wconf 83' lang='lat' dir='ltr'><strong>liibbeckius</strong></span> <span class='ocrx_word' id='word_1_291' title='bbox 1246 3895 1282 3955; x_wconf 91' lang='lat' dir='ltr'><strong>de</strong></span> 
     </span>
     <span class='ocr_line' id='line_1_35' title="bbox 143 4005 517 4087; baseline 0.019 -26"><span class='ocrx_word' id='word_1_292' title='bbox 143 4009 295 4074; x_wconf 73' lang='lat' dir='ltr'><strong>particulis</strong></span> <span class='ocrx_word' id='word_1_293' title='bbox 319 4007 416 4068; x_wconf 89' lang='lat' dir='ltr'><strong>latinis</strong></span> <span class='ocrx_word' id='word_1_294' title='bbox 440 4027 467 4087; x_wconf 95' lang='lat' dir='ltr'><strong>p.</strong></span> <span class='ocrx_word' id='word_1_295' title='bbox 488 4005 517 4068; x_wconf 89' lang='grc'><strong>8.</strong></span> 
     </span>
    </p>

    <p class='ocr_par' dir='ltr' id='par_1_9' title="bbox 147 4106 1284 4517">
     <span class='ocr_line' id='line_1_36' title="bbox 233 4106 1282 4194; baseline -0.008 -19"><span class='ocrx_word' id='word_1_296' title='bbox 233 4112 274 4177; x_wconf 93' lang='grc'><strong>14</strong></span> <span class='ocrx_word' id='word_1_297' title='bbox 305 4114 356 4176; x_wconf 90' lang='lat' dir='ltr'><strong>lta</strong></span> <span class='ocrx_word' id='word_1_298' title='bbox 380 4115 487 4174; x_wconf 90' lang='lat' dir='ltr'><strong>iactis</strong></span> <span class='ocrx_word' id='word_1_299' title='bbox 515 4112 797 4194; x_wconf 80' lang='lat' dir='ltr'><strong>praegnantibus</strong></span> <span class='ocrx_word' id='word_1_300' title='bbox 828 4111 920 4192; x_wconf 92' lang='lat' dir='ltr'><strong>quod</strong></span> <span class='ocrx_word' id='word_1_301' title='bbox 949 4120 1033 4171; x_wconf 89' lang='lat' dir='ltr'><strong>sunt</strong></span> <span class='ocrx_word' id='word_1_302' title='bbox 1058 4108 1198 4169; x_wconf 90' lang='lat' dir='ltr'><strong>molesti</strong></span> <span class='ocrx_word' id='word_1_303' title='bbox 1223 4106 1282 4167; x_wconf 90' lang='lat' dir='ltr'><strong>ob-</strong></span> 
     </span>
     <span class='ocr_line' id='line_1_37' title="bbox 154 4218 1284 4300; baseline -0.004 -21"><span class='ocrx_word' id='word_1_304' title='bbox 154 4220 242 4300; x_wconf 85' lang='lat' dir='ltr'><strong>soni]</strong></span> <span class='ocrx_word' id='word_1_305' title='bbox 278 4224 392 4284; x_wconf 83' lang='lat' dir='ltr'><strong>Obsunt</strong></span> <span class='ocrx_word' id='word_1_306' title='bbox 415 4221 523 4282; x_wconf 86' lang='lat' dir='ltr'><strong>delevit</strong></span> <span class='ocrx_word' id='word_1_307' title='bbox 546 4220 689 4300; x_wconf 83' lang='lat' dir='ltr'><strong>Scaliger,</strong></span> <span class='ocrx_word' id='word_1_308' title='bbox 717 4219 838 4280; x_wconf 91' lang='lat' dir='ltr'><strong>inclusit</strong></span> <span class='ocrx_word' id='word_1_309' title='bbox 861 4218 1019 4279; x_wconf 88' lang='lat' dir='ltr'><strong>Gesnerus.</strong></span> <span class='ocrx_word' id='word_1_310' title='bbox 1056 4219 1139 4292; x_wconf 84' lang='lat' dir='ltr'><strong>quod</strong></span> <span class='ocrx_word' id='word_1_311' title='bbox 1164 4218 1193 4276; x_wconf 84' lang='lat' dir='ltr'><strong>si</strong></span> <span class='ocrx_word' id='word_1_312' title='bbox 1213 4223 1284 4276; x_wconf 83' lang='lat' dir='ltr'><strong>sunt</strong></span> 
     </span>
     <span class='ocr_line' id='line_1_38' title="bbox 152 4323 1282 4405; baseline -0.007 -14"><span class='ocrx_word' id='word_1_313' title='bbox 152 4333 257 4391; x_wconf 87' lang='lat' dir='ltr'><strong>molesti</strong></span> <span class='ocrx_word' id='word_1_314' title='bbox 283 4332 390 4390; x_wconf 84' lang='lat' dir='ltr'><strong>obsunt</strong></span> <span class='ocrx_word' id='word_1_315' title='bbox 419 4328 628 4389; x_wconf 88' lang='lat' dir='ltr'><strong>Schneideros.</strong></span> <span class='ocrx_word' id='word_1_316' title='bbox 669 4326 721 4388; x_wconf 89' lang='lat' dir='ltr'><strong>sed</strong></span> <span class='ocrx_word' id='word_1_317' title='bbox 750 4331 793 4386; x_wconf 89' lang='lat' dir='ltr'><strong>ita</strong></span> <span class='ocrx_word' id='word_1_318' title='bbox 823 4324 893 4405; x_wconf 88' lang='lat' dir='ltr'><strong>quid</strong></span> <span class='ocrx_word' id='word_1_319' title='bbox 917 4324 973 4386; x_wconf 91' lang='lat' dir='ltr'><strong>sibi</strong></span> <span class='ocrx_word' id='word_1_320' title='bbox 998 4324 1079 4405; x_wconf 87' lang='lat' dir='ltr'><strong>velit,</strong></span> <span class='ocrx_word' id='word_1_321' title='bbox 1111 4342 1169 4385; x_wconf 93' lang='lat' dir='ltr'><strong>uon</strong></span> <span class='ocrx_word' id='word_1_322' title='bbox 1198 4323 1282 4384; x_wconf 84' lang='lat' dir='ltr'><strong>video</strong></span> 
     </span>
     <span class='ocr_line' id='line_1_39' title="bbox 147 4430 1283 4517; baseline -0.01 -17"><span class='ocrx_word' id='word_1_323' title='bbox 147 4437 181 4503; x_wconf 86' lang='lat' dir='ltr'><strong>ab</strong></span> <span class='ocrx_word' id='word_1_324' title='bbox 202 4435 419 4517; x_wconf 88' lang='lat' dir='ltr'><strong>interpretibus</strong></span> <span class='ocrx_word' id='word_1_325' title='bbox 443 4434 620 4514; x_wconf 82' lang='lat' dir='ltr'><strong>explicatum</strong></span> <span class='ocrx_word' id='word_1_326' title='bbox 643 4453 718 4495; x_wconf 89' lang='lat' dir='ltr'><strong>esse.</strong></span> <span class='ocrx_word' id='word_1_327' title='bbox 755 4435 854 4513; x_wconf 89' lang='lat' dir='ltr'><strong>itaque</strong></span> <span class='ocrx_word' id='word_1_328' title='bbox 879 4436 939 4494; x_wconf 88' lang='lat' dir='ltr'><strong>iam</strong></span> <span class='ocrx_word' id='word_1_329' title='bbox 962 4434 1078 4513; x_wconf 89' lang='lat' dir='ltr'><strong>scripsi,</strong></span> <span class='ocrx_word' id='word_1_330' title='bbox 1107 4435 1167 4492; x_wconf 88' lang='lat' dir='ltr'><strong>iam</strong></span> <span class='ocrx_word' id='word_1_331' title='bbox 1188 4430 1283 4507; x_wconf 73' lang='lat' dir='ltr'><strong>sactis</strong></span> 
     </span>
    </p>
   </div>
   <div class='ocr_carea' id='block_1_5' title="bbox 0 0 1442 4994">
    <p class='ocr_par' dir='ltr' id='par_1_10' title="bbox 0 0 1442 4994">
     <span class='ocr_line' id='line_1_40' title="bbox 0 0 1442 4994; baseline 0 1"><span class='ocrx_word' id='word_1_332' title='bbox 0 0 1442 4994; x_wconf 95' lang='lat' dir='ltr'><strong> </strong></span> 
     </span>
    </p>
   </div>
  </div>
 </body>
</html>
