2874 4994
142 332 207 399 272
483 336 941 397 commenmendationes

145 499 293 560 adnotavit
317 496 451 560 Ursinus.
498 501 529 561 in
552 515 630 575 qnos
652 516 712 561 non
736 499 886 561 induerent
908 496 1030 577 scripsi:
1053 495 1241 561 uamcooluna

148 608 225 668 tirus
244 608 275 667 in
294 605 349 667 hac
368 605 567 688 descriptione
587 607 683 669 locum
699 605 871 668 nonhabet.
896 603 1151 667 immutantem
1162 605 1242 670 lictum

146 721 204 796 est,
232 731 292 774 non
322 717 482 776 includunt
503 723 555 776 aut
582 718 709 790 inipnnt,
737 723 922 795 propterea
949 729 1035 792 quae
1055 729 1139 793 snpra
1164 715 1243 794 scripta

39 841 41 844 ⁴
144 829 238 902 erant,
254 824 432 898 producunt
450 799 481 883 in
497 830 600 899 proto.
638 821 714 901 apud
734 816 925 883 Columellam
938 816 1005 880 Vlll
1020 815 1107 903 14,9
1125 819 1157 882 tle
1172 819 1244 882 ulcu
1290 802 1294 894 Ξ

143 944 176 988 re
200 930 310 1008 scripta
330 938 399 991 sunt
417 929 499 1012 haee,
514 934 613 1008 potios
633 936 733 992 antem
752 946 812 990 non
831 929 956 1007 expedit
968 930 1077 1005 plures
1097 929 1128 990 in
1142 929 1245 1004 rhodo
1290 912 1294 952 ³

142 1037 238 1097 dorus
266 1053 357 1112 quom
384 1040 505 1099 vicenos
532 1040 631 1118 adipi,
658 1055 716 1098 nec
743 1054 853 1098 rursus
878 1037 1000 1098 animno
1027 1051 1097 1097 cum
1116 1032 1246 1096 numitius
1291 1031 1294 1039 ²

145 1145 270 1219 includi,
293 1148 435 1220 quereiam
459 1148 590 1206 validior
613 1152 721 1206 eneeot
744 1134 904 1217 infirmum.
936 1193 937 1196 ,
1103 1144 1109 1156 '

232 1250 328 1313 Neue
347 1270 412 1331 qua
432 1269 472 1313 eo
491 1251 663 1313 accedere
681 1253 825 1331 possint
843 1249 1017 1313 mustelae
1037 1248 1170 1313 aliaeue
1184 1266 1247 1328 quae

143 1357 280 1419 hestiae
295 1357 462 1437 noceant]
475 1360 598 1422 Adicere
607 1362 720 1421 bestiae
733 1376 814 1435 pune
822 1365 953 1422 noceant
961 1357 1116 1421 lucuntlns
1129 1363 1158 1418 et
1170 1355 1248 1417 deind

143 1465 251 1545 reliqui
266 1466 403 1528 editores.
442 1466 593 1548 archetypi
610 1467 767 1528 lectionem
781 1473 921 1527 constans
934 1466 1077 1527 Varronis
1092 1480 1160 1526 usus
1175 1462 1250 1524 iuloc

143 1591 251 1652 genere
283 1573 401 1636 dicendi
430 1582 540 1636 tuetur.
586 1593 657 1636 num
685 1578 800 1636 aliusne
828 1593 886 1634 non
914 1573 1014 1634 addito
1043 1573 1206 1654 pronomine
1222 1571 1253 1631 in·

145 1679 267 1741 delinito
291 1699 306 1741 a
329 1680 461 1743 Varrone
485 1682 596 1744 dictum
619 1699 678 1743 non
704 1691 764 1763 est,
786 1681 837 1744 sed
861 1699 948 1762 saepe
973 1684 1089 1742 aliusue
1106 1683 1178 1756 qood,
1197 1675 1253 1758 quoi

148 1786 290 1868 exemplis
318 1791 490 1870 compositis
513 1789 652 1851 licitatus
679 1797 792 1869 quaest.
811 1788 933 1850 Varron.
952 1805 1077 1867 gramm.
1095 1805 1122 1868 p.
1141 1781 1179 1848 88
1198 1801 1255 1844 con·

145 1893 288 1973 probarit.
334 1898 502 1960 accuratius
525 1898 561 1958 de
586 1897 686 1958 eadem
712 1916 744 1959 re
767 1905 869 1979 postea
893 1894 945 1979 11,
964 1893 984 1958 3
1008 1894 1179 1957 scribuntur
1196 1891 1256 1972 laeq

143 2020 182 2062 ne
201 1999 299 2078 foetes
322 2007 421 2065 otiare
443 2022 523 2081 quoe
546 2007 642 2066 bestia
656 2007 792 2067 introire
816 2007 861 2066 od
881 2005 1051 2066 nocendum
1069 2003 1171 2080 possit.

232 2105 254 2170 5
286 2111 441 2172 Anseres
468 2118 623 2191 pascunt
650 2113 685 2172 in
709 2111 842 2173 umidis
869 2110 961 2171 locis
984 2115 1019 2170 et
1041 2107 1200 2189 pabulum
1218 2123 1256 2166 se·

144 2215 248 2294 runt]
279 2219 338 2279 Udi
354 2220 500 2294 poliutum
523 2225 630 2280 serunt
652 2217 805 2280 iucundus
833 2224 869 2280 et
886 2216 993 2279 deinde
1016 2214 1125 2296 reliqui
1148 2214 1257 2276 editores

145 2323 257 2386 Colum.
277 2323 340 2384 Vlll
362 2321 411 2408 14,
430 2323 451 2387 2
471 2328 619 2403 palustris
642 2343 767 2402 quoqne,
786 2329 842 2388 sed
858 2327 1005 2387 herbidus
1023 2341 1102 2400 oper
1119 2325 1258 2384 dntinetm

147 2439 238 2508 atque
261 2436 324 2495 olio
344 2435 459 2510 pabulo
479 2440 691 2513 conseruntur,
714 2441 748 2494 nt
766 2436 856 2510 vicio,
879 2431 1036 2510 trifolium,
1052 2429 1176 2508 suenum
1190 2436 1258 2504 qtae

146 2558 224 2616 cnm,
246 2544 303 2602 sed
320 2547 490 2620 praecipue
510 2559 608 2618 penus
637 2529 738 2617 intidi,
761 2542 843 2616 qnod
869 2535 962 2620 σέριν
988 2541 1105 2601 Graeci
1126 2539 1259 2616 oppetant

234 2646 269 2707 Si
292 2647 450 2708 radicem
474 2647 702 2728 pranderunt
721 2665 823 2728 quam
842 2647 997 2709 educere
1012 2635 1137 2707 *uelint
1153 2664 1169 2705 e
1185 2652 1259 2705 terra

145 2752 363 2833 abrumpunt
385 2753 533 2832 collum]
559 2757 746 2816 Prenderint
764 2773 799 2816 ex
819 2754 920 2817 codiee
941 2773 969 2815 m
989 2756 1019 2815 in
1039 2753 1197 2834 principem
1215 2748 1259 2810 edi

146 2862 272 2941 tionem,
300 2863 482 2937 abrumpunt
510 2881 543 2922 ex
574 2862 676 2923 eodem
706 2862 780 2923 libro
808 2865 839 2929 iu
867 2861 1001 2924 aruinam
1030 2869 1181 2941 receptum
1202 2866 1259 2937 erat3

139 2971 333 3046 prenderent
359 2976 389 3029 ct
418 2970 601 3047 abrumpunt
629 2990 663 3030 er
693 2970 852 3052 archetypo
882 2969 1031 3032 Victorius
1063 2969 1196 3030 restituit
1232 2964 1257 3025 dc

143 3074 232 3156 pullis
256 3093 394 3136 anserum
418 3075 520 3137 eadem
544 3077 637 3138 rciert
660 3077 820 3139 Columella
844 3076 908 3138 Vlll
929 3074 1015 3158 14,8
1039 3095 1111 3138 nom
1133 3079 1161 3138 si
1179 3074 1257 3136 odim

141 3201 254 3260 porum
274 3187 382 3258 firmus
406 3187 545 3259 indipens
568 3188 705 3246 ciderunt
725 3190 865 3263 peruenit
883 3189 915 3247 in
940 3203 1099 3263 peccaturo,
1119 3183 1258 3261 frattribus

144 3296 198 3350 out
220 3293 414 3352 solidioribus
436 3294 539 3353 tertiis
557 3295 731 3354 obluctator
754 3297 798 3354 ito
814 3296 1026 3371 pertinaciter,
1050 3301 1084 3354 nt
1103 3296 1202 3354 colion
1219 3288 1256 3349 oi

144 3406 275 3475 rumpat.
311 3399 382 3458 item
406 3396 518 3458 Plinius
536 3397 563 3457 ll
584 3395 646 3460 163
663 3403 755 3476 pultis
775 3417 878 3461 eornm
898 3402 1000 3460 artico
1020 3406 1162 3461 contactu
1178 3397 1255 3458 morti·

142 3503 223 3581 sero,
246 3522 304 3565 nec
327 3507 424 3565 minus
448 3507 586 3581 aviditer,
610 3525 692 3568 nnnc
714 3510 855 3569 sotietate
876 3509 978 3582 nimiu,
1001 3525 1085 3569 nnnc
1107 3511 1214 3569 suomet
1230 3503 1257 3572 ri,

144 3614 266 3686 quondo
291 3613 482 3688 adprehenso
505 3615 614 3675 radice
641 3631 743 3676 morsa
766 3633 858 3693 coepe
885 3621 1030 3677 conantes
1060 3617 1186 3676 ocelim
1204 3615 1257 3672 ortt

144 3721 222 3778 collo
245 3737 302 3779 sno
326 3721 518 3797 abrumpunt.

231 3823 252 3888 6
285 3825 366 3888 Cum
395 3836 511 3889 autem
540 3837 622 3890 sunt
650 3828 785 3891 inclusi
811 3831 846 3891 in
871 3828 976 3891 haras
1000 3838 1060 3892 aut
1087 3827 1256 3909 speluncas

144 3941 183 3995 ut
210 3933 285 3995 dixi
314 3936 427 3996 uicini
455 3928 621 3997 obiciunt
649 3939 696 3998 iis
724 3936 926 4018 polentam]
967 3939 1054 4000 Victn
1083 3925 1256 4003 odicinotm

143 4046 239 4105 victui
255 4046 403 4105 obiiciunt
416 4043 567 4106 iucundus
582 4054 611 4107 et
626 4044 732 4108 deinde
753 4046 860 4127 reliqui
879 4045 1018 4109 editores.
1051 4049 1150 4110 viceni
1162 4039 1256 4120 scripsi,

143 4148 179 4209 de
203 4169 262 4229 quo
285 4170 411 4212 numero
439 4170 527 4233 supra
552 4149 612 4231 §t
639 4155 750 4234 scripta
777 4153 975 4237 cranihom,
1003 4157 1035 4217 in
1058 4172 1134 4232 qnos
1154 4169 1204 4215 oon
1223 4150 1256 4206 it·

143 4259 259 4317 ductent
278 4263 347 4336 ptus
369 4263 489 4321 vicenos
509 4264 616 4338 pullos

232 4361 249 4424 ‘l
287 4365 334 4427 nd
369 4367 601 4447 saginandum
636 4367 776 4450 eligunt
804 4369 924 4452 pullos
952 4372 1107 4433 circiter
1136 4363 1253 4446 sexqui·
1293 4455 1294 4458 Ἴ

144 4487 260 4535 mense
289 4476 348 4554 qui
376 4482 460 4537 sunt
487 4474 589 4556 natu]
619 4476 849 4554 Senqninienses
869 4467 951 4564 (non
975 4466 1193 4558 sesqurnenses)
1211 4470 1255 4548 etl
1276 4460 1294 4612 p

1281 4594 1294 4639 *i
