2874 4994
10 40 77 477 l
352 385 483 440 RERVM
502 384 742 440 RVSTIOARVM
760 385 827 439 LIB.
847 385 859 437 Ι
879 382 964 439 4-5
1190 373 1231 437 27

10 514 12 525 ¹
76 540 219 604 Ursinus
241 548 334 619 recte,
363 547 396 600 ut
418 549 499 620 puto.
536 558 596 601 non
623 559 682 615 qno
708 558 767 600 non
790 539 900 618 legitur
925 537 950 596 ll
972 536 1003 618 l,
1017 536 1046 599 3.
1075 536 1114 596 lll
1136 534 1189 616 l4,
1203 534 1232 597 4.

67 647 127 731 16,
167 640 214 706 15.
237 648 321 722 qnod
337 665 396 708 non
410 648 545 709 habeant
557 645 754 725 praecedente
771 664 806 707 eo
821 644 952 706 defendit
966 645 1105 704 Reiterus
1120 651 1232 723 quaest.

62 756 179 818 latr.
196 769 317 830 gramm.
337 771 364 832 p.
380 750 432 814 61.
866 837 868 840 Α

185 853 205 918 3
239 856 336 928 Quae
368 861 404 920 in
437 859 610 921 colundo
644 878 732 939 opus
765 869 848 919 sunt
880 877 919 919 ac
951 857 1106 918 debeant
1138 856 1237 935 esse]

58 967 212 1032 Debent
232 967 257 1024 A
280 983 309 1025 m
334 973 364 1026 et
386 965 513 1046 plurima
533 965 673 1048 Italorum
697 965 873 1046 apographa,
897 968 1027 1027 debeant
1046 964 1136 1026 editio
1155 966 1235 1043 prin·

60 1088 171 1154 ceps
195 1090 209 1132 a
232 1070 377 1153 Politiano
404 1092 463 1133 non
488 1082 622 1134 correcta
646 1083 676 1133 et
699 1072 889 1133 Florentinns
908 1072 1010 1133 codex.
1042 1090 1121 1146 qnae
1145 1075 1175 1130 tn
1199 1089 1233 1132 eo

63 1179 192 1256 funde
213 1197 288 1256 opne
311 1182 372 1240 sint
394 1198 433 1240 ee
457 1181 587 1241 debeant
610 1198 674 1240 esse
698 1178 907 1239 Schneiderns.

185 1281 205 1346 4
236 1283 283 1345 lle
307 1285 362 1346 hie
386 1294 559 1365 quattuor
583 1285 781 1365 generibus
805 1286 970 1364 singulae
994 1287 1175 1346 minimum
1200 1285 1234 1343 in

70 1391 197 1452 ninas
219 1391 438 1453 diuiduntur
461 1391 617 1472 species]
643 1395 689 1453 De
711 1395 759 1453 luto
777 1400 910 1468 pnutnor
930 1395 1071 1468 pertibus
1096 1394 1236 1466 singulae

73 1495 230 1578 Ursinus,
254 1501 293 1560 de
315 1501 362 1560 leis
380 1508 513 1574 quatuor
529 1502 695 1574 generibus
713 1503 835 1574 singule
854 1500 982 1558 coniecit
1001 1497 1160 1558 Gesnerns.
1198 1499 1236 1557 de

73 1603 133 1662 lis
163 1612 309 1678 pnuuuor
325 1609 522 1682 pennalibus
537 1608 680 1683 portibus
699 1607 813 1684 scripsi.
851 1623 917 1665 narn
938 1623 1013 1683 quae
1035 1604 1119 1664 modo
1139 1603 1236 1663 diotae

73 1719 176 1770 erant
201 1719 347 1786 quattuor
365 1721 473 1790 portes
495 1731 629 1773 sommae
651 1715 708 1773 inm
732 1712 872 1773 dicuntur
895 1711 1048 1791 generales
1071 1721 1179 1790 partes,
1203 1718 1236 1770 ut

70 1808 95 1870 ll
126 1813 162 1897 l,
183 1817 229 1882 12
252 1822 362 1880 herum
386 1838 449 1880 uno
472 1839 610 1895 quaeque
628 1824 659 1880 in
677 1839 710 1880 oe
731 1822 886 1895 generalis
906 1823 1007 1896 portis
1035 1820 1125 1879 nabet
1149 1820 1235 1878 mini·

67 1934 164 1984 mum
196 1945 338 1989 novenas.

178 2032 283 2104 Quod
301 2031 410 2093 habet
427 2034 540 2112 prima
556 2050 594 2092 eo
610 2050 699 2112 quae
718 2031 757 2093 ad
778 2033 892 2093 solum
911 2033 1097 2112 pertinent
1116 2042 1235 2093 terrae

64 2139 101 2190 et
124 2137 302 2201 atterum
321 2157 410 2220 quae
430 2140 470 2199 ad
491 2139 597 2200 uillas
616 2147 651 2199 et
670 2137 829 2216 stabula]
845 2141 981 2199 Alterum
995 2139 1062 2199 inde
1082 2138 1118 2199 ab
1134 2139 1235 2198 Aldina

61 2235 225 2308 editione
244 2249 387 2308 omissum
407 2255 479 2307 erat.
516 2245 707 2306 scribendum
727 2254 791 2306 erat
809 2247 909 2324 potius
928 2248 1010 2320 qnod
1027 2248 1117 2306 nabet
1133 2249 1235 2322 primu

59 2359 101 2400 θα
128 2367 235 2423 quae
258 2356 303 2415 nd
322 2358 417 2415 solnm
436 2357 592 2431 pertinent
615 2361 720 2414 terroe
747 2361 777 2412 et
804 2356 903 2413 ultera
931 2371 1010 2427 quoe
1033 2354 1076 2412 nd
1098 2355 1183 2412 uillas
1207 2360 1237 2410 et

57 2452 224 2520 stabula.
270 2478 337 2521 nant
374 2459 465 2521 altera
498 2467 569 2520 sunt
600 2479 634 2519 ea
667 2478 741 2538 quae
774 2458 809 2518 ad
842 2458 964 2519 alteram
999 2460 1110 2537 primae
1143 2459 1236 2534 partis

58 2563 226 2628 speeiem
254 2569 417 2647 pertinent:
450 2563 500 2627 17
507 2564 556 2646 ,4
584 2585 660 2642 qnos
687 2586 738 2627 reo
766 2569 843 2626 dens
868 2574 1037 2641 sequnntur
1061 2568 1160 2626 altera
1183 2568 1236 2625 ille

58 2659 147 2738 duo,
191 2673 204 2733 l
225 2672 308 2754 17,1
333 2676 371 2735 de
389 2673 484 2750 fundi
501 2680 645 2749 qnuttnor
660 2675 811 2749 portiones,
834 2691 914 2747 qnae
932 2690 1001 2733 cnm
1018 2675 1081 2732 solo
1099 2674 1236 2750 haerent,

56 2772 90 2821 0¹
128 2784 261 2843 alteris
288 2788 446 2856 quattuor,
474 2799 554 2855 qnae
581 2788 671 2841 extre
700 2778 831 2854 fundum
858 2787 928 2840 sunt
956 2788 985 2839 et
1012 2782 1056 2839 ud
1084 2782 1237 2839 cultorum

54 2885 259 2968 pertinent,
283 2891 358 2961 dr'xi,
382 2887 407 2947 ll
430 2884 515 2967 1,16
534 2890 652 2948 alterae
670 2896 778 2963 partes
801 2895 945 2961 paruttnor
963 2893 1041 2959 sunt,
1066 2885 1090 2944 ll
1111 2882 1173 2967 2‚t
1199 2889 1237 2945 (le

56 2977 203 3056 “lteris
225 3003 371 3071 pnnttnor
394 2997 485 3056 rebus
509 2998 650 3070 deinceps
674 2997 783 3054 dicam.

188 3101 351 3162 Secunda
384 3120 467 3181 pars
500 3119 588 3180 quiae
622 3108 813 3161 mouentur
840 3108 946 3179 atque
978 3102 1013 3160 in
1041 3098 1149 3158 ltrrrdo
1178 3098 1235 3157 de·
1347 3143 1349 3148 .

53 3177 206 3268 beant
238 3206 337 3285 esse]
372 3209 555 3269 Moneantur
587 3226 622 3266 ex
656 3206 885 3267 Commeliniona
918 3206 1046 3266 editione
1078 3205 1236 3265 Gesnerus.

49 3300 253 3374 ''³⁰ventur
289 3321 381 3389 etque
417 3318 449 3374 in
478 3313 576 3389 fundo
609 3315 717 3374 debent
748 3331 812 3373 esse
845 3310 1035 3372 scribendum
1068 3330 1133 3370 esse
1166 3312 1238 3371 vidit

46 3386 305 3482 ⁸⁰l1ueiderusss

185 3527 307 3588 Tertia
330 3546 413 3607 pars
437 3546 525 3608 quae
548 3526 590 3586 de
614 3525 722 3587 rebus
745 3526 928 3587 diuiditur
951 3544 1038 3605 quae
1059 3524 1098 3584 ad
1118 3543 1237 3603 quarn-

39 3617 102 3678 (μ’
117 3643 153 3684 e
188 3653 260 3695 rem
278 3636 352 3695 sint
369 3634 614 3714 praeparanda
634 3644 669 3694 et
688 3633 746 3694 not
766 3653 927 3714 quaeque
947 3631 1127 3709 iacienda]
1154 3635 1237 3704 θυαε

34 3720 197 3802 priOre
220 3741 285 3802 loco
309 3741 411 3802 delevi.
449 3760 517 3801 nam
540 3745 632 3802 tertio
653 3761 729 3818 porc
752 3760 832 3816 pune
855 3745 892 3802 de
915 3744 1006 3801 rebus
1031 3740 1074 3800 vel
1098 3750 1238 3817 quaeest

32 3809 88 3878 de
142 3848 249 3909 rebus
273 3849 331 3908 dici
354 3866 413 3908 non
442 3857 559 3926 poterat
587 3867 619 3908 ea
648 3866 731 3928 pars,
759 3847 795 3907 de
825 3865 881 3925 qna
910 3864 998 3924 supra
1027 3849 1137 3925 scripta
1167 3858 1238 3907 sunt

27 4017 37 4029 ,
62 3941 181 4035 ³⁸0,
204 3972 283 4030 qnae
307 3959 338 4015 tn
361 3973 397 4015 eo
416 3957 547 4031 praedio
572 3957 692 4016 colendi
709 3971 805 4015 ceusu
825 3956 887 4012 sint
901 3951 1058 4026 socienda,
1082 3962 1182 4028 postea
1206 3955 1237 4010 in

25 4033 153 4114 ¹¹³⁸&
185 4080 287 4122 rerum
311 4062 486 4122 tractatione
509 4058 599 4143 23,1
624 4080 704 4137 quoe
727 4068 756 4122 et
778 4078 837 4135 pne
864 4061 997 4133 quidque
1019 4062 1083 4118 loeo
1107 4061 1238 4118 monime

23 4144 241 4228 Qbedint
273 4172 381 4229 colere.
423 4167 475 4228 sed
509 4166 622 4246 vulgari
654 4169 684 4226 in
717 4166 935 4247 praepositione
969 4166 1007 4224 cle
1034 4163 1177 4223 brevitate
1208 4175 1238 4223 et

22 4244 211 4335 mutato
235 4284 303 4354 post
326 4264 508 4335 nomen‘rec
531 4293 640 4354 genere
665 4273 778 4333 relativi
797 4273 981 4352 pronominis
1000 4289 1068 4331 cunt
1088 4275 1237 4351 sentienti·

61 4365 146 4429 ¹¹8
178 4381 251 4442 haec
275 4383 314 4441 ita
335 4383 491 4442 coniuncta
512 4392 590 4459 stunt,
615 4384 799 4457 tertinpers
818 4381 966 4439 derebus
985 4381 1141 4456 dividitur,
1160 4399 1239 4454 qnae

26 4463 121 4525 “a
171 4505 320 4564 unumque
347 4507 412 4549 rent
438 4491 500 4549 sint
522 4489 747 4565 praeparanda
774 4494 802 4547 et
834 4487 888 4545 ubi
913 4503 1051 4561 qnaepne
1075 4484 1240 4560 facientem
