2874 4994
358 123 491 180 RERVM
507 123 749 181 RVSTIOARVM
766 124 835 182 blB.
853 124 893 179 III
912 123 931 179 2
1152 116 1216 181 231

14 262 27 271 “
65 297 177 359 cenae,
192 297 272 355 quoe
285 297 369 341 nunc
383 281 619 341 innumerabiles
633 278 906 355 excandesuciunt
922 295 1075 340 cononum
1090 283 1219 342 macelli.
1330 307 1338 323 «

67 390 204 462 reliquis
232 388 321 447 uanas
344 387 481 447 omnibus
508 395 537 449 et
564 388 646 447 bunc
663 387 853 463 expectabis
879 403 1024 446 summum
1051 394 1093 460 et,
1119 403 1217 463 spero,

46 511 130 554 noa
156 494 215 553 tibi
236 495 383 568 decoquet
405 496 560 568 ornithon,
587 492 615 553 b.
634 511 659 553 e.
683 501 713 552 et
736 510 881 553 summam
910 510 999 571 supra
1025 491 1134 554 dictam
1158 510 1216 554 non

63 601 245 678 assequeris
278 608 308 660 et
335 598 489 681 ornithon,
523 609 556 662 ut
579 617 680 680 spero,
714 616 772 664 non
799 597 926 660 deliciet.
967 600 1112 659 maximus
1137 600 1217 658 enim

64 706 193 767 tructus
216 724 252 766 ex
276 704 434 766 ornithone
458 709 574 786 capitur
593 715 666 786 turm,
689 722 757 766 crum
781 704 885 783 epulae
903 703 1038 784 publicae
1062 704 1107 765 vel
1126 722 1217 765 cenae

63 811 267 891 collegiorum
292 812 375 891 lirrnt,
400 811 510 890 quibus
533 815 663 891 pretium
687 830 787 872 rerum
813 810 959 873 venalium
983 821 1122 893 augetur3
1150 811 1216 872 reli·

61 921 140 999 quis
163 920 263 999 anub,
291 917 400 997 quibus
428 936 480 979 eae
508 938 567 980 non
596 927 679 998 suunt,
709 919 842 997 quemvis
866 916 901 978 ad
925 919 1048 979 eandem
1072 936 1216 979 summam

62 1043 131 1086 eron
156 1027 361 1107 perveniatur,
390 1033 488 1086 tamen
517 1025 582 1086 illae
612 1027 762 1104 pastiones
793 1043 880 1087 suum
910 1026 1040 1087 t'ructum
1064 1025 1216 1105 praebent.

64 1141 136 1194 tum
160 1133 192 1192 in
215 1130 271 1213 bis,
293 1141 402 1208 quotus
424 1136 551 1208 'quisuuc
569 1136 647 1194 euim
671 1141 715 1194 cst
738 1151 846 1208 uuuus,
865 1150 924 1207 quo
942 1151 1002 1194 nou
1021 1135 1126 1194 videos
1144 1152 1215 1209 cpu-

64 1243 133 1301 lum
161 1245 216 1299 out
245 1241 430 1316 triumphum
459 1248 514 1301 uut
544 1243 674 1315 collecto
705 1257 765 1301 uon
798 1243 932 1317 epulari,
964 1242 1125 1318 repetitum
1154 1258 1215 1302 nou

63 1343 226 1406 offendere
245 1363 305 1406 non
323 1344 449 1408 debebat
468 1346 612 1408 editores:
631 1345 730 1407 nullus
745 1347 806 1407 lere
826 1363 921 1406 anrrus
939 1355 994 1427 est,
1013 1364 1072 1425 quo
1091 1344 1213 1427 epulum

65 1461 124 1513 eut
148 1451 331 1531 triumphum
360 1471 419 1514 non
443 1451 541 1514 rideas
569 1460 621 1513 aut
649 1471 708 1532 quo
736 1451 858 1532 collegia
886 1452 1001 1532 epulari
1024 1470 1082 1513 non
1107 1452 1214 1515 videas.

66 1558 201 1636 denique
237 1576 271 1618 ea
298 1576 374 1638 quae
402 1568 528 1634 restant,
560 1578 640 1635 quoe
669 1578 751 1621 nuuc
784 1560 1018 1621 innumerabiles
1049 1562 1216 1621 incendunt

66 1683 238 1740 cunonem,
269 1683 304 1726 ex
328 1669 483 1746 superiore
506 1664 571 1727 loco
595 1668 696 1746 inepte
724 1667 849 1746 repetita
878 1684 943 1727 esee
971 1675 1106 1745 apparet,
1136 1667 1215 1727 siout

66 1771 274 1833 Schneidcrus
297 1773 480 1851 significavit.

162 1876 202 1939 17
236 1880 391 1940 Abuccius
414 1888 445 1940 ct
467 1878 524 1940 boe
547 1878 612 1940 loco
631 1888 662 1941 et
681 1877 720 1939 lli
735 1875 800 1959 6,6
822 1879 878 1940 fuit
896 1881 927 1941 in
946 1879 1116 1959 archetypo,
1134 1877 1213 1957 quod

66 1983 209 2047 Hertzius
234 1985 328 2048 annal.
351 1985 453 2065 philol.
477 2004 501 2046 a.
526 1982 610 2048 1873
640 2005 667 2065 p.
692 1982 756 2048 337
786 1984 926 2047 defendit.
973 1987 1111 2047 Albutius
1143 1984 1213 2044 olim

66 2101 200 2171 utroque
223 2091 289 2152 loco
318 2111 353 2153 ex
381 2094 516 2173 principe
540 2092 671 2153 editione
695 2101 849 2171 receptum
877 2099 949 2153 erat.
991 2100 1124 2152 ceterum
1151 2109 1213 2151 scr·

69 2199 154 2259 moni
177 2197 331 2278 Varronis,
360 2216 449 2277 quem
477 2200 580 2277 paucis
607 2199 807 2280 interpositis,
833 2201 890 2259 scd
907 2206 1036 2275 propter
1058 2200 1214 2258 tricorium

67 2308 170 2382 lnquit
188 2323 262 2385 sqq,
286 2306 376 2366 brius
399 2304 647 2387 interpellaverat,
669 2304 742 2365 baec
766 2306 986 2367 continuantur.

64 2467 65 2470 ,
160 2410 276 2472 Minus
304 2411 426 2471 decem
454 2408 568 2487 milia]
602 2410 706 2471 Minus
735 2413 815 2471 deno
843 2412 937 2471 millia
966 2408 1043 2470 edita
1076 2408 1144 2470 inde
1177 2409 1213 2470 ab

65 2517 177 2580 Aldina
201 2518 330 2579 editione
354 2514 540 2596 exemplaria.

162 2624 205 2686 Se
238 2643 346 2704 supra
380 2632 522 2684 centum
558 2623 654 2685 milia
687 2643 703 2684 e
736 2623 823 2685 uilla
852 2631 1083 2702 recepturum
1111 2624 1214 2703 agro]

65 2735 166 2813 Apro,
181 2730 258 2811 qnod
275 2734 305 2792 in
321 2730 408 2791 editis
423 2729 491 2791 inde
507 2749 522 2790 a
538 2733 672 2811 principe
692 2730 821 2791 editione
837 2728 1055 2810 exemplaribus
1070 2732 1213 2791 omissum

67 2858 170 2919 neque
203 2856 219 2898 a
247 2836 392 2898 Politiano
422 2855 455 2897 ss
486 2836 588 2898 codice
617 2836 788 2898 adnotatum
816 2847 876 2917 est,
905 2837 1015 2897 habent
1047 2836 1213 2914 apographa

67 2947 185 3025 omnia,
212 2951 293 3005 recte
323 2941 432 3003 delerit
454 2941 579 3003 Merula:
608 2942 726 3002 videtur
754 2943 831 3001 enim
856 2960 892 3002 er
916 2961 951 3001 eo
975 2940 1053 3021 quod
1079 2943 1214 3019 seqnitur

67 3071 131 3130 aue
154 3059 253 3112 ortum
276 3067 352 3110 esse.
389 3068 407 3111 e
433 3051 504 3110 oilla
531 3047 624 3109 deleri
652 3045 746 3108 voluit
769 3045 908 3128 Ursinus,
937 3063 977 3107 ec
1006 3049 1058 3108 illu
1087 3048 1215 3108 coniecit

66 3159 232 3221 Gesnerus.

162 3265 231 3344 Age
251 3282 319 3324 non
339 3262 375 3323 M.
395 3261 480 3322 Cato
500 3279 613 3341 nuper
632 3277 709 3321 cum
728 3258 848 3320 lucilli
870 3259 1012 3339 accepit
1030 3258 1178 3320 tutelam
1198 3279 1214 3320 e

66 3373 225 3453 piscinis
249 3371 328 3431 eius
351 3368 588 3447 quadraginta
614 3365 759 3427 milibus
779 3366 951 3426 sestertis
975 3365 1139 3426 uendidit
1163 3369 1214 3445 pi-

67 3477 158 3555 scis]
178 3477 291 3538 Lucilli
311 3477 400 3536 etiam
428 3474 521 3535 codex
545 3472 809 3551 Sangermanensis
832 3470 1010 3532 Columellas
1029 3469 1093 3533 Vlll
1116 3469 1169 3553 16,
1185 3471 1214 3555 5,

68 3587 171 3647 lucilii
183 3583 301 3644 codices
316 3580 456 3642 Macrobii
472 3580 589 3641 Suturn.
608 3578 648 3640 lll
661 3576 711 3658 15,
721 3574 750 3641 6.
776 3582 883 3640 luculli
896 3578 971 3657 apud
987 3577 1149 3639 Varronem
1164 3580 1213 3640 ba-

69 3691 144 3752 bent
157 3689 227 3751 libri
240 3689 425 3749 recentiores
434 3698 464 3748 et
473 3689 619 3766 impressa
629 3686 697 3747 inde
712 3704 728 3746 a
743 3687 877 3765 principe
889 3685 1017 3745 editione
1028 3685 1214 3764 exemplaria.

71 3807 119 3859 est
142 3804 240 3857 autem
260 3793 402 3856 Lucullus
417 3792 501 3855 Lucii
515 3791 640 3873 Luculli,
660 3795 711 3873 qui
730 3803 834 3853 contra
847 3790 1046 3852 Mithridatem
1066 3795 1215 3871 pugnavit,

67 3903 161 3983 lilius,
180 3904 267 3965 eurisis
290 3900 413 3963 tutelam
432 3900 503 3961 Cato
523 3898 686 3961 avunculus
705 3899 834 3979 gerebat.
873 3900 1003 3978 piscinae
1022 3897 1213 3959 Lucrdlorum

69 3997 230 4073 laudantur
258 4029 274 4069 a
303 4007 434 4069 Varrone
457 4003 546 4088 1113,
567 4003 609 4068 10
636 4015 667 4066 et
695 4003 746 4086 17,
760 4003 790 4068 8.
830 4008 1018 4082 quadruplos
1044 4010 1215 4068 sestertium
1293 4077 1294 4082 γ

73 4118 203 4179 coniecit
227 4114 353 4176 Ursinus
381 4133 416 4175 es
444 4112 539 4175 Plinio
558 4111 598 4173 tx
618 4109 683 4174 170
705 4098 767 4194 lm
785 4114 840 4174 IIS
856 4114 997 4190 piscinae
1024 4132 1044 4174 o
1071 4113 1215 4189 defuncto

71 4228 123 4287 illo
154 4225 283 4283 uertere.
325 4225 394 4282 cum
417 4219 557 4282 Varronis
585 4218 687 4281 codice
715 4222 905 4282 censentiunt
933 4219 1050 4280 codices
1073 4218 1215 4281 Macrobii
