2874 4994
246 314 308 379 100
601 322 791 378 COMMENT.
817 324 857 378 IN
875 323 1034 379 CATONIS

239 487 307 557 post
334 483 429 540 olerum
454 477 559 553 facito.
607 498 672 539 nam
701 488 828 559 utroque
857 479 944 539 medo
972 480 1003 539 in
1031 478 1086 539 hac
1118 478 1298 540 definitione
1319 486 1384 539 tem

243 588 325 664 poris
349 586 419 646 Cato
448 604 520 646 nsns
549 596 607 648 est:
640 586 765 647 ablativo
793 606 864 648 casn
894 583 984 667 32,2
1009 597 1039 647 et
1062 583 1155 667 33,2
1177 587 1302 648 biennio
1323 594 1384 665 pust

242 696 430 769 praecidite,
455 690 496 755 51
522 696 642 755 dictinio
662 701 731 771 post
753 694 890 775 effodite,
914 690 966 776 52,
985 692 1006 755 2
1030 704 1061 754 et
1086 690 1200 774 133,4
1224 710 1306 754 nuno
1323 700 1385 770 post

239 802 431 875 praecidite:
468 803 587 879 saepius
619 802 839 880 praepositione
867 818 936 861 cum
964 802 1145 882 accusativo,
1180 794 1302 881 105,2
1325 808 1386 875 pust

244 909 307 966 dies
335 907 434 966 XXX
463 910 574 969 dotium
603 910 741 981 ciliciis,
776 905 893 989 112,2
923 916 993 985 post
1018 910 1084 969 dies
1111 906 1179 967 XX
1203 909 1235 967 in
1265 909 1385 967 utimum

245 1016 356 1075 dolium
380 1018 449 1074 item
469 1014 685 1096 transscenditu,
710 1012 818 1095 113,2
839 1022 908 1091 post
927 1017 992 1076 dies
1011 1014 1069 1074 XL
1093 1016 1259 1090 diffunditu
1277 1020 1385 1090 etpost

245 1124 482 1196 quadriennium
510 1125 541 1182 iu
571 1140 702 1183 cuneum
731 1126 904 1198 corrpeuiie,
934 1118 998 1182 120
1022 1128 1090 1198 post
1121 1123 1185 1181 dies
1209 1120 1310 1181 XXX
1328 1124 1385 1181 esci

244 1231 329 1301 mito,
357 1226 408 1288 ubi
432 1236 501 1305 post
524 1231 602 1289 diem
625 1231 656 1288 in
679 1228 840 1308 archetypo
864 1231 1008 1307 scriptum
1032 1236 1110 1307 erat,
1136 1224 1200 1289 126
1225 1237 1257 1288 et
1281 1224 1383 1309 121,1

241 1342 310 1410 post
337 1336 401 1395 dies
431 1335 530 1395 XXX
554 1339 686 1411 aperito,
722 1332 838 1415 161,3
869 1342 938 1412 pest
968 1352 1065 1396 anuos
1094 1334 1176 1394 VIII
1198 1342 1256 1395 aut
1282 1352 1387 1411 noun,

245 1459 313 1502 cum
333 1444 393 1501 ium
413 1450 457 1502 esi
475 1451 567 1517 uetus,
591 1444 730 1517 uipereo,
757 1439 829 1523 162,
849 1440 869 1503 3
885 1451 954 1518 post
972 1445 1037 1502 dies
1055 1444 1176 1502 omuino
1195 1442 1269 1501 XII
1278 1460 1386 1519 pemas

245 1551 381 1621 eximite,
410 1546 462 1608 nbi
491 1551 559 1609 item
586 1556 655 1626 post
682 1552 761 1610 diem
784 1551 814 1609 in
839 1548 999 1629 archetypo
1022 1549 1094 1629 iuit3
1131 1557 1161 1608 et
1184 1565 1276 1627 snpra
1301 1545 1384 1629 65,1

241 1657 391 1732 postridie
414 1664 467 1715 uui
487 1662 556 1731 post
580 1658 657 1716 diem
681 1659 812 1731 tertium,
836 1673 926 1731 quum
950 1660 1029 1717 lectu
1052 1658 1120 1731 erit,
1140 1654 1255 1738 serito,
1282 1652 1385 1736 161,2

241 1768 310 1837 pusi
337 1765 416 1822 diem
444 1766 580 1837 tertium,
609 1781 699 1838 quum
722 1767 850 1837 seueris,
879 1766 1040 1824 incendite.
1086 1764 1340 1841 praepositionem
1362 1765 1388 1823 in

246 1867 348 1928 codice
373 1871 511 1929 omissam
535 1868 633 1929 addidi
661 1868 732 1949 104,
752 1867 771 1929 2
800 1872 924 1931 oblinito
944 1878 1013 1947 post
1035 1872 1099 1931 dies
1122 1870 1158 1930 X
1177 1878 1209 1929 et
1234 1866 1300 1931 109
1323 1870 1388 1931 obii·

244 1978 307 2035 nitu
332 1984 401 2052 post
428 1978 493 2036 dies
516 1976 582 2036 LX.
629 1995 696 2036 cum
725 1975 865 2037 adverbio
894 1986 992 2037 autem
1021 1978 1207 2037 accusativus
1236 1979 1310 2057 peni
1336 1994 1388 2036 nen

245 2091 370 2160 poterat.
408 2081 485 2142 idem
510 2085 614 2144 vitium
638 2082 707 2143 oiim
732 2084 788 2144 tuit
812 2084 888 2163 apud
913 2084 1028 2144 Livium
1053 2081 1131 2142 XLII
1153 2079 1244 2162 10‚5
1270 2084 1389 2144 iulum

246 2192 351 2249 eedem
376 2192 532 2251 Fortunae
557 2222 596 2232 —
622 2209 718 2251 anuos
741 2210 797 2251 sex
816 2200 976 2267 postquam
999 2198 1123 2252 uouerat
1146 2192 1318 2264 dedicauit,
1343 2188 1389 2250 ubi

244 2294 384 2356 Lentzius
413 2299 443 2356 in
472 2300 634 2377 scriptione
662 2297 836 2358 scholastica
865 2299 1009 2377 gymnasii
1037 2296 1280 2375 Kneiphoiiensis
1309 2296 1387 2375 uep-

244 2406 376 2463 montani
399 2423 423 2464 a.
447 2399 531 2466 1852
555 2423 583 2484 p.
603 2402 646 2465 23
670 2412 699 2464 ct
722 2404 885 2483 Madvigius
905 2404 1020 2465 emend.
1039 2404 1150 2463 Livian.
1170 2422 1198 2482 p.
1214 2400 1282 2465 623
1307 2406 1389 2465 uanis

243 2512 438 2588 scripserunt.
489 2511 566 2589 eliud
598 2510 739 2571 Catonem
774 2511 977 2590 neglegentius
1009 2513 1195 2571 accusativus
1228 2509 1266 2569 de
1301 2512 1390 2589 spatis

246 2620 390 2695 temporis
413 2619 528 2696 positus
548 2626 593 2677 est
613 2615 686 2698 112,
708 2616 723 2678 1
747 2636 858 2693 equum
878 2637 918 2679 ex
936 2623 997 2679 ulto
1015 2622 1167 2679 murinum
1185 2621 1298 2678 sumita
1316 2620 1391 2677 muri

246 2728 420 2797 tranquille,
444 2743 512 2784 rum
537 2734 641 2785 ereneus
664 2744 724 2786 etna
747 2729 815 2799 erit,
839 2728 904 2786 dies
928 2725 1020 2785 LXX
1041 2734 1112 2785 aute
1135 2726 1329 2786 vindemiam.

332 2830 429 2890 LXVI
453 2830 559 2900 Qunam
585 2831 818 2891 mundissime
838 2834 1107 2911 purissimeque
1127 2830 1192 2892 iiat
1213 2850 1301 2892 uaso
1320 2831 1390 2892 ahe

244 2955 309 2996 nco
335 2955 449 3015 neque
472 2937 614 2997 nucleis
638 2938 676 2997 ad
702 2936 812 2998 oleam
837 2957 879 2998 ne
903 2937 1039 3016 utatur]
1079 2940 1174 3011 Qucum
1197 2916 1391 2999 mundissime

240 3048 464 3119 purissimoque
484 3048 542 3118 fiat
564 3063 634 3105 truse
654 3049 778 3126 eirenen,
800 3064 898 3120 neque
916 3050 1032 3106 enuclees
1051 3048 1094 3106 ed
1110 3049 1208 3106 oletum
1227 3065 1268 3107 ne
1289 3055 1392 3108 ututur

244 3149 322 3209 edita
338 3158 406 3210 ante
421 3149 583 3211 Victorinm
603 3151 791 3231 exemplaria,
811 3149 861 3211 ubi
876 3151 1039 3212 Politianus
1057 3155 1087 3212 iu
1106 3153 1243 3232 principe
1264 3153 1391 3214 editione

243 3259 438 3318 muisdissr'me
458 3261 680 3334 purissimeque
704 3276 739 3317 ex
764 3258 865 3318 codice
890 3259 1047 3339 adnotavit,
1072 3278 1143 3319 vase
1165 3277 1225 3319 non
1254 3262 1391 3322 correxit.

243 3381 318 3424 uusu
341 3362 508 3442 apographa
533 3373 563 3423 ct
587 3363 677 3424 editio
700 3362 831 3424 Victorii.
869 3362 919 3447 10,
938 3362 958 3424 2
982 3383 1053 3425 vase
1076 3369 1175 3440 iipuec
1198 3368 1230 3426 in
1254 3366 1391 3428 omnibns

242 3468 327 3530 libris
347 3472 492 3549 scriptum
515 3481 569 3551 est,
593 3470 644 3530 sed
667 3468 706 3531 11
728 3490 799 3531 uusc
818 3475 916 3546 lipueo
936 3470 1046 3532 habent
1064 3471 1232 3552 apographa
1251 3484 1290 3535 et·
1303 3474 1391 3535 editio

243 3574 375 3649 Victorii,
399 3593 471 3636 unse
493 3580 593 3649 lipueo
612 3577 702 3638 editio
723 3580 863 3657 princeps
882 3597 898 3637 a
917 3578 1062 3638 Politiano
1081 3596 1141 3638 non
1160 3589 1310 3663 correcta,
1331 3578 1391 3643 122

244 3685 275 3741 in
295 3701 367 3742 erese
386 3685 501 3742 eirenen
521 3700 636 3763 omnies,
666 3682 747 3744 Varr.
768 3703 791 3744 r.
810 3702 833 3744 r.
853 3684 892 3743 lli
914 3682 964 3765 16,
983 3682 1024 3746 31
1047 3690 1111 3762 ipso
1131 3704 1212 3747 nuso.
1249 3686 1391 3749 Catonem

243 3806 362 3867 quicque
387 3807 457 3849 uaso
481 3792 637 3868 scripsisse
661 3801 743 3871 puto,
767 3809 856 3871 quiem
880 3794 968 3852 etiam
992 3795 1171 3853 nominativo
1195 3812 1268 3854 casu
1289 3812 1390 3856 trusum

243 3895 353 3955 dixisse
377 3898 501 3956 scimus:
525 3896 596 3957 Gen.
617 3896 682 3957 xiil
703 3896 754 3979 24,
778 3897 791 3958 1
819 3893 1045 3974 1ηιηιιεήιὶΙιθ,
1070 3903 1176 3976 iuquit,
1204 3896 1390 3977 ‘aedificatio

242 4021 339 4078 raeque
363 4021 465 4063 nusum
489 4022 586 4078 neusse
609 4009 812 4065 uestimentum
838 4009 932 4066 sellium
955 4013 999 4066 est
1021 4003 1304 4083 manupretiosum'.
1343 4008 1389 4069 ad·

188 4094 191 4099 ’
241 4109 341 4168 verina
366 4113 559 4170 rrrrrurdissime
584 4115 806 4187 purissimeque
830 4111 980 4173 Victorius
1010 4117 1191 4175 restituerat.
1237 4118 1269 4177 in
1294 4124 1389 4177 torcu-

243 4216 316 4274 lario
337 4218 426 4292 igitur
446 4235 520 4295 npns
540 4236 627 4296 quam
648 4220 840 4287 mundissime
860 4223 1079 4300 purissimeque
1094 4222 1159 4282 lieri
1174 4220 1275 4303 debet,
1295 4242 1385 4303 neque

244 4320 343 4380 ritsclni
377 4319 506 4381 olearum
541 4327 756 4403 comprimendi
788 4335 869 4408 sunt,
903 4346 939 4387 ne
968 4326 1065 4387 alcum
1095 4328 1171 4389 male
1203 4332 1309 4409 sapiat
1352 4331 1385 4391 de

242 4426 357 4487 nucleis
378 4427 454 4487 idern
475 4429 561 4490 (locet
580 4430 740 4491 Columella
760 4431 813 4492 ΧΙΙ
828 4430 880 4515 51,
895 4430 925 4517 2,
939 4442 1063 4511 postero
1083 4439 1133 4499 die
1152 4440 1283 4499 inicitur
1300 4455 1383 4516 quum
