2874 4994
298 335 346 390 DE
364 335 453 392 AGRI
473 335 646 392 CVLTVRA
664 337 806 393 Lruuvtu
826 337 854 393 Ο.
871 337 979 394 8-10
1168 331 1208 396 31

64 487 133 549 liter
153 493 230 567 pira
253 499 283 551 et
303 494 444 568 pirorum
467 510 492 552 c.
513 489 541 552 'l.
564 489 616 553 40.
639 489 691 553 41.
715 490 767 554 48.
794 490 865 574 143,
889 492 1079 573 singulariter
1105 491 1206 575 tint

62 596 118 656 ubi
131 600 224 673 pirus
238 600 355 673 florere
378 602 521 679 coeperit,
547 595 609 659 131
626 602 697 676 piro
712 603 850 674 florente.
885 619 1019 676 prunum
1042 603 1210 662 accusativo

61 720 134 764 casu
168 703 262 765 semel
294 705 407 766 dictum
436 714 481 766 est
511 701 586 786 133,
606 702 636 768 2.
687 710 784 767 molus
812 707 953 767 feminino
981 726 1090 786 genere
1119 708 1211 769 Varro

59 809 137 871 dixit
160 814 289 892 saepius,
313 830 410 892 neque
434 814 552 873 invenio
576 813 628 891 qui
651 821 719 873 ante
742 813 832 874 buius
853 821 979 875 aetatem
998 815 1027 875 id
1047 815 1084 876 de
1104 815 1210 876 arbore

59 916 208 995 frugifera
230 918 348 981 dixerit

153 1024 316 1087 Fundum
340 1026 513 1088 urbanum
538 1037 572 1089 et
591 1030 652 1107 qui
671 1046 748 1088 erunt
769 1028 915 1089 lundurn
934 1028 1045 1090 solum
1065 1028 1212 1091 babebit

57 1133 110 1191 ita
147 1132 265 1212 paret]
295 1136 435 1194 Fundum
462 1137 670 1196 suburbanum
703 1145 784 1196 reete
812 1134 975 1215 Iucundos,
1009 1137 1086 1197 sicut
1120 1155 1210 1215 snpra

59 1236 130 1317 t,1
166 1242 312 1319 scriptum
345 1249 392 1301 est
423 1243 453 1301 in
483 1241 574 1301 libris.
626 1260 693 1303 nam
722 1261 819 1322 neque
847 1242 979 1303 urbanus
1008 1242 1067 1303 dici
1094 1252 1211 1321 poterat

56 1346 174 1407 fundus
202 1351 254 1427 qui
282 1346 338 1408 sub
368 1346 442 1408 urbe
470 1356 529 1426 est,
558 1349 594 1407 de
623 1367 681 1427 quo
709 1366 818 1427 genere
846 1366 984 1426 agrorum
1013 1348 1085 1409 baec
1112 1351 1209 1409 ornuia

56 1455 299 1535 praecipiuntur,
322 1472 419 1534 neque
440 1455 476 1516 ad
496 1455 620 1515 fundum
639 1459 790 1535 pertinent
808 1474 842 1516 ea
862 1474 936 1535 quae
956 1455 992 1515 de
1014 1454 1079 1515 villa
1099 1458 1209 1534 scripta

55 1568 134 1620 suut
161 1579 187 1623 c.
209 1559 231 1621 4
259 1565 361 1622 uillam
387 1564 539 1623 urbanum
563 1581 623 1639 pro
651 1567 740 1640 eopia
768 1567 944 1637 aedificato,
972 1564 1051 1624 sicut
1079 1562 1209 1624 Victoria

56 1669 159 1729 risum
182 1676 236 1729 est.

153 1776 196 1835 IX
229 1774 272 1836 Et
304 1775 337 1835 id
370 1776 490 1837 ridete
524 1779 575 1838 uti
607 1786 667 1837 arrt
700 1776 837 1838 domum
868 1796 957 1857 opus
985 1780 1055 1839 siet
1083 1787 1143 1838 aut
1171 1786 1209 1838 nt

55 1882 218 1943 vendere
241 1881 372 1962 possit]
401 1884 442 1944 Et
469 1887 503 1944 id
528 1887 639 1957 videto,
667 1888 714 1944 uti
735 1893 789 1945 out
813 1888 916 1945 domui
937 1904 1011 1961 opus
1033 1887 1127 1959 siant,
1155 1893 1209 1945 out

56 1997 94 2048 ut
122 1993 228 2050 venire
252 1992 369 2066 possint
392 1979 517 2071 bierula',
545 1989 596 2051 ubi
623 1995 702 2052 sient
724 1990 876 2052 luenndus
904 1991 998 2070 dedit,
1025 1995 1143 2052 domum
1171 2010 1205 2052 ex

55 2095 223 2176 archetypo
247 2095 397 2158 Victorius
423 2099 552 2178 recepit,
581 2097 694 2176 reliqna
719 2117 754 2157 ex
779 2096 882 2159 Aldina
906 2098 1035 2158 editione
1060 2101 1206 2177 repetivit.

56 2206 108 2262 uti
133 2205 178 2263 od
199 2206 314 2264 domini
337 2222 412 2280 opus
434 2208 512 2265 sient
535 2208 633 2265 etuti
655 2207 759 2265 uenire
778 2208 896 2281 possint
917 2204 1114 2266 llottboellius
1137 2222 1205 2266 con-

56 2310 133 2370 iecit
162 2310 228 2371 coll.
248 2306 309 2390 t,1
340 2318 369 2370 et
396 2314 481 2386 liano
499 2320 528 2371 et
552 2315 658 2387 uirque
681 2315 785 2372 pertire
803 2320 931 2389 possunt
953 2322 982 2373 et
1005 2315 1124 2373 domino
1147 2316 1206 2372 erit

57 2420 117 2491 qui
142 2424 258 2479 ututur.
302 2420 442 2479 restituta
476 2418 601 2479 lectione
634 2418 787 2498 archetypi
819 2437 893 2496 opus
924 2422 981 2479 siet
1013 2427 1043 2478 et
1075 2421 1206 2478 vendere

55 2526 177 2599 poesim
199 2523 347 2604 reliquum
370 2535 434 2586 erat
457 2535 490 2585 ut
513 2524 698 2585 scriberetur
721 2534 749 2586 et
773 2527 807 2585 io
828 2528 926 2586 videto
949 2527 996 2585 uti
1013 2533 1068 2585 out
1086 2528 1205 2586 domino

57 2647 137 2706 opus
163 2634 221 2692 siet
247 2640 302 2693 eut
328 2639 361 2694 ut
389 2634 521 2693 vendere
544 2635 653 2710 possit:
686 2631 843 2692 videndum
873 2640 919 2692 est
945 2638 979 2691 ut
1007 2640 1058 2691 aut
1085 2631 1204 2693 domino

58 2735 221 2798 utilitatem
243 2737 385 2818 praebeat
408 2738 557 2819 salictum,
586 2739 614 2800 b.
634 2756 658 2799 e.
683 2738 719 2798 ad
743 2756 830 2799 ursum
854 2739 966 2798 domini
989 2738 1130 2820 subiciat,
1154 2747 1205 2799 ant

59 2852 95 2904 ut
128 2843 235 2906 babeat
262 2846 400 2907 dominus
428 2846 507 2925 quod
536 2846 663 2907 vendere
691 2847 794 2925 possit.
845 2863 911 2906 narn
940 2848 1059 2906 domum
1087 2847 1143 2924 sic,
1171 2855 1204 2906 nt

57 2951 228 3014 editoribus
254 2955 433 3033 cicumeat,
461 2962 494 3014 ut
518 2962 598 3014 esset
622 2949 672 3014 ‘ad
697 2952 893 3014 domesticum
917 2947 1030 3032 usum',
1058 2952 1115 3012 dici
1145 2971 1204 3012 non

57 3061 167 3138 potnit.
217 3079 291 3138 opus
324 3068 368 3122 est
399 3069 499 3121 autem
531 3060 567 3120 de
595 3059 737 3141 utilitate,
769 3078 829 3120 nnn
857 3060 894 3120 de
922 3061 1112 3136 necessitate,
1145 3060 1204 3119 dici

56 3166 325 3229 Reifferscheidius
361 3168 421 3229 ind.
454 3166 520 3228 lect.
553 3166 705 3228 Vratislar.
734 3186 758 3228 a.
790 3164 884 3228 1885.
917 3164 959 3228 86
992 3166 1204 3247 comprobavit,

57 3290 240 3353 quamquam
263 3293 322 3335 non
346 3274 439 3355 probo
463 3274 541 3354 quod
565 3273 634 3335 inde
658 3276 744 3354 sequi
762 3273 887 3354 volebat,
910 3273 946 3333 ab
966 3291 1022 3352 ope
1042 3274 1070 3334 id
1091 3275 1202 3334 dietnrn

57 3397 140 3461 esse,
163 3399 223 3442 non
246 3380 283 3442 ab
306 3400 405 3460 opere.
452 3380 579 3460 denique
604 3384 637 3442 id
658 3398 821 3460 pronomen
845 3388 911 3460 post
934 3379 1078 3458 pluralem
1103 3399 1203 3440 nume-

57 3504 127 3547 rum
150 3490 261 3548 salicto
284 3489 414 3567 positum
438 3496 492 3568 est,
516 3489 594 3548 sicut
618 3489 648 3547 in
672 3489 709 3548 iis
732 3504 808 3566 quae
832 3495 1000 3565 sequuntur
1017 3495 1111 3564 proto
1132 3490 1202 3546 irri-

54 3596 139 3668 aiva,
172 3596 201 3653 si
229 3612 340 3670 equom
367 3596 506 3668 nubebus,
539 3598 573 3655 id
596 3598 782 3672 potissimum
808 3593 920 3670 facito,
953 3594 1004 3656 ubi
1032 3598 1066 3655 id
1093 3594 1160 3654 inde
1190 3612 1206 3653 a

56 3698 292 3761 Comnreliniana
316 3701 445 3762 editione
470 3703 613 3761 omissum
636 3710 708 3763 erat.

147 3808 174 3867 X
197 3805 213 3867 l
244 3809 396 3880 Quomodo
419 3812 527 3870 oletum
547 3813 620 3885 apri
637 3813 747 3884 lupera
769 3810 876 3869 CCXL
895 3813 1048 3871 instruere
1068 3816 1206 3885 oporteat

55 3917 89 3976 lu
117 3932 208 3975 manu
237 3915 358 3993 scriptis
386 3913 470 3976 libris
498 3924 528 3976 et
555 3917 586 3976 in
614 3915 745 3976 editione
767 3915 889 3977 Victorii
918 3916 998 3977 tituli
1021 3914 1086 3975 loco
1110 3918 1204 3993 posita

56 4031 137 4083 sunt.
176 4026 272 4084 oleum
291 4023 321 4082 in
341 4021 440 4082 indice
459 4021 657 4103 capitulorum
676 4024 822 4103 scriptum
843 4032 915 4101 erat,
936 4026 1045 4083 oletum
1063 4020 1120 4080 boc
1140 4020 1204 4080 loco

55 4133 87 4191 in
120 4128 243 4190 rubrica
275 4127 386 4190 babent
415 4136 554 4209 excerpta
582 4127 719 4189 Politiani
748 4139 777 4189 et
805 4127 980 4207 apographa.
1018 4130 1062 4188 ‘in
1091 4136 1204 4187 textum

57 4236 148 4297 verba
172 4237 288 4314 recepit
311 4235 522 4318 Schneiderus,
546 4237 597 4297 sed
622 4240 762 4312 luporum
786 4236 915 4313 scripsit
966 4236 1109 4297 olivetum
1133 4237 1206 4310 apri

57 4346 260 4404 ducentorum
292 4345 501 4420 quadruplata
528 4347 668 4419 iuuerunt
695 4345 811 4405 dobere
838 4350 955 4420 oportet
981 4345 1112 4403 villicum
1140 4362 1202 4420 sqq.

57 4449 182 4511 dederat
196 4448 356 4511 iucundus.
388 4452 525 4513 similiter
539 4450 638 4534 verba,
657 4469 732 4530 quae
748 4450 817 4512 olim
833 4452 863 4513 in
877 4452 963 4512 initio
977 4459 1204 4530 praeceptorum
