2874 4994
303 305 353 360 DE
371 304 460 360 AGRI
480 304 652 360 ovtuvnt
672 305 812 360 LIBRVM
832 304 860 361 0.
877 305 961 362 5-t3
1165 298 1205 362 21

56 464 232 540 numinum
259 460 337 540 apud
361 459 523 522 Varronem
546 479 570 521 r.
589 479 613 522 r.
633 458 778 542 114,1t,
805 460 856 522 uhi
876 464 1027 539 plostrum
1051 463 1081 521 in
1105 461 1207 523 arche·

59 578 129 648 typo
150 570 297 648 scriptum
317 575 389 647 erat,
408 575 438 629 et
456 567 535 648 apud
550 566 675 628 Gellium
695 564 858 648 1122,29.
891 569 970 628 item
983 565 1033 649 13,
1048 566 1069 629 2
1088 573 1208 631 clastris

59 684 89 735 et
109 671 221 754 13⁵,2
240 678 363 755 clostra,
382 671 426 737 55
444 683 474 736 et
495 672 560 737 130
578 678 741 737 codicillos.
776 677 876 736 minus
895 683 976 736 certa
995 684 1040 737 est
1059 679 1207 755 scriptura

59 784 89 843 in
113 781 180 848 aliis
205 781 338 843 eiusdem
360 783 478 861 generis
497 782 677 861 nominibus,
700 780 788 863 33,4
807 790 837 842 et
857 779 940 860 tol
962 786 1074 857 caules,
1102 779 1172 860 157,
1190 781 1206 843 1

58 893 163 964 caule,
199 885 311 969 157,2
339 891 492 964 caulibus,
520 886 611 970 35,2
640 893 720 951 coles
746 893 873 970 rapicii,
907 886 1018 967 158,1
1047 893 1208 951 coliculus:

60 995 88 1078 l,
103 994 133 1059 2.
162 992 235 1075 156,
250 993 280 1056 2.
306 992 411 1077 158,1
438 999 497 1058 olla
521 1004 551 1057 et
574 1000 672 1070 ollam,
696 992 747 1058 81.
772 992 824 1057 85.
842 993 893 1057 86.
919 992 1027 1076 tuto
1052 1000 1155 1058 aulam
1178 1006 1208 1057 et

57 1105 208 1181 genainata
236 1107 249 1165 l
274 1102 371 1164 littera
399 1100 492 1184 52,1
523 1107 623 1165 oullas
650 1111 680 1163 et
707 1104 806 1163 minus
829 1111 911 1163 certo
935 1099 977 1164 st
1002 1107 1128 1178 aullom,
1157 1102 1207 1163 ubi

57 1214 164 1272 aulam
192 1211 291 1270 estin
315 1210 506 1290 apographis,
533 1214 623 1272 ollam
645 1212 676 1270 in
699 1211 835 1289 principe
859 1209 997 1271 editione.
1044 1228 1080 1270 ex
1103 1209 1207 1270 eodem

57 1336 170 1398 genere
195 1326 267 1379 sunt
291 1314 382 1396 tun
405 1319 544 1379 labellum
564 1321 709 1395 pollulum
733 1326 763 1378 et
785 1314 875 1398 21,3
899 1321 1056 1378 lamminas
1077 1320 1207 1394 pollutos

57 1421 124 1505 8,2
150 1429 262 1486 lorcam
284 1440 339 1501 pro
363 1427 461 1504 lauro,
485 1420 527 1484 66
551 1425 669 1485 deorito
691 1441 746 1502 pro
770 1425 940 1484 deliaarito.

152 1529 169 1592 7
195 1530 277 1591 Nam
300 1547 359 1590 res
382 1531 520 1590 rustica
544 1531 596 1590 sic
619 1538 674 1590 est
698 1531 853 1589 sinnam
877 1548 949 1590 cern
973 1548 1053 1590 sero
1074 1530 1207 1591 leceris

57 1639 176 1699 omnia
200 1655 307 1716 opera
332 1655 411 1697 sero
436 1635 561 1713 iacies]
591 1635 716 1696 Versum
744 1634 960 1714 proverbialem
988 1638 1019 1696 in
1048 1646 1206 1718 praecepto

56 1745 181 1807 Catonis
208 1745 300 1806 latere
324 1746 451 1805 coniecit
473 1744 598 1804 Crusius
623 1762 699 1803 mus.
719 1742 812 1805 Rham
831 1760 855 1802 a.
877 1737 963 1804 1892
982 1762 1010 1822 p.
1030 1740 1082 1824 65,
1105 1748 1206 1806 omnia

56 1872 155 1932 opera
179 1871 248 1914 sero
269 1851 378 1928 socies,
403 1855 432 1921 si
453 1869 546 1913 unum
568 1868 637 1911 sero
657 1850 781 1926 seceris.

149 1956 170 2022 8
194 1959 344 2020 Stercus
372 1957 496 2018 sedulo
520 1976 697 2018 conserua
720 1975 798 2018 cum
821 1956 1030 2036 exportabis
1054 1968 1206 2038 purgato

56 2078 92 2130 et
116 2064 363 2143 comminuite]
392 2067 465 2126 Cum
484 2069 695 2143 exportaveris
713 2069 850 2143 sparoito
870 2064 1030 2145 iucundus,
1054 2064 1206 2146 archetypi

56 2175 218 2236 lectionem
237 2172 385 2234 Victorius
403 2174 544 2234 restituit.
580 2175 717 2249 sparoito
736 2190 771 2232 ex
787 2170 890 2232 Aldina
909 2172 1038 2232 editione
1056 2171 1206 2232 Gesnerus

55 2289 88 2343 et
122 2279 325 2342 Schneiderus
357 2289 549 2359 receperunt,
586 2281 725 2358 quoniam
759 2281 895 2357 purgatio
928 2279 963 2338 ad
997 2290 1113 2339 stercus
1147 2298 1205 2339 non

55 2391 232 2469 pertineret.
273 2396 396 2466 apparet
424 2395 521 2447 tamon
550 2404 608 2446 non
636 2386 673 2446 de
701 2393 834 2446 stercore
862 2387 893 2445 in
921 2403 1024 2464 agrum
1054 2384 1206 2446 evehendo

55 2496 131 2557 haec
161 2496 308 2574 praecipi,
340 2492 392 2553 sed
421 2491 457 2552 de
486 2490 638 2552 stercilino
666 2490 814 2571 iaciendo,
842 2490 878 2551 de
906 2510 965 2570 quo
994 2488 1067 2572 2,3
1095 2493 1205 2571 scripta

56 2611 144 2664 eraut
167 2602 254 2682 haec,
281 2609 400 2662 stercus
420 2598 509 2675 soros
531 2599 652 2674 efferri,
678 2601 867 2659 stercilinum
887 2601 968 2672 fieri.
1014 2600 1113 2678 itaque
1137 2618 1206 2659 omn

55 2729 92 2771 ex
127 2707 253 2769 stabulis
283 2716 400 2768 stercus
428 2713 614 2786 exportatur,
647 2704 683 2765 ab
711 2704 814 2764 alienis
842 2703 933 2764 rebus
961 2705 1147 2784 purgandum
1176 2714 1206 2766 et

54 2815 320 2879 comminuendum
353 2823 411 2893 est,
448 2821 482 2873 ut
514 2811 698 2873 stercilinum
731 2812 795 2892 liat,
832 2811 911 2872 unde
943 2830 998 2890 per
1030 2823 1206 2873 autumnum

54 2923 209 2985 evehatur.
688 2906 691 2913 ’
902 2998 909 3011 ¹

146 3029 232 3092 Post
257 3027 404 3090 imbrem
429 3010 652 3106 autumnum]
676 3029 833 3088 Auctunni
854 3024 980 3106 Merula,
1007 3029 1147 3087 autumni
1169 3045 1205 3085 en

53 3138 163 3200 Aldma
186 3136 317 3198 editione
340 3145 494 3214 receptum
516 3143 588 3195 erat
621 3142 690 3211 post
708 3135 833 3195 imbrem
852 3122 1028 3194 autumnum
1048 3152 1083 3193 ex
1103 3134 1205 3194 arche·

55 3257 127 3326 typo
149 3245 277 3323 restitui,
301 3244 387 3304 cuius
405 3243 523 3320 generis
542 3240 684 3322 exempla,
708 3238 867 3319 inquibus
887 3248 1049 3301 autumnus
1068 3239 1204 3300 adiectivi

54 3353 122 3413 loeo
142 3370 210 3412 cum
230 3349 295 3410 aliis
315 3347 484 3409 nominibus
504 3349 700 3426 compositum
718 3354 772 3427 est,
792 3344 932 3405 Heinsius
947 3348 977 3404 in
991 3344 1073 3406 ovio.
1089 3354 1204 3406 metam.

55 3459 97 3520 111
127 3455 192 3521 ’129
226 3465 255 3517 et
288 3456 454 3516 Gronovius
482 3453 597 3515 observ.
620 3451 651 3534 3,
669 3450 713 3514 24
737 3471 764 3532 p.
783 3449 848 3514 503
872 3451 916 3512 ed.
941 3450 1019 3530 Lips.
1050 3452 1204 3512 dederunt.

55 3566 195 3627 similiter
228 3562 305 3642 apud
339 3561 501 3622 Varronem
530 3580 553 3622 r.
582 3578 606 3621 r.
630 3559 670 3620 111
697 3556 786 3641 16,3
819 3564 948 3621 alteram
982 3563 1205 3634 aequinoctium

54 3681 235 3735 autumnum
258 3670 314 3731 luit
333 3671 365 3730 in
384 3669 554 3748 archetypo,
577 3667 629 3729 ubi
648 3669 720 3728 item
739 3670 878 3728 autumni
895 3666 1025 3727 editores
1044 3665 1204 3745 dederunt,

53 3780 109 3841 sed
138 3778 181 3839 ibi
208 3785 399 3851 autumnum,
427 3774 505 3855 quod
534 3774 571 3836 ab
599 3777 776 3853 interprete,
804 3781 838 3834 ut
865 3772 995 3852 videtur,
1023 3772 1205 3850 adscriptum

53 3896 129 3968 erat,
154 3884 259 3946 delevi.

146 3991 227 4052 Vll
259 3989 295 4051 ln
325 4008 409 4069 agro
437 4007 559 4050 crasso
587 3997 622 4049 et
649 3987 750 4048 caldo
774 3986 851 4066 sqq]
881 3984 955 4045 Plin.
976 3982 1026 4043 XV
1045 3982 1089 4045 20
1118 3988 1205 4046 Nunc

59 4105 204 4164 dicentur
226 4099 348 4160 Catonis
366 4100 486 4175 placita
510 4099 548 4158 de
568 4099 661 4158 oliot's.
700 4098 731 4156 in
750 4096 850 4155 calido
869 4087 915 4174 (in
934 4093 1093 4153 concalido
1112 4091 1205 4151 codex

57 4197 255 4288 Lavantinus)
275 4212 304 4266 et
319 4206 431 4281 pinoui
442 4206 505 4263 solo
520 4205 642 4264 radium
661 4204 816 4274 maiorem,
830 4201 1031 4278 sallentinam,
1050 4198 1205 4276 architem,

55 4319 186 4394 postam,
215 4315 404 4393 sermionem,
432 4313 647 4388 cominianam,
671 4310 838 4369 albiceram
860 4308 925 4366 seri
947 4306 1030 4366 iubet
1051 4307 1206 4379 adicitque

58 4424 214 4500 sincalori
226 4421 403 4497 prudentia,
426 4434 516 4493 quam
536 4432 642 4477 eorum
662 4417 693 4476 in
713 4417 751 4475 iis
769 4416 843 4475 locis
862 4415 1003 4488 optimam
1021 4430 1086 4473 esse
1105 4413 1206 4472 dicent
