<?xml version="1.0" encoding="UTF-8"?>
<!DOCTYPE html PUBLIC "-//W3C//DTD XHTML 1.0 Transitional//EN"
    "http://www.w3.org/TR/xhtml1/DTD/xhtml1-transitional.dtd">
<html xmlns="http://www.w3.org/1999/xhtml" xml:lang="en" lang="en">
 <head>
  <title>
</title>
<meta http-equiv="Content-Type" content="text/html;charset=utf-8" />
  <meta name='ocr-system' content='tesseract 3.04.00' />
  <meta name='ocr-capabilities' content='ocr_page ocr_carea ocr_par ocr_line ocrx_word'/>
</head>
<body>
  <div class='ocr_page' id='page_1' title='image "./mporcicatonisde00keilgoog_0187.png"; bbox 0 0 2874 4994; ppageno 0'>
   <div class='ocr_carea' id='block_1_1' title="bbox 224 107 1011 173">
    <p class='ocr_par' dir='ltr' id='par_1_1' title="bbox 224 107 1011 173">
     <span class='ocr_line' id='line_1_1' title="bbox 224 107 1011 173; baseline -0.004 0"><span class='ocrx_word' id='word_1_1' title='bbox 224 107 289 173; x_wconf 90' lang='grc'>166</span> <span class='ocrx_word' id='word_1_2' title='bbox 584 115 775 172; x_wconf 80' lang='lat' dir='ltr'>COMMENT.</span> <span class='ocrx_word' id='word_1_3' title='bbox 794 116 834 170; x_wconf 87' lang='lat' dir='ltr'>IN</span> <span class='ocrx_word' id='word_1_4' title='bbox 854 114 1011 170; x_wconf 79' lang='lat' dir='ltr'>CATONIS</span> 
     </span>
    </p>
   </div>
   <div class='ocr_carea' id='block_1_2' title="bbox 223 266 1413 1849">
    <p class='ocr_par' dir='ltr' id='par_1_2' title="bbox 223 266 1368 351">
     <span class='ocr_line' id='line_1_2' title="bbox 223 266 1368 351; baseline -0.003 -18"><span class='ocrx_word' id='word_1_5' title='bbox 223 279 257 333; x_wconf 92' lang='lat' dir='ltr'>et</span> <span class='ocrx_word' id='word_1_6' title='bbox 280 278 314 333; x_wconf 94' lang='lat' dir='ltr'>at</span> <span class='ocrx_word' id='word_1_7' title='bbox 338 289 509 332; x_wconf 88' lang='lat' dir='ltr'>summum</span> <span class='ocrx_word' id='word_1_8' title='bbox 533 289 599 351; x_wconf 89' lang='lat' dir='ltr'>qua</span> <span class='ocrx_word' id='word_1_9' title='bbox 623 271 691 331; x_wconf 88' lang='lat' dir='ltr'>lini</span> <span class='ocrx_word' id='word_1_10' title='bbox 715 271 870 332; x_wconf 88' lang='lat' dir='ltr'>culleum</span> <span class='ocrx_word' id='word_1_11' title='bbox 889 272 1008 351; x_wconf 77' lang='lat' dir='ltr'>capiet</span> <span class='ocrx_word' id='word_1_12' title='bbox 1027 266 1252 350; x_wconf 84' lang='lat' dir='ltr'>pertundite]</span> <span class='ocrx_word' id='word_1_13' title='bbox 1274 269 1368 346; x_wconf 86' lang='lat' dir='ltr'>Optu—</span> 
     </span>
    </p>

    <p class='ocr_par' dir='ltr' id='par_1_3' title="bbox 223 375 1374 462">
     <span class='ocr_line' id='line_1_3' title="bbox 223 375 1374 462; baseline -0.002 -23"><span class='ocrx_word' id='word_1_14' title='bbox 223 383 295 440; x_wconf 82' lang='lat' dir='ltr'>rori</span> <span class='ocrx_word' id='word_1_15' title='bbox 316 386 417 440; x_wconf 78' lang='lat' dir='ltr'><em>erecte</em></span> <span class='ocrx_word' id='word_1_16' title='bbox 441 378 486 438; x_wconf 86' lang='lat' dir='ltr'>vel</span> <span class='ocrx_word' id='word_1_17' title='bbox 509 387 592 440; x_wconf 86' lang='lat' dir='ltr'>crete</span> <span class='ocrx_word' id='word_1_18' title='bbox 615 381 726 457; x_wconf 90' lang='lat' dir='ltr'>optima</span> <span class='ocrx_word' id='word_1_19' title='bbox 750 379 928 462; x_wconf 81' lang='lat' dir='ltr'>apographa,</span> <span class='ocrx_word' id='word_1_20' title='bbox 953 380 1097 440; x_wconf 79' lang='lat' dir='ltr'>obturari</span> <span class='ocrx_word' id='word_1_21' title='bbox 1117 384 1148 438; x_wconf 81' lang='lat' dir='ltr'>et</span> <span class='ocrx_word' id='word_1_22' title='bbox 1168 382 1254 438; x_wconf 84' lang='lat' dir='ltr'>recle</span> <span class='ocrx_word' id='word_1_23' title='bbox 1273 375 1374 437; x_wconf 76' lang='lat' dir='ltr'>code:</span> 
     </span>
    </p>

    <p class='ocr_par' dir='ltr' id='par_1_4' title="bbox 223 483 1397 886">
     <span class='ocr_line' id='line_1_4' title="bbox 224 483 1380 567; baseline -0.003 -22"><span class='ocrx_word' id='word_1_24' title='bbox 224 484 375 547; x_wconf 83' lang='lat' dir='ltr'>Medioeus</span> <span class='ocrx_word' id='word_1_25' title='bbox 403 504 446 567; x_wconf 91' lang='lat' dir='ltr'>m,</span> <span class='ocrx_word' id='word_1_26' title='bbox 474 487 651 547; x_wconf 80' lang='lat' dir='ltr'>obturarier</span> <span class='ocrx_word' id='word_1_27' title='bbox 679 489 738 546; x_wconf 84' lang='lat' dir='ltr'>rltc</span> <span class='ocrx_word' id='word_1_28' title='bbox 761 484 887 566; x_wconf 83' lang='lat' dir='ltr'>Merula,</span> <span class='ocrx_word' id='word_1_29' title='bbox 915 485 967 546; x_wconf 90' lang='lat' dir='ltr'>ubi</span> <span class='ocrx_word' id='word_1_30' title='bbox 990 484 1154 545; x_wconf 90' lang='lat' dir='ltr'>Politianus</span> <span class='ocrx_word' id='word_1_31' title='bbox 1178 483 1211 543; x_wconf 87' lang='lat' dir='ltr'>ln</span> <span class='ocrx_word' id='word_1_32' title='bbox 1233 483 1380 564; x_wconf 68' lang='lat' dir='ltr'>principe</span> 
     </span>
     <span class='ocr_line' id='line_1_5' title="bbox 223 589 1386 671; baseline -0.001 -19"><span class='ocrx_word' id='word_1_33' title='bbox 223 592 352 652; x_wconf 83' lang='lat' dir='ltr'>editione</span> <span class='ocrx_word' id='word_1_34' title='bbox 385 610 421 668; x_wconf 83' lang='lat' dir='ltr'>op</span> <span class='ocrx_word' id='word_1_35' title='bbox 455 609 509 670; x_wconf 90' lang='lat' dir='ltr'>pro</span> <span class='ocrx_word' id='word_1_36' title='bbox 542 593 579 652; x_wconf 82' lang='lat' dir='ltr'>ob</span> <span class='ocrx_word' id='word_1_37' title='bbox 613 600 643 651; x_wconf 88' lang='lat' dir='ltr'>et</span> <span class='ocrx_word' id='word_1_38' title='bbox 673 599 757 653; x_wconf 86' lang='lat' dir='ltr'>recte</span> <span class='ocrx_word' id='word_1_39' title='bbox 785 611 839 671; x_wconf 90' lang='lat' dir='ltr'>pro</span> <span class='ocrx_word' id='word_1_40' title='bbox 867 596 927 653; x_wconf 81' lang='lat' dir='ltr'>rite</span> <span class='ocrx_word' id='word_1_41' title='bbox 954 610 970 651; x_wconf 90' lang='lat' dir='ltr'>e</span> <span class='ocrx_word' id='word_1_42' title='bbox 998 591 1102 652; x_wconf 88' lang='lat' dir='ltr'>codice</span> <span class='ocrx_word' id='word_1_43' title='bbox 1130 589 1286 651; x_wconf 75' lang='lat' dir='ltr'>adnotavit</span> <span class='ocrx_word' id='word_1_44' title='bbox 1326 590 1386 651; x_wconf 81' lang='grc' dir='ltr'>ἱιι</span> 
     </span>
     <span class='ocr_line' id='line_1_6' title="bbox 223 698 1397 779; baseline -0.003 -18"><span class='ocrx_word' id='word_1_45' title='bbox 223 700 382 779; x_wconf 78' lang='lat' dir='ltr'>archetypo</span> <span class='ocrx_word' id='word_1_46' title='bbox 408 699 525 759; x_wconf 84' lang='lat' dir='ltr'>videtur</span> <span class='ocrx_word' id='word_1_47' title='bbox 544 702 688 774; x_wconf 81' lang='lat' dir='ltr'>oplnreri</span> <span class='ocrx_word' id='word_1_48' title='bbox 705 707 806 760; x_wconf 84' lang='lat' dir='ltr'>erecte</span> <span class='ocrx_word' id='word_1_49' title='bbox 825 701 970 778; x_wconf 88' lang='lat' dir='ltr'>scriptum</span> <span class='ocrx_word' id='word_1_50' title='bbox 990 699 1091 758; x_wconf 88' lang='lat' dir='ltr'>luisse.</span> <span class='ocrx_word' id='word_1_51' title='bbox 1128 701 1177 759; x_wconf 78' lang='lat' dir='ltr'>uti</span> <span class='ocrx_word' id='word_1_52' title='bbox 1193 698 1397 759; x_wconf 67' lang='lat' dir='ltr'>obtereret-</span> 
     </span>
     <span class='ocr_line' id='line_1_7' title="bbox 224 805 1185 886; baseline -0.004 -17"><span class='ocrx_word' id='word_1_53' title='bbox 224 816 307 869; x_wconf 86' lang='lat' dir='ltr'>recte</span> <span class='ocrx_word' id='word_1_54' title='bbox 327 810 475 884; x_wconf 78' lang='lat' dir='ltr'>poscitur,</span> <span class='ocrx_word' id='word_1_55' title='bbox 499 807 543 865; x_wconf 83' lang='lat' dir='ltr'>ud</span> <span class='ocrx_word' id='word_1_56' title='bbox 564 824 711 867; x_wconf 85' lang='lat' dir='ltr'>summum</span> <span class='ocrx_word' id='word_1_57' title='bbox 734 823 799 886; x_wconf 87' lang='lat' dir='ltr'><strong>sqq.</strong></span> <span class='ocrx_word' id='word_1_58' title='bbox 823 805 1025 867; x_wconf 88' lang='lat' dir='ltr'>Schneiderus</span> <span class='ocrx_word' id='word_1_59' title='bbox 1048 806 1185 867; x_wconf 89' lang='lat' dir='ltr'>coniecit.</span> 
     </span>
    </p>

    <p class='ocr_par' dir='ltr' id='par_1_5' title="bbox 224 912 1413 1849">
     <span class='ocr_line' id='line_1_8' title="bbox 312 912 1400 992; baseline -0.001 -19"><span class='ocrx_word' id='word_1_60' title='bbox 312 913 349 973; x_wconf 93' lang='lat' dir='ltr'>ld</span> <span class='ocrx_word' id='word_1_61' title='bbox 382 916 416 974; x_wconf 90' lang='lat' dir='ltr'>in</span> <span class='ocrx_word' id='word_1_62' title='bbox 450 921 622 991; x_wconf 82' lang='lat' dir='ltr'>suggestu</span> <span class='ocrx_word' id='word_1_63' title='bbox 655 915 750 973; x_wconf 88' lang='lat' dir='ltr'>inter</span> <span class='ocrx_word' id='word_1_64' title='bbox 783 912 876 973; x_wconf 93' lang='lat' dir='ltr'>dolia</span> <span class='ocrx_word' id='word_1_65' title='bbox 909 915 1066 992; x_wconf 90' lang='lat' dir='ltr'>positum</span> <span class='ocrx_word' id='word_1_66' title='bbox 1093 912 1226 974; x_wconf 86' lang='lat' dir='ltr'>habeto</span> <span class='ocrx_word' id='word_1_67' title='bbox 1253 912 1304 974; x_wconf 87' lang='lat' dir='ltr'>nti</span> <span class='ocrx_word' id='word_1_68' title='bbox 1326 912 1400 972; x_wconf 76' lang='lat' dir='ltr'>lm</span> 
     </span>
     <span class='ocr_line' id='line_1_9' title="bbox 224 1015 1406 1099; baseline -0.003 -17"><span class='ocrx_word' id='word_1_69' title='bbox 224 1021 378 1083; x_wconf 91' lang='lat' dir='ltr'>culleum</span> <span class='ocrx_word' id='word_1_70' title='bbox 407 1020 621 1081; x_wconf 88' lang='lat' dir='ltr'>decouinnm</span> <span class='ocrx_word' id='word_1_71' title='bbox 650 1020 758 1080; x_wconf 91' lang='lat' dir='ltr'>salire</span> <span class='ocrx_word' id='word_1_72' title='bbox 788 1022 904 1099; x_wconf 87' lang='lat' dir='ltr'>possit</span> <span class='ocrx_word' id='word_1_73' title='bbox 932 1020 965 1080; x_wconf 92' lang='lat' dir='ltr'>id</span> <span class='ocrx_word' id='word_1_74' title='bbox 991 1019 1139 1099; x_wconf 85' lang='lat' dir='ltr'>impleto</span> <span class='ocrx_word' id='word_1_75' title='bbox 1164 1027 1287 1098; x_wconf 87' lang='lat' dir='ltr'>postca</span> <span class='ocrx_word' id='word_1_76' title='bbox 1307 1015 1406 1078; x_wconf 80' lang='lat' dir='ltr'>olr-</span> 
     </span>
     <span class='ocr_line' id='line_1_10' title="bbox 224 1122 1413 1207; baseline -0.005 -17"><span class='ocrx_word' id='word_1_77' title='bbox 224 1127 359 1207; x_wconf 91' lang='lat' dir='ltr'>turato]</span> <span class='ocrx_word' id='word_1_78' title='bbox 390 1129 439 1189; x_wconf 80' lang='lat' dir='ltr'>Uti</span> <span class='ocrx_word' id='word_1_79' title='bbox 464 1130 522 1188; x_wconf 81' lang='lat' dir='ltr'>doc</span> <span class='ocrx_word' id='word_1_80' title='bbox 551 1131 581 1187; x_wconf 83' lang='lat' dir='ltr'>in</span> <span class='ocrx_word' id='word_1_81' title='bbox 610 1131 728 1188; x_wconf 85' lang='lat' dir='ltr'>culeum</span> <span class='ocrx_word' id='word_1_82' title='bbox 757 1130 795 1189; x_wconf 91' lang='lat' dir='ltr'>de</span> <span class='ocrx_word' id='word_1_83' title='bbox 822 1147 859 1189; x_wconf 82' lang='lat' dir='ltr'>ea</span> <span class='ocrx_word' id='word_1_84' title='bbox 887 1131 988 1189; x_wconf 80' lang='lat' dir='ltr'>vicum</span> <span class='ocrx_word' id='word_1_85' title='bbox 1015 1131 1110 1188; x_wconf 81' lang='lat' dir='ltr'>salire</span> <span class='ocrx_word' id='word_1_86' title='bbox 1132 1129 1229 1203; x_wconf 82' lang='lat' dir='ltr'>possit</span> <span class='ocrx_word' id='word_1_87' title='bbox 1251 1122 1413 1207; x_wconf 66' lang='lat' dir='ltr'>demin,</span> 
     </span>
     <span class='ocr_line' id='line_1_11' title="bbox 225 1233 1410 1314; baseline -0.003 -18"><span class='ocrx_word' id='word_1_88' title='bbox 225 1234 277 1296; x_wconf 90' lang='lat' dir='ltr'>uhi</span> <span class='ocrx_word' id='word_1_89' title='bbox 301 1234 464 1295; x_wconf 89' lang='lat' dir='ltr'>Politianos</span> <span class='ocrx_word' id='word_1_90' title='bbox 487 1237 558 1309; x_wconf 77' lang='lat' dir='ltr'>ltoc,</span> <span class='ocrx_word' id='word_1_91' title='bbox 586 1233 664 1312; x_wconf 88' lang='lat' dir='ltr'>quod</span> <span class='ocrx_word' id='word_1_92' title='bbox 693 1237 723 1294; x_wconf 94' lang='lat' dir='ltr'>in</span> <span class='ocrx_word' id='word_1_93' title='bbox 748 1233 925 1314; x_wconf 82' lang='lat' dir='ltr'>apographis</span> <span class='ocrx_word' id='word_1_94' title='bbox 949 1252 1007 1294; x_wconf 91' lang='lat' dir='ltr'>non</span> <span class='ocrx_word' id='word_1_95' title='bbox 1031 1233 1153 1314; x_wconf 85' lang='lat' dir='ltr'>legitur,</span> <span class='ocrx_word' id='word_1_96' title='bbox 1182 1234 1214 1293; x_wconf 89' lang='lat' dir='ltr'>iu</span> <span class='ocrx_word' id='word_1_97' title='bbox 1238 1233 1410 1313; x_wconf 76' lang='lat' dir='ltr'>principe</span> 
     </span>
     <span class='ocr_line' id='line_1_12' title="bbox 225 1337 1410 1420; baseline -0.003 -18"><span class='ocrx_word' id='word_1_98' title='bbox 225 1342 354 1402; x_wconf 87' lang='lat' dir='ltr'>editione</span> <span class='ocrx_word' id='word_1_99' title='bbox 379 1360 437 1403; x_wconf 91' lang='lat' dir='ltr'>non</span> <span class='ocrx_word' id='word_1_100' title='bbox 461 1341 578 1420; x_wconf 88' lang='lat' dir='ltr'>delevit,</span> <span class='ocrx_word' id='word_1_101' title='bbox 601 1341 708 1401; x_wconf 89' lang='lat' dir='ltr'>deinde</span> <span class='ocrx_word' id='word_1_102' title='bbox 733 1344 922 1418; x_wconf 81' lang='lat' dir='ltr'>decouinum,</span> <span class='ocrx_word' id='word_1_103' title='bbox 946 1359 1005 1401; x_wconf 90' lang='lat' dir='ltr'>non</span> <span class='ocrx_word' id='word_1_104' title='bbox 1029 1343 1222 1420; x_wconf 81' lang='lat' dir='ltr'>derouinum,</span> <span class='ocrx_word' id='word_1_105' title='bbox 1244 1347 1279 1401; x_wconf 91' lang='lat' dir='ltr'>ut</span> <span class='ocrx_word' id='word_1_106' title='bbox 1299 1337 1410 1399; x_wconf 76' lang='lat' dir='ltr'>Ges-</span> 
     </span>
     <span class='ocr_line' id='line_1_13' title="bbox 225 1445 1411 1529; baseline -0.003 -19"><span class='ocrx_word' id='word_1_107' title='bbox 225 1468 317 1510; x_wconf 84' lang='lat' dir='ltr'>nerus</span> <span class='ocrx_word' id='word_1_108' title='bbox 345 1451 398 1529; x_wconf 91' lang='lat' dir='ltr'>ait,</span> <span class='ocrx_word' id='word_1_109' title='bbox 427 1468 443 1509; x_wconf 90' lang='lat' dir='ltr'>e</span> <span class='ocrx_word' id='word_1_110' title='bbox 472 1448 572 1508; x_wconf 88' lang='lat' dir='ltr'>codice</span> <span class='ocrx_word' id='word_1_111' title='bbox 602 1447 752 1508; x_wconf 88' lang='lat' dir='ltr'>adnotavit</span> <span class='ocrx_word' id='word_1_112' title='bbox 775 1457 805 1509; x_wconf 88' lang='lat' dir='ltr'>et</span> <span class='ocrx_word' id='word_1_113' title='bbox 828 1466 919 1527; x_wconf 89' lang='lat' dir='ltr'>super</span> <span class='ocrx_word' id='word_1_114' title='bbox 942 1467 978 1510; x_wconf 88' lang='lat' dir='ltr'>co</span> <span class='ocrx_word' id='word_1_115' title='bbox 1002 1448 1094 1509; x_wconf 90' lang='lat' dir='ltr'>rubro</span> <span class='ocrx_word' id='word_1_116' title='bbox 1117 1445 1219 1508; x_wconf 90' lang='lat' dir='ltr'>colore</span> <span class='ocrx_word' id='word_1_117' title='bbox 1241 1464 1300 1521; x_wconf 76' lang='lat' dir='ltr'>quo</span> <span class='ocrx_word' id='word_1_118' title='bbox 1319 1445 1411 1506; x_wconf 77' lang='lat' dir='ltr'>at!-</span> 
     </span>
     <span class='ocr_line' id='line_1_14' title="bbox 227 1554 1411 1634; baseline -0.001 -19"><span class='ocrx_word' id='word_1_119' title='bbox 227 1557 356 1634; x_wconf 86' lang='lat' dir='ltr'>scripsit.</span> <span class='ocrx_word' id='word_1_120' title='bbox 403 1558 441 1616; x_wconf 86' lang='lat' dir='ltr'>de</span> <span class='ocrx_word' id='word_1_121' title='bbox 467 1573 526 1631; x_wconf 82' lang='lat' dir='ltr'>quo</span> <span class='ocrx_word' id='word_1_122' title='bbox 550 1558 654 1615; x_wconf 82' lang='lat' dir='ltr'>uinum</span> <span class='ocrx_word' id='word_1_123' title='bbox 677 1554 770 1615; x_wconf 82' lang='lat' dir='ltr'>codex</span> <span class='ocrx_word' id='word_1_124' title='bbox 795 1554 945 1616; x_wconf 89' lang='lat' dir='ltr'>lllediceus</span> <span class='ocrx_word' id='word_1_125' title='bbox 968 1573 1006 1616; x_wconf 91' lang='lat' dir='ltr'>m.</span> <span class='ocrx_word' id='word_1_126' title='bbox 1052 1558 1099 1616; x_wconf 83' lang='lat' dir='ltr'>uti</span> <span class='ocrx_word' id='word_1_127' title='bbox 1127 1558 1158 1615; x_wconf 80' lang='lat' dir='ltr'>lc</span> <span class='ocrx_word' id='word_1_128' title='bbox 1181 1557 1310 1615; x_wconf 71' lang='lat' dir='ltr'>culleum</span> <span class='ocrx_word' id='word_1_129' title='bbox 1330 1555 1411 1614; x_wconf 71' lang='lat' dir='ltr'>tle</span> 
     </span>
     <span class='ocr_line' id='line_1_15' title="bbox 226 1661 1407 1741; baseline -0.003 -17"><span class='ocrx_word' id='word_1_130' title='bbox 226 1682 286 1739; x_wconf 82' lang='lat' dir='ltr'>quc</span> <span class='ocrx_word' id='word_1_131' title='bbox 318 1666 419 1723; x_wconf 60' lang='lat' dir='ltr'>atinum</span> <span class='ocrx_word' id='word_1_132' title='bbox 451 1665 546 1723; x_wconf 79' lang='lat' dir='ltr'>salire</span> <span class='ocrx_word' id='word_1_133' title='bbox 573 1665 669 1739; x_wconf 80' lang='lat' dir='ltr'>possit</span> <span class='ocrx_word' id='word_1_134' title='bbox 697 1661 853 1723; x_wconf 87' lang='lat' dir='ltr'>Victorius.</span> <span class='ocrx_word' id='word_1_135' title='bbox 903 1669 984 1723; x_wconf 87' lang='lat' dir='ltr'>certa</span> <span class='ocrx_word' id='word_1_136' title='bbox 1017 1661 1186 1723; x_wconf 85' lang='lat' dir='ltr'>emendatio</span> <span class='ocrx_word' id='word_1_137' title='bbox 1214 1667 1407 1741; x_wconf 69' lang='lat' dir='ltr'>corruptae</span> 
     </span>
     <span class='ocr_line' id='line_1_16' title="bbox 226 1771 1408 1849; baseline -0.001 -19"><span class='ocrx_word' id='word_1_138' title='bbox 226 1772 392 1849; x_wconf 81' lang='lat' dir='ltr'>scripturae</span> <span class='ocrx_word' id='word_1_139' title='bbox 421 1771 540 1829; x_wconf 88' lang='lat' dir='ltr'>inventa</span> <span class='ocrx_word' id='word_1_140' title='bbox 569 1787 628 1828; x_wconf 91' lang='lat' dir='ltr'>non</span> <span class='ocrx_word' id='word_1_141' title='bbox 654 1776 711 1829; x_wconf 92' lang='lat' dir='ltr'>est.</span> <span class='ocrx_word' id='word_1_142' title='bbox 758 1773 805 1829; x_wconf 80' lang='lat' dir='ltr'>uti</span> <span class='ocrx_word' id='word_1_143' title='bbox 827 1772 859 1830; x_wconf 80' lang='lat' dir='ltr'>in</span> <span class='ocrx_word' id='word_1_144' title='bbox 882 1773 1011 1831; x_wconf 83' lang='lat' dir='ltr'>culleum</span> <span class='ocrx_word' id='word_1_145' title='bbox 1035 1773 1073 1830; x_wconf 83' lang='lat' dir='ltr'>de</span> <span class='ocrx_word' id='word_1_146' title='bbox 1095 1787 1131 1830; x_wconf 88' lang='lat' dir='ltr'>eo</span> <span class='ocrx_word' id='word_1_147' title='bbox 1154 1773 1257 1830; x_wconf 84' lang='lat' dir='ltr'>vinum</span> <span class='ocrx_word' id='word_1_148' title='bbox 1279 1771 1408 1829; x_wconf 74' lang='lat' dir='ltr'>solie-e</span> 
     </span>
    </p>
   </div>
   <div class='ocr_carea' id='block_1_3' title="bbox 51 1844 1406 1958">
    <p class='ocr_par' dir='ltr' id='par_1_6' title="bbox 51 1844 1406 1958">
     <span class='ocr_line' id='line_1_17' title="bbox 51 1844 1406 1958; baseline -0.004 -20"><span class='ocrx_word' id='word_1_149' title='bbox 51 1844 54 1851; x_wconf 33' lang='grc' dir='ltr'>Ι</span> <span class='ocrx_word' id='word_1_150' title='bbox 109 1936 115 1949; x_wconf 80' lang='grc'>,</span> <span class='ocrx_word' id='word_1_151' title='bbox 222 1880 319 1954; x_wconf 84' lang='lat' dir='ltr'>possit</span> <span class='ocrx_word' id='word_1_152' title='bbox 342 1877 492 1937; x_wconf 86' lang='lat' dir='ltr'>Gesnerus</span> <span class='ocrx_word' id='word_1_153' title='bbox 519 1875 575 1937; x_wconf 88' lang='lat' dir='ltr'>hac</span> <span class='ocrx_word' id='word_1_154' title='bbox 603 1875 702 1936; x_wconf 85' lang='lat' dir='ltr'>addita</span> <span class='ocrx_word' id='word_1_155' title='bbox 729 1877 989 1958; x_wconf 85' lang='lat' dir='ltr'>interpretatione,</span> <span class='ocrx_word' id='word_1_156' title='bbox 1018 1871 1060 1937; x_wconf 72' lang='lat' dir='ltr'>‘in</span> <span class='ocrx_word' id='word_1_157' title='bbox 1085 1885 1228 1955; x_wconf 78' lang='lat' dir='ltr'>suggestu</span> <span class='ocrx_word' id='word_1_158' title='bbox 1252 1877 1406 1955; x_wconf 80' lang='lat' dir='ltr'>ponitur</span> 
     </span>
    </p>
   </div>
   <div class='ocr_carea' id='block_1_4' title="bbox 225 1980 1407 4301">
    <p class='ocr_par' dir='ltr' id='par_1_7' title="bbox 225 1980 1401 3344">
     <span class='ocr_line' id='line_1_18' title="bbox 225 1980 1401 2064; baseline 0.002 -22"><span class='ocrx_word' id='word_1_159' title='bbox 225 1981 350 2064; x_wconf 89' lang='lat' dir='ltr'>labrum,</span> <span class='ocrx_word' id='word_1_160' title='bbox 374 1984 418 2043; x_wconf 91' lang='lat' dir='ltr'>uti</span> <span class='ocrx_word' id='word_1_161' title='bbox 441 1985 471 2043; x_wconf 94' lang='lat' dir='ltr'>in</span> <span class='ocrx_word' id='word_1_162' title='bbox 492 1981 620 2043; x_wconf 88' lang='lat' dir='ltr'>culleum</span> <span class='ocrx_word' id='word_1_163' title='bbox 641 1980 809 2043; x_wconf 87' lang='lat' dir='ltr'>subiectum</span> <span class='ocrx_word' id='word_1_164' title='bbox 828 1985 951 2044; x_wconf 86' lang='lat' dir='ltr'>emtoris</span> <span class='ocrx_word' id='word_1_165' title='bbox 969 1983 1006 2043; x_wconf 92' lang='lat' dir='ltr'>de</span> <span class='ocrx_word' id='word_1_166' title='bbox 1025 2001 1061 2044; x_wconf 91' lang='lat' dir='ltr'>eo</span> <span class='ocrx_word' id='word_1_167' title='bbox 1080 1982 1162 2043; x_wconf 91' lang='lat' dir='ltr'>labro</span> <span class='ocrx_word' id='word_1_168' title='bbox 1182 1982 1299 2044; x_wconf 85' lang='lat' dir='ltr'>fistulae</span> <span class='ocrx_word' id='word_1_169' title='bbox 1316 2000 1401 2062; x_wconf 78' lang='lat' dir='ltr'>ope</span> 
     </span>
     <span class='ocr_line' id='line_1_19' title="bbox 226 2085 1399 2168; baseline -0.001 -17"><span class='ocrx_word' id='word_1_170' title='bbox 226 2092 328 2151; x_wconf 81' lang='lat' dir='ltr'>vinum</span> <span class='ocrx_word' id='word_1_171' title='bbox 356 2089 443 2150; x_wconf 90' lang='lat' dir='ltr'>salire</span> <span class='ocrx_word' id='word_1_172' title='bbox 472 2085 587 2168; x_wconf 88' lang='lat' dir='ltr'>possit’.</span> <span class='ocrx_word' id='word_1_173' title='bbox 634 2092 747 2150; x_wconf 90' lang='lat' dir='ltr'>rectius</span> <span class='ocrx_word' id='word_1_174' title='bbox 775 2089 976 2151; x_wconf 90' lang='lat' dir='ltr'>Schneiderus</span> <span class='ocrx_word' id='word_1_175' title='bbox 1004 2109 1040 2152; x_wconf 80' lang='lat' dir='ltr'>ex</span> <span class='ocrx_word' id='word_1_176' title='bbox 1069 2093 1242 2152; x_wconf 88' lang='lat' dir='ltr'>coniectura</span> <span class='ocrx_word' id='word_1_177' title='bbox 1268 2089 1399 2151; x_wconf 83' lang='lat' dir='ltr'>Ponte-</span> 
     </span>
     <span class='ocr_line' id='line_1_20' title="bbox 227 2197 1399 2280; baseline 0 -23"><span class='ocrx_word' id='word_1_178' title='bbox 227 2197 315 2258; x_wconf 89' lang='lat' dir='ltr'>derae</span> <span class='ocrx_word' id='word_1_179' title='bbox 340 2201 517 2259; x_wconf 86' lang='lat' dir='ltr'>sententiam</span> <span class='ocrx_word' id='word_1_180' title='bbox 542 2197 700 2259; x_wconf 84' lang='lat' dir='ltr'>verborum</span> <span class='ocrx_word' id='word_1_181' title='bbox 724 2201 764 2258; x_wconf 88' lang='lat' dir='ltr'>ita</span> <span class='ocrx_word' id='word_1_182' title='bbox 784 2201 939 2280; x_wconf 81' lang='lat' dir='ltr'>expressit,</span> <span class='ocrx_word' id='word_1_183' title='bbox 963 2202 1010 2259; x_wconf 79' lang='lat' dir='ltr'>ull</span> <span class='ocrx_word' id='word_1_184' title='bbox 1032 2202 1063 2259; x_wconf 83' lang='lat' dir='ltr'>in</span> <span class='ocrx_word' id='word_1_185' title='bbox 1087 2203 1219 2260; x_wconf 82' lang='lat' dir='ltr'>culleum</span> <span class='ocrx_word' id='word_1_186' title='bbox 1238 2200 1278 2260; x_wconf 81' lang='lat' dir='ltr'>de</span> <span class='ocrx_word' id='word_1_187' title='bbox 1295 2200 1399 2259; x_wconf 77' lang='lat' dir='ltr'>dolio</span> 
     </span>
     <span class='ocr_line' id='line_1_21' title="bbox 226 2303 1397 2385; baseline 0.001 -21"><span class='ocrx_word' id='word_1_188' title='bbox 226 2308 328 2365; x_wconf 81' lang='lat' dir='ltr'>vinum</span> <span class='ocrx_word' id='word_1_189' title='bbox 347 2308 442 2365; x_wconf 79' lang='lat' dir='ltr'>salire</span> <span class='ocrx_word' id='word_1_190' title='bbox 455 2309 559 2382; x_wconf 81' lang='lat' dir='ltr'>possit.</span> <span class='ocrx_word' id='word_1_191' title='bbox 597 2324 664 2365; x_wconf 89' lang='lat' dir='ltr'>nam</span> <span class='ocrx_word' id='word_1_192' title='bbox 684 2303 798 2366; x_wconf 89' lang='lat' dir='ltr'>culleus</span> <span class='ocrx_word' id='word_1_193' title='bbox 817 2315 863 2366; x_wconf 89' lang='lat' dir='ltr'>est</span> <span class='ocrx_word' id='word_1_194' title='bbox 881 2308 1001 2367; x_wconf 81' lang='lat' dir='ltr'>labrum</span> <span class='ocrx_word' id='word_1_195' title='bbox 1020 2310 1164 2380; x_wconf 68' lang='lat' dir='ltr'>culleum,</span> <span class='ocrx_word' id='word_1_196' title='bbox 1185 2305 1266 2385; x_wconf 90' lang='lat' dir='ltr'>quod</span> <span class='ocrx_word' id='word_1_197' title='bbox 1285 2320 1397 2384; x_wconf 78' lang='lat' dir='ltr'>supra</span> 
     </span>
     <span class='ocr_line' id='line_1_22' title="bbox 229 2410 1398 2491; baseline -0.001 -22"><span class='ocrx_word' id='word_1_198' title='bbox 229 2413 375 2487; x_wconf 89' lang='lat' dir='ltr'>scriptum</span> <span class='ocrx_word' id='word_1_199' title='bbox 400 2420 472 2471; x_wconf 87' lang='lat' dir='ltr'>erat.</span> <span class='ocrx_word' id='word_1_200' title='bbox 518 2410 547 2470; x_wconf 95' lang='lat' dir='ltr'>id</span> <span class='ocrx_word' id='word_1_201' title='bbox 572 2412 601 2470; x_wconf 94' lang='lat' dir='ltr'>in</span> <span class='ocrx_word' id='word_1_202' title='bbox 626 2421 768 2490; x_wconf 78' lang='lat' dir='ltr'>suggestu</span> <span class='ocrx_word' id='word_1_203' title='bbox 791 2414 871 2472; x_wconf 90' lang='lat' dir='ltr'>inter</span> <span class='ocrx_word' id='word_1_204' title='bbox 894 2412 971 2472; x_wconf 92' lang='lat' dir='ltr'>dolia</span> <span class='ocrx_word' id='word_1_205' title='bbox 994 2414 1125 2491; x_wconf 88' lang='lat' dir='ltr'>positum</span> <span class='ocrx_word' id='word_1_206' title='bbox 1149 2414 1220 2472; x_wconf 82' lang='lat' dir='ltr'>vinu</span> <span class='ocrx_word' id='word_1_207' title='bbox 1242 2431 1279 2474; x_wconf 83' lang='lat' dir='ltr'>ex</span> <span class='ocrx_word' id='word_1_208' title='bbox 1297 2410 1398 2473; x_wconf 88' lang='lat' dir='ltr'>dolio</span> 
     </span>
     <span class='ocr_line' id='line_1_23' title="bbox 226 2516 1399 2596; baseline 0 -19"><span class='ocrx_word' id='word_1_209' title='bbox 226 2516 349 2577; x_wconf 78' lang='lat' dir='ltr'>saliente</span> <span class='ocrx_word' id='word_1_210' title='bbox 369 2516 509 2596; x_wconf 86' lang='lat' dir='ltr'>impletor</span> <span class='ocrx_word' id='word_1_211' title='bbox 528 2520 577 2596; x_wconf 85' lang='lat' dir='ltr'>ite,</span> <span class='ocrx_word' id='word_1_212' title='bbox 598 2525 787 2578; x_wconf 74' lang='lat' dir='ltr'>inmensura</span> <span class='ocrx_word' id='word_1_213' title='bbox 807 2518 954 2578; x_wconf 88' lang='lat' dir='ltr'>efficiatur</span> <span class='ocrx_word' id='word_1_214' title='bbox 973 2518 1069 2579; x_wconf 90' lang='lat' dir='ltr'>cullei.</span> <span class='ocrx_word' id='word_1_215' title='bbox 1106 2518 1216 2579; x_wconf 84' lang='lat' dir='ltr'>deinde</span> <span class='ocrx_word' id='word_1_216' title='bbox 1235 2519 1399 2595; x_wconf 80' lang='lat' dir='ltr'>foramen,</span> 
     </span>
     <span class='ocr_line' id='line_1_24' title="bbox 228 2624 1399 2707; baseline 0.001 -23"><span class='ocrx_word' id='word_1_217' title='bbox 228 2624 307 2705; x_wconf 92' lang='lat' dir='ltr'>quod</span> <span class='ocrx_word' id='word_1_218' title='bbox 331 2632 376 2684; x_wconf 89' lang='lat' dir='ltr'>est</span> <span class='ocrx_word' id='word_1_219' title='bbox 400 2627 430 2684; x_wconf 91' lang='lat' dir='ltr'>in</span> <span class='ocrx_word' id='word_1_220' title='bbox 454 2642 568 2686; x_wconf 89' lang='lat' dir='ltr'>summa</span> <span class='ocrx_word' id='word_1_221' title='bbox 591 2624 667 2685; x_wconf 87' lang='lat' dir='ltr'>labri</span> <span class='ocrx_word' id='word_1_222' title='bbox 689 2634 783 2707; x_wconf 90' lang='lat' dir='ltr'>parte,</span> <span class='ocrx_word' id='word_1_223' title='bbox 806 2625 841 2686; x_wconf 93' lang='lat' dir='ltr'>ad</span> <span class='ocrx_word' id='word_1_224' title='bbox 866 2644 952 2705; x_wconf 90' lang='lat' dir='ltr'>quam</span> <span class='ocrx_word' id='word_1_225' title='bbox 977 2644 1073 2704; x_wconf 88' lang='lat' dir='ltr'>usque</span> <span class='ocrx_word' id='word_1_226' title='bbox 1096 2624 1215 2686; x_wconf 92' lang='lat' dir='ltr'>culleus</span> <span class='ocrx_word' id='word_1_227' title='bbox 1237 2627 1399 2705; x_wconf 82' lang='lat' dir='ltr'>pertinet,</span> 
     </span>
     <span class='ocr_line' id='line_1_25' title="bbox 227 2730 1397 2813; baseline -0.003 -22"><span class='ocrx_word' id='word_1_228' title='bbox 227 2730 394 2791; x_wconf 87' lang='lat' dir='ltr'>obturatur.</span> <span class='ocrx_word' id='word_1_229' title='bbox 448 2737 512 2790; x_wconf 93' lang='lat' dir='ltr'>tum</span> <span class='ocrx_word' id='word_1_230' title='bbox 550 2730 669 2809; x_wconf 87' lang='lat' dir='ltr'>plenum</span> <span class='ocrx_word' id='word_1_231' title='bbox 708 2731 822 2793; x_wconf 89' lang='lat' dir='ltr'>labrum</span> <span class='ocrx_word' id='word_1_232' title='bbox 856 2740 1089 2813; x_wconf 85' lang='lat' dir='ltr'>transportatur,</span> <span class='ocrx_word' id='word_1_233' title='bbox 1126 2734 1230 2793; x_wconf 82' lang='lat' dir='ltr'>vinum</span> <span class='ocrx_word' id='word_1_234' title='bbox 1262 2734 1293 2793; x_wconf 89' lang='lat' dir='ltr'>in</span> <span class='ocrx_word' id='word_1_235' title='bbox 1323 2745 1397 2790; x_wconf 79' lang='lat' dir='ltr'>vas</span> 
     </span>
     <span class='ocr_line' id='line_1_26' title="bbox 227 2836 1395 2921; baseline 0 -24"><span class='ocrx_word' id='word_1_236' title='bbox 227 2839 369 2917; x_wconf 87' lang='lat' dir='ltr'>emptoris</span> <span class='ocrx_word' id='word_1_237' title='bbox 389 2836 556 2898; x_wconf 90' lang='lat' dir='ltr'>subiectum</span> <span class='ocrx_word' id='word_1_238' title='bbox 576 2837 746 2899; x_wconf 80' lang='lat' dir='ltr'>effunditur.</span> <span class='ocrx_word' id='word_1_239' title='bbox 784 2858 852 2900; x_wconf 89' lang='lat' dir='ltr'>nam</span> <span class='ocrx_word' id='word_1_240' title='bbox 871 2848 905 2900; x_wconf 92' lang='lat' dir='ltr'>ut</span> <span class='ocrx_word' id='word_1_241' title='bbox 922 2857 1061 2900; x_wconf 87' lang='lat' dir='ltr'>mensura</span> <span class='ocrx_word' id='word_1_242' title='bbox 1081 2838 1242 2921; x_wconf 88' lang='lat' dir='ltr'>indicetur,</span> <span class='ocrx_word' id='word_1_243' title='bbox 1261 2839 1395 2901; x_wconf 84' lang='lat' dir='ltr'>labrum</span> 
     </span>
     <span class='ocr_line' id='line_1_27' title="bbox 226 2945 1397 3027; baseline 0.001 -23"><span class='ocrx_word' id='word_1_244' title='bbox 226 2946 258 3006; x_wconf 89' lang='lat' dir='ltr'>iu</span> <span class='ocrx_word' id='word_1_245' title='bbox 290 2946 446 3022; x_wconf 89' lang='lat' dir='ltr'>superiore</span> <span class='ocrx_word' id='word_1_246' title='bbox 478 2952 562 3023; x_wconf 89' lang='lat' dir='ltr'>parte</span> <span class='ocrx_word' id='word_1_247' title='bbox 595 2954 751 3024; x_wconf 87' lang='lat' dir='ltr'>pertusum</span> <span class='ocrx_word' id='word_1_248' title='bbox 784 2953 843 3027; x_wconf 89' lang='lat' dir='ltr'>est;</span> <span class='ocrx_word' id='word_1_249' title='bbox 875 2955 909 3007; x_wconf 91' lang='lat' dir='ltr'>ut</span> <span class='ocrx_word' id='word_1_250' title='bbox 941 2949 1042 3007; x_wconf 87' lang='lat' dir='ltr'>vinum</span> <span class='ocrx_word' id='word_1_251' title='bbox 1073 2946 1246 3008; x_wconf 81' lang='lat' dir='ltr'>transfundi</span> <span class='ocrx_word' id='word_1_252' title='bbox 1273 2945 1397 3027; x_wconf 79' lang='lat' dir='ltr'>possit,</span> 
     </span>
     <span class='ocr_line' id='line_1_28' title="bbox 227 3049 1395 3134; baseline -0.003 -23"><span class='ocrx_word' id='word_1_253' title='bbox 227 3050 351 3111; x_wconf 84' lang='lat' dir='ltr'>fundum</span> <span class='ocrx_word' id='word_1_254' title='bbox 380 3059 536 3129; x_wconf 89' lang='lat' dir='ltr'>pertusum</span> <span class='ocrx_word' id='word_1_255' title='bbox 565 3069 633 3112; x_wconf 90' lang='lat' dir='ltr'>cum</span> <span class='ocrx_word' id='word_1_256' title='bbox 662 3050 759 3112; x_wconf 88' lang='lat' dir='ltr'>fistula</span> <span class='ocrx_word' id='word_1_257' title='bbox 782 3061 812 3111; x_wconf 90' lang='lat' dir='ltr'>et</span> <span class='ocrx_word' id='word_1_258' title='bbox 835 3050 1006 3112; x_wconf 85' lang='lat' dir='ltr'>obturatum</span> <span class='ocrx_word' id='word_1_259' title='bbox 1031 3051 1134 3134; x_wconf 81' lang='lat' dir='ltr'>habet3</span> <span class='ocrx_word' id='word_1_260' title='bbox 1163 3061 1199 3114; x_wconf 93' lang='lat' dir='ltr'>ut</span> <span class='ocrx_word' id='word_1_261' title='bbox 1222 3049 1395 3115; x_wconf 80' lang='lat' dir='ltr'>commode</span> 
     </span>
     <span class='ocr_line' id='line_1_29' title="bbox 228 3154 1398 3239; baseline -0.003 -21"><span class='ocrx_word' id='word_1_262' title='bbox 228 3160 426 3237; x_wconf 85' lang='lat' dir='ltr'>transportari</span> <span class='ocrx_word' id='word_1_263' title='bbox 444 3161 548 3238; x_wconf 84' lang='lat' dir='ltr'>possit,</span> <span class='ocrx_word' id='word_1_264' title='bbox 566 3166 724 3238; x_wconf 88' lang='lat' dir='ltr'>postquam</span> <span class='ocrx_word' id='word_1_265' title='bbox 743 3160 811 3219; x_wconf 86' lang='lat' dir='ltr'>vino</span> <span class='ocrx_word' id='word_1_266' title='bbox 829 3157 983 3237; x_wconf 90' lang='lat' dir='ltr'>impletum</span> <span class='ocrx_word' id='word_1_267' title='bbox 1004 3168 1059 3239; x_wconf 84' lang='lat' dir='ltr'>est,</span> <span class='ocrx_word' id='word_1_268' title='bbox 1078 3159 1114 3220; x_wconf 93' lang='lat' dir='ltr'>ad</span> <span class='ocrx_word' id='word_1_269' title='bbox 1134 3170 1284 3222; x_wconf 86' lang='lat' dir='ltr'>summam</span> <span class='ocrx_word' id='word_1_270' title='bbox 1301 3154 1398 3221; x_wconf 84' lang='lat' dir='ltr'>labri</span> 
     </span>
     <span class='ocr_line' id='line_1_30' title="bbox 227 3264 861 3344; baseline -0.002 -19"><span class='ocrx_word' id='word_1_271' title='bbox 227 3273 343 3344; x_wconf 90' lang='lat' dir='ltr'>partem</span> <span class='ocrx_word' id='word_1_272' title='bbox 367 3273 507 3343; x_wconf 86' lang='lat' dir='ltr'>quattuor</span> <span class='ocrx_word' id='word_1_273' title='bbox 532 3282 618 3323; x_wconf 88' lang='lat' dir='ltr'>ansae</span> <span class='ocrx_word' id='word_1_274' title='bbox 642 3264 758 3323; x_wconf 90' lang='lat' dir='ltr'>additae</span> <span class='ocrx_word' id='word_1_275' title='bbox 783 3272 861 3324; x_wconf 92' lang='lat' dir='ltr'>sunt.</span> 
     </span>
    </p>

    <p class='ocr_par' dir='ltr' id='par_1_8' title="bbox 226 3368 1407 4301">
     <span class='ocr_line' id='line_1_31' title="bbox 317 3368 1406 3454; baseline -0.002 -23"><span class='ocrx_word' id='word_1_276' title='bbox 317 3371 394 3431; x_wconf 79' lang='lat' dir='ltr'>CLV</span> <span class='ocrx_word' id='word_1_277' title='bbox 419 3368 435 3430; x_wconf 92' lang='lat'>1</span> <span class='ocrx_word' id='word_1_278' title='bbox 469 3368 536 3429; x_wconf 89' lang='lat' dir='ltr'>Per</span> <span class='ocrx_word' id='word_1_279' title='bbox 562 3369 713 3430; x_wconf 90' lang='lat' dir='ltr'>hiemem</span> <span class='ocrx_word' id='word_1_280' title='bbox 742 3389 865 3450; x_wconf 84' lang='lat' dir='ltr'>aquam</span> <span class='ocrx_word' id='word_1_281' title='bbox 893 3371 934 3432; x_wconf 93' lang='lat' dir='ltr'>de</span> <span class='ocrx_word' id='word_1_282' title='bbox 962 3389 1045 3451; x_wconf 81' lang='lat' dir='ltr'>agro</span> <span class='ocrx_word' id='word_1_283' title='bbox 1074 3372 1212 3452; x_wconf 89' lang='lat' dir='ltr'>depelli</span> <span class='ocrx_word' id='word_1_284' title='bbox 1233 3372 1406 3454; x_wconf 81' lang='lat' dir='ltr'>oportet</span> 
     </span>
     <span class='ocr_line' id='line_1_32' title="bbox 229 3475 1407 3561; baseline 0.003 -26"><span class='ocrx_word' id='word_1_285' title='bbox 229 3479 263 3535; x_wconf 92' lang='lat' dir='ltr'>in</span> <span class='ocrx_word' id='word_1_286' title='bbox 301 3485 418 3536; x_wconf 88' lang='lat' dir='ltr'>monte</span> <span class='ocrx_word' id='word_1_287' title='bbox 452 3477 566 3536; x_wconf 80' lang='lat' dir='ltr'>fossas</span> <span class='ocrx_word' id='word_1_288' title='bbox 598 3475 730 3537; x_wconf 89' lang='lat' dir='ltr'>inciles</span> <span class='ocrx_word' id='word_1_289' title='bbox 762 3496 869 3555; x_wconf 89' lang='lat' dir='ltr'>puras</span> <span class='ocrx_word' id='word_1_290' title='bbox 900 3478 1034 3540; x_wconf 89' lang='lat' dir='ltr'>hahere</span> <span class='ocrx_word' id='word_1_291' title='bbox 1067 3481 1227 3561; x_wconf 91' lang='lat' dir='ltr'>oportet]</span> <span class='ocrx_word' id='word_1_292' title='bbox 1266 3482 1407 3544; x_wconf 80' lang='lat' dir='ltr'>Incr‘les</span> 
     </span>
     <span class='ocr_line' id='line_1_33' title="bbox 226 3583 1405 3668; baseline 0.003 -27"><span class='ocrx_word' id='word_1_293' title='bbox 226 3601 324 3658; x_wconf 81' lang='lat' dir='ltr'>purus</span> <span class='ocrx_word' id='word_1_294' title='bbox 351 3584 466 3645; x_wconf 79' lang='lat' dir='ltr'>dobere</span> <span class='ocrx_word' id='word_1_295' title='bbox 493 3583 661 3663; x_wconf 82' lang='lat' dir='ltr'>apographa</span> <span class='ocrx_word' id='word_1_296' title='bbox 684 3594 713 3644; x_wconf 90' lang='lat' dir='ltr'>et</span> <span class='ocrx_word' id='word_1_297' title='bbox 737 3584 827 3644; x_wconf 90' lang='lat' dir='ltr'>editio</span> <span class='ocrx_word' id='word_1_298' title='bbox 851 3584 987 3667; x_wconf 88' lang='lat' dir='ltr'>Victorii,</span> <span class='ocrx_word' id='word_1_299' title='bbox 1015 3590 1123 3648; x_wconf 81' lang='lat' dir='ltr'>inclles</span> <span class='ocrx_word' id='word_1_300' title='bbox 1142 3592 1259 3665; x_wconf 82' lang='lat' dir='ltr'>pellere</span> <span class='ocrx_word' id='word_1_301' title='bbox 1277 3596 1405 3668; x_wconf 76' lang='lat' dir='ltr'>patras</span> 
     </span>
     <span class='ocr_line' id='line_1_34' title="bbox 229 3689 1401 3775; baseline 0.004 -25"><span class='ocrx_word' id='word_1_302' title='bbox 229 3691 343 3751; x_wconf 71' lang='lat' dir='ltr'>liobew</span> <span class='ocrx_word' id='word_1_303' title='bbox 365 3689 528 3751; x_wconf 84' lang='lat' dir='ltr'>Politianus</span> <span class='ocrx_word' id='word_1_304' title='bbox 556 3691 712 3752; x_wconf 85' lang='lat' dir='ltr'>manifesto</span> <span class='ocrx_word' id='word_1_305' title='bbox 741 3710 856 3753; x_wconf 84' lang='lat' dir='ltr'>errore:</span> <span class='ocrx_word' id='word_1_306' title='bbox 886 3711 953 3753; x_wconf 92' lang='lat' dir='ltr'>nam</span> <span class='ocrx_word' id='word_1_307' title='bbox 978 3697 1106 3771; x_wconf 82' lang='lat' dir='ltr'>pellere,</span> <span class='ocrx_word' id='word_1_308' title='bbox 1136 3695 1216 3774; x_wconf 85' lang='lat' dir='ltr'>quod</span> <span class='ocrx_word' id='word_1_309' title='bbox 1242 3697 1273 3758; x_wconf 90' lang='lat' dir='ltr'>in</span> <span class='ocrx_word' id='word_1_310' title='bbox 1293 3693 1401 3775; x_wconf 83' lang='lat' dir='ltr'>prin·</span> 
     </span>
     <span class='ocr_line' id='line_1_35' title="bbox 229 3794 1394 3882; baseline 0.002 -28"><span class='ocrx_word' id='word_1_311' title='bbox 229 3798 294 3874; x_wconf 88' lang='lat' dir='ltr'>cipe</span> <span class='ocrx_word' id='word_1_312' title='bbox 318 3794 447 3856; x_wconf 86' lang='lat' dir='ltr'>editione</span> <span class='ocrx_word' id='word_1_313' title='bbox 471 3804 539 3875; x_wconf 89' lang='lat' dir='ltr'>post</span> <span class='ocrx_word' id='word_1_314' title='bbox 563 3800 669 3857; x_wconf 80' lang='lat' dir='ltr'>inciles</span> <span class='ocrx_word' id='word_1_315' title='bbox 689 3805 838 3876; x_wconf 89' lang='lat' dir='ltr'>tamquam</span> <span class='ocrx_word' id='word_1_316' title='bbox 857 3800 887 3858; x_wconf 92' lang='lat' dir='ltr'>in</span> <span class='ocrx_word' id='word_1_317' title='bbox 907 3799 1068 3879; x_wconf 82' lang='lat' dir='ltr'>archetypo</span> <span class='ocrx_word' id='word_1_318' title='bbox 1088 3804 1234 3882; x_wconf 82' lang='lat' dir='ltr'>scripturn</span> <span class='ocrx_word' id='word_1_319' title='bbox 1253 3798 1394 3871; x_wconf 80' lang='lat' dir='ltr'>addidit,</span> 
     </span>
     <span class='ocr_line' id='line_1_36' title="bbox 229 3902 1387 3989; baseline 0.004 -28"><span class='ocrx_word' id='word_1_320' title='bbox 229 3904 259 3961; x_wconf 89' lang='lat' dir='ltr'>in</span> <span class='ocrx_word' id='word_1_321' title='bbox 288 3902 343 3962; x_wconf 90' lang='lat' dir='ltr'>hoc</span> <span class='ocrx_word' id='word_1_322' title='bbox 371 3922 430 3962; x_wconf 89' lang='lat' dir='ltr'>non</span> <span class='ocrx_word' id='word_1_323' title='bbox 459 3902 584 3983; x_wconf 82' lang='lat' dir='ltr'>legerat,</span> <span class='ocrx_word' id='word_1_324' title='bbox 612 3903 663 3963; x_wconf 88' lang='lat' dir='ltr'>sed</span> <span class='ocrx_word' id='word_1_325' title='bbox 692 3905 723 3963; x_wconf 93' lang='lat' dir='ltr'>in</span> <span class='ocrx_word' id='word_1_326' title='bbox 747 3903 878 3965; x_wconf 85' lang='lat' dir='ltr'>Mediceo</span> <span class='ocrx_word' id='word_1_327' title='bbox 907 3905 1009 3966; x_wconf 90' lang='lat' dir='ltr'>codice</span> <span class='ocrx_word' id='word_1_328' title='bbox 1038 3926 1081 3987; x_wconf 90' lang='lat' dir='ltr'>m,</span> <span class='ocrx_word' id='word_1_329' title='bbox 1108 3909 1140 3969; x_wconf 89' lang='lat' dir='ltr'>in</span> <span class='ocrx_word' id='word_1_330' title='bbox 1169 3927 1229 3989; x_wconf 90' lang='lat' dir='ltr'>quo</span> <span class='ocrx_word' id='word_1_331' title='bbox 1255 3908 1387 3971; x_wconf 71' lang='lat' dir='ltr'>nielles</span> 
     </span>
     <span class='ocr_line' id='line_1_37' title="bbox 227 4012 1375 4092; baseline 0.008 -23"><span class='ocrx_word' id='word_1_332' title='bbox 227 4012 342 4085; x_wconf 83' lang='lat' dir='ltr'>pellere</span> <span class='ocrx_word' id='word_1_333' title='bbox 357 4027 455 4083; x_wconf 82' lang='lat' dir='ltr'>puras</span> <span class='ocrx_word' id='word_1_334' title='bbox 474 4013 617 4089; x_wconf 89' lang='lat' dir='ltr'>scriptum</span> <span class='ocrx_word' id='word_1_335' title='bbox 638 4018 691 4070; x_wconf 89' lang='lat' dir='ltr'>est.</span> <span class='ocrx_word' id='word_1_336' title='bbox 721 4015 836 4087; x_wconf 86' lang='lat' dir='ltr'>pellere</span> <span class='ocrx_word' id='word_1_337' title='bbox 854 4032 890 4073; x_wconf 81' lang='lat' dir='ltr'>ex</span> <span class='ocrx_word' id='word_1_338' title='bbox 906 4013 1025 4074; x_wconf 87' lang='lat' dir='ltr'>rubrica</span> <span class='ocrx_word' id='word_1_339' title='bbox 1041 4017 1104 4077; x_wconf 86' lang='lat' dir='ltr'>Per</span> <span class='ocrx_word' id='word_1_340' title='bbox 1117 4019 1244 4079; x_wconf 78' lang='lat' dir='ltr'>hiemem</span> <span class='ocrx_word' id='word_1_341' title='bbox 1260 4023 1375 4092; x_wconf 73' lang='lat' dir='ltr'>apuam</span> 
     </span>
     <span class='ocr_line' id='line_1_38' title="bbox 231 4116 1362 4203; baseline 0.007 -32"><span class='ocrx_word' id='word_1_342' title='bbox 231 4116 268 4172; x_wconf 85' lang='lat' dir='ltr'>de</span> <span class='ocrx_word' id='word_1_343' title='bbox 291 4130 368 4186; x_wconf 66' lang='lat' dir='ltr'>offro</span> <span class='ocrx_word' id='word_1_344' title='bbox 392 4116 541 4191; x_wconf 86' lang='lat' dir='ltr'>depellere</span> <span class='ocrx_word' id='word_1_345' title='bbox 564 4116 633 4177; x_wconf 88' lang='lat' dir='ltr'>olim</span> <span class='ocrx_word' id='word_1_346' title='bbox 657 4116 692 4176; x_wconf 94' lang='lat' dir='ltr'>ad</span> <span class='ocrx_word' id='word_1_347' title='bbox 717 4121 825 4195; x_wconf 78' lang='lat' dir='ltr'>depelli</span> <span class='ocrx_word' id='word_1_348' title='bbox 847 4119 1044 4203; x_wconf 88' lang='lat' dir='ltr'>adscriptum,</span> <span class='ocrx_word' id='word_1_349' title='bbox 1068 4133 1172 4202; x_wconf 86' lang='lat' dir='ltr'>postea</span> <span class='ocrx_word' id='word_1_350' title='bbox 1194 4122 1285 4185; x_wconf 89' lang='lat' dir='ltr'>alieno</span> <span class='ocrx_word' id='word_1_351' title='bbox 1299 4119 1362 4180; x_wconf 81' lang='lat' dir='ltr'>loco</span> 
     </span>
     <span class='ocr_line' id='line_1_39' title="bbox 231 4220 1049 4301; baseline 0.012 -24"><span class='ocrx_word' id='word_1_352' title='bbox 231 4220 375 4278; x_wconf 85' lang='lat' dir='ltr'>insertum</span> <span class='ocrx_word' id='word_1_353' title='bbox 399 4229 452 4282; x_wconf 88' lang='lat' dir='ltr'>est</span> <span class='ocrx_word' id='word_1_354' title='bbox 499 4226 604 4285; x_wconf 77' lang='lat' dir='ltr'>incites</span> <span class='ocrx_word' id='word_1_355' title='bbox 622 4228 729 4301; x_wconf 83' lang='lat' dir='ltr'>plures</span> <span class='ocrx_word' id='word_1_356' title='bbox 751 4228 866 4289; x_wconf 79' lang='lat' dir='ltr'>ludere</span> <span class='ocrx_word' id='word_1_357' title='bbox 887 4226 1049 4288; x_wconf 83' lang='lat' dir='ltr'>lucendus.</span> 
     </span>
    </p>
   </div>
   <div class='ocr_carea' id='block_1_5' title="bbox 0 0 1442 4994">
    <p class='ocr_par' dir='ltr' id='par_1_9' title="bbox 0 0 1442 4994">
     <span class='ocr_line' id='line_1_40' title="bbox 0 0 1442 4994; baseline 0 0"><span class='ocrx_word' id='word_1_358' title='bbox 0 0 1442 4994; x_wconf 95' lang='lat' dir='ltr'> </span> 
     </span>
    </p>
   </div>
  </div>
 </body>
</html>
