2874 4994
291 328 339 383 Du
359 327 448 383 AGRI
469 327 641 383 CVLTVRA
660 328 800 383 LIBRVM
819 326 848 382 C.
870 325 1001 383 67-70
1155 320 1218 384 103

70 502 147 564 quae
178 485 281 546 adfusa
304 502 379 563 aqua
404 483 449 544 vel
473 493 556 545 aceto
581 491 798 565 temperantur,
829 480 891 544 116
915 488 1108 560 laserpicium
1133 494 1219 547 aceto

70 593 193 668 diuiio,
226 588 297 674 157,
320 589 360 652 14
382 594 411 651 si
433 595 597 653 turmulam
621 609 681 653 mou
705 594 845 671 recipiet,
868 593 987 664 diluite,
1011 590 1049 653 ib.
1072 590 1112 654 13
1136 594 1219 653 bibat

70 701 173 759 uinum
197 703 264 761 leae
287 703 423 761 dilutum.

159 804 225 866 Ubi
254 812 449 884 temperate
479 805 618 884 tepebit
647 814 718 865 tum
747 806 911 865 cummim
944 804 1060 865 indito
1093 813 1216 885 postea

67 910 177 973 linito
201 915 353 974 sirecte
378 912 514 973 leueris
538 916 572 972 iu
596 911 730 972 dolium
755 912 1103 990 quinquagenarium
1123 931 1216 973 oum·

66 1021 150 1079 mim
174 1039 201 1098 p.
217 1018 270 1080 llll
294 1020 382 1080 satis
406 1018 491 1096 erit]
520 1021 662 1080 Curamim
686 1027 813 1097 utroque
836 1018 901 1078 locu
921 1021 1030 1098 optima
1050 1018 1217 1099 apographa

66 1138 96 1186 et
127 1124 289 1201 Victorius,
321 1130 466 1187 cummisi
497 1129 594 1188 miuus
628 1135 765 1187 accurrate
797 1124 973 1205 Politiamrs,
1006 1129 1084 1187 sicut
1117 1144 1216 1204 supra.

64 1237 193 1295 cummis
212 1252 243 1310 p.
259 1234 335 1293 llll
353 1241 421 1312 apte
441 1233 591 1295 Gesnerus
615 1235 752 1295 coniecit.
796 1234 894 1312 potuit
913 1243 1011 1294 tamen
1031 1234 1216 1293 accusativus

65 1359 156 1400 casus
183 1342 224 1400 ita
252 1342 336 1420 poni,
365 1348 398 1400 ut
425 1340 461 1401 ad
489 1340 613 1402 verbum
638 1343 733 1401 iudito
757 1340 919 1419 referatur,
948 1342 1088 1401 cummim
1112 1339 1216 1399 indere

64 1450 97 1507 iu
123 1447 235 1509 dolium
259 1449 546 1527 quinquagenarium
572 1466 598 1526 p.
619 1447 672 1509 1111
696 1450 767 1508 satis
791 1456 852 1507 est:
884 1443 926 1509 58
949 1452 1022 1509 salis
1051 1450 1216 1521 uuicuique

65 1559 98 1616 iu
133 1573 214 1616 auno
245 1559 377 1617 motti-um
405 1559 480 1616 sutis
510 1564 566 1630 est,
599 1552 641 1616 93
670 1559 713 1617 ad
742 1556 883 1616 arborem
912 1560 1076 1616 maximam
1105 1573 1215 1616 urnam

64 1666 225 1724 commixti
249 1671 298 1723 sat
331 1671 382 1724 est.
429 1662 464 1722 ad
493 1664 694 1724 accusativum
723 1671 821 1723 autem
850 1665 1045 1741 appositionis
1074 1662 1138 1724 loco
1167 1663 1216 1723 al·

63 1769 182 1831 duntur
215 1788 248 1830 ea
282 1769 390 1849 quibus
423 1769 540 1850 pondus
573 1769 618 1830 vel
652 1788 790 1831 mensura
819 1771 952 1832 ciusdem
981 1771 1026 1830 rei
1054 1770 1215 1831 iudicatur:

65 1874 179 1958 127‚2
199 1880 277 1937 turis
295 1880 475 1939 drachmam
495 1895 586 1938 uuam
606 1881 754 1938 conterito
774 1885 803 1938 et
821 1883 880 1939 met
897 1886 1014 1939 coctum
1035 1881 1214 1938 drachmum

10 2064 14 2073 Ι
63 2003 172 2059 unam,
201 1983 338 2045 similiter
362 1982 450 2064 10‚1
482 2002 540 2059 qua
564 1987 650 2045 modo
674 1989 783 2045 oletum
807 1989 879 2060 apri
902 1988 1011 2059 iuoera
1039 1985 1144 2044 CCXL
1168 1987 1213 2044 iu·

62 2101 189 2152 struere
221 2099 376 2169 oporteat,
409 2087 451 2151 93
485 2109 643 2152 amurcam
679 2110 747 2153 oum
775 2110 856 2166 aqua
889 2094 1068 2152 conmisceto
1099 2110 1213 2166 aequos

58 2206 184 2274 partes,
213 2206 242 2259 et
271 2201 300 2258 in
330 2200 506 2278 pronomine
536 2195 599 2258 122
628 2201 661 2258 ial
687 2217 775 2259 moue
803 2202 921 2259 ieiunus
949 2201 1056 2259 sumito
1081 2207 1211 2275 cyatrua,

63 2303 130 2366 123
156 2308 190 2366 iti
211 2309 286 2366 utita
310 2314 441 2382 cyatum.

154 2414 233 2473 LXX
260 2411 274 2472 1
302 2411 421 2472 Bubus
446 2410 758 2489 medicamentum]
779 2411 898 2473 Catonis
918 2423 1074 2491 praecepta
1094 2412 1130 2472 de
1151 2430 1210 2472 me-

60 2520 240 2580 dicamentis
270 2519 359 2580 boum
389 2537 446 2579 uua
474 2537 542 2579 cum
572 2521 739 2599 praeceptis
768 2518 890 2580 aliorum
922 2522 1023 2599 posuit
1051 2518 1212 2581 Columella

64 2624 202 2708 v14‚2,
225 2646 316 2704 saepe
338 2630 430 2688 etiam
453 2629 584 2701 iaupuor
608 2645 646 2687 uc
669 2645 786 2688 nausea
810 2629 982 2702 disemum,
1008 2631 1037 2689 si
1059 2631 1211 2702 inteprum

58 2738 269 2810 aotlinaceum
303 2737 433 2795 crucium
466 2752 553 2795 auum
586 2737 682 2795 ieiumi
704 2735 850 2811 saucibus
878 2738 996 2795 inseras
1025 2753 1063 2795 ac
1089 2724 1226 2812 postero

61 2845 114 2902 (iic
142 2845 244 2918 spicas
271 2845 367 2918 ulpici
392 2845 440 2902 ael
465 2844 522 2901 alii
548 2859 616 2902 cam
644 2846 712 2903 uina
742 2850 884 2903 canterus
908 2849 938 2902 et
961 2846 991 2902 iu
1014 2843 1143 2902 auribus
1166 2845 1210 2901 in·

57 2949 187 3025 fundas.
223 2968 321 3024 aeque
339 2951 416 3010 baec
436 2956 551 3009 tautum
572 2952 707 3010 remedia
730 2951 939 3010 salubritatem
961 2948 1092 3025 faciunt.
1126 2952 1213 3008 multi

61 3050 173 3138 (multo
192 3056 285 3116 codex
305 3048 583 3136 Saugermaueusis)
603 3060 691 3131 torpa
714 3059 779 3117 sale
797 3059 922 3116 miscent
936 3058 1063 3132 pabula,
1086 3058 1210 3130 orciolum

60 3139 255 3224 marrubium
279 3165 421 3224 deterrent
443 3179 511 3223 oum
535 3166 599 3222 oleo
622 3171 652 3222 et
674 3166 751 3237 aino,
775 3165 899 3237 quitiam
918 3165 1010 3239 porri
1024 3164 1131 3236 libras,
1156 3164 1212 3222 ulii

57 3289 165 3347 praua
198 3274 288 3345 turis,
323 3273 378 3331 alii
408 3271 546 3330 sabinum
578 3271 703 3330 borbum
736 3278 897 3345 ratamque
925 3272 1028 3328 tritam
1058 3263 1210 3350 (putaque

61 3381 192 3439 reinitam
224 3377 288 3438 cod.
313 3370 415 3458 Saug.)
447 3395 529 3438 mera
563 3379 686 3436 diluunt
717 3395 813 3452 eaque
845 3378 1046 3436 medicamina
1071 3379 1209 3451 potaaalu

55 3486 219 3562 praebent.
255 3488 341 3545 multi
358 3485 497 3545 caulibus
522 3486 590 3543 uitis
614 3485 702 3544 albae
725 3491 755 3543 et
777 3486 903 3543 ualuulis
922 3476 1076 3566 (caulibus
1096 3484 1208 3542 tritiores

61 3597 156 3653 aluae
187 3601 216 3653 et
247 3593 376 3652 ualbulis
406 3589 469 3650 cod.
500 3583 600 3671 Saug.)
630 3591 707 3652 albis
735 3592 831 3651 bubus
859 3594 1036 3651 medeatur:
1073 3593 1212 3651 nonnulli

59 3704 170 3779 pellem
193 3701 341 3776 serpentis
364 3699 506 3758 obtritam
530 3692 675 3775 (abritum
694 3697 758 3758 eol.
779 3691 879 3778 Saug.)
901 3715 969 3758 cum
988 3700 1056 3757 uiuo
1075 3700 1208 3757 misceat.

61 3817 108 3869 est
132 3810 224 3868 etiam
247 3807 380 3866 remedio
404 3823 472 3865 cum
497 3807 581 3864 attici
601 3807 670 3864 uino
693 3807 797 3864 tritum
815 3807 994 3879 serpullum,
1018 3812 1061 3863 est
1085 3807 1208 3864 concisa

61 3926 92 3978 et
127 3917 159 3974 in
193 3930 275 3988 apuu
304 3917 463 3973 macerato
490 3914 586 3972 scilla.
632 3929 711 3986 quae
739 3928 838 3972 omues
862 3912 1045 3986 praedictae
1071 3915 1209 3985 potiones

61 4027 157 4085 trium
180 4023 371 4082 heminarum
393 4020 521 4094 sinpulis
545 4019 649 4078 diebus
669 4037 728 4095 per
751 4019 886 4078 triduum
906 4020 997 4076 datae
1016 4020 1115 4075 aluum
1131 4036 1207 4091 pur·-

58 4137 139 4208 punt
167 4130 357 4204 depulsisque
384 4128 464 4186 uitiis
492 4132 636 4186 recreant
663 4128 751 4186 uires.
780 4118 819 4206 (c.
842 4116 919 4203 103)
947 4125 1078 4183 maxime
1107 4131 1206 4183 tumea

60 4241 195 4301 babetur
221 4238 367 4296 salutaris
396 4250 539 4311 amurca,
571 4235 599 4292 si
625 4234 801 4292 tantundem
832 4249 931 4305 aquae
958 4233 1085 4291 misceas
1113 4240 1142 4291 et
1169 4249 1207 4291 aa

58 4363 155 4426 pecus
179 4348 343 4405 insuescas.
382 4359 462 4416 ortae
481 4343 622 4417 protimts
646 4341 719 4399 atari
741 4357 799 4400 uon
820 4347 925 4415 potest,
948 4341 1004 4399 seat
1021 4343 1122 4416 primo
1146 4340 1209 4399 cibi

61 4458 303 4533 exasperabatur,
321 4451 430 4510 deiude
449 4442 651 4528 (adsperpuut
671 4449 708 4508 ate
727 4446 790 4507 cod.
811 4445 912 4526 Saug.)
931 4449 1045 4521 eaipua
1066 4449 1206 4523 porticae
