2874 4994
291 329 340 384 DE
358 330 447 386 AGRI
466 331 639 388 GVLTVRA
658 333 799 389 LIBRVM
817 333 846 391 0.
868 333 996 392 65-67
1154 331 1214 396 101

69 486 276 546 mundissimis
308 491 393 549 molis
423 492 591 566 suspensis,
623 509 662 551 ne
693 493 819 551 nucleus
848 491 1032 568 saccentur,
1065 492 1104 555 ib.
1124 490 1215 569 52,ss

68 596 180 667 molae,
213 599 288 669 qnia
317 594 496 671 facillimam
526 600 689 674 patiuntur
721 601 1026 674 administrationem,
1059 619 1128 661 cum
1157 621 1216 679 pro

68 703 283 773 maonitudine
306 704 454 763 bacarum
477 707 525 765 oei
546 707 691 765 summitti
713 709 760 765 oei
781 708 872 766 etiam
891 709 1007 767 elevari
1023 712 1155 784 possint,
1178 728 1217 770 ne

66 811 205 884 nucleus,
229 813 284 884 qui
304 828 445 888 saporem
467 814 527 873 olei
548 815 643 893 vitiat,
671 812 896 888 confrinpatur.
942 815 1105 892 geminatae
1128 833 1215 894 nega·

66 916 159 974 tionis
184 915 318 996 exempla
341 915 410 977 dedi
432 919 464 977 in
486 915 569 978 Varr.
589 937 612 977 r.
632 935 655 977 r.
674 916 687 977 Ι
705 913 736 998 2,
754 915 806 980 23.

159 1021 345 1084 Certinam
373 1023 571 1103 plumbeam
599 1025 634 1084 in
662 1023 778 1085 lacum
806 1015 946 1104 ponito]
976 1028 1013 1088 In
1041 1032 1143 1090 lacum
1171 1032 1214 1090 in-

61 1133 171 1205 punita
196 1129 386 1191 scribendum
410 1148 476 1190 esse
500 1132 614 1192 conieci
637 1149 727 1211 supra
750 1127 802 1211 52,
820 1129 850 1193 2.

160 1235 226 1296 Ubi
248 1236 408 1298 factores
432 1236 599 1299 uectibus
622 1236 798 1317 prement]
830 1241 972 1302 Prement
994 1241 1161 1321 apographa
1185 1252 1215 1302 et

64 1344 160 1404 editio
181 1342 312 1423 Victorii,
327 1348 497 1420 premerint
515 1344 605 1405 editio
625 1346 765 1424 princeps
784 1345 940 1407 manifesto
960 1347 1083 1409 editoris
1102 1367 1215 1430 errore,

65 1469 158 1529 quem
183 1450 345 1513 Politiauus
373 1470 409 1512 ex
438 1450 540 1512 codice
564 1470 623 1513 nou
647 1455 791 1534 correxit,
819 1453 871 1514 sed
895 1453 987 1514 rubro
1012 1454 1112 1517 colore
1135 1465 1215 1517 nient

64 1560 290 1638 superscripsit.
480 1548 484 1556 ’

158 1665 281 1727 Oleum
314 1667 349 1727 in
382 1665 520 1727 labrum
552 1668 704 1745 primum
735 1667 852 1730 indito
884 1668 966 1730 inde
995 1672 1031 1730 in
1059 1669 1215 1730 alterum

63 1774 202 1835 dolium
220 1769 364 1852 indito]
398 1772 503 1834 Oleum
536 1775 655 1853 saepius
688 1775 957 1837 transfundendum
990 1794 1056 1837 esse
1089 1775 1214 1837 docetur

63 1891 171 1961 postea
190 1879 242 1963 67,
261 1879 290 1943 2.
319 1883 488 1971 accuratius
507 1899 540 1941 ea
559 1881 596 1943 de
621 1899 652 1941 re
677 1885 830 1961 praecepit
849 1882 1008 1944 Columella
1027 1879 1213 1964 X1152,11.

63 1989 135 2050 iude
165 1988 317 2050 Gesnerus
344 1997 375 2049 et
403 1988 605 2049 Schneiderus
638 2007 672 2048 ca
705 2008 780 2068 quae
812 1989 870 2050 boc
902 1990 967 2051 loeo
1000 1993 1111 2070 scripta
1143 2000 1213 2051 sunt

62 2097 172 2158 lacuna
195 2105 336 2175 corrupta
360 2114 426 2157 esse
451 2098 653 2157 coniecerunt

154 2204 340 2265 Amurcam
364 2201 519 2280 deerito]
540 2204 686 2265 Deborito
704 2202 860 2283 Angelius,
879 2214 947 2282 post
966 2204 1044 2264 hcine
1065 2203 1213 2265 Victorius

62 2324 94 2374 et
118 2311 226 2372 deinde
255 2311 364 2390 reliqui
392 2310 535 2392 editores,
566 2312 593 2371 h.
613 2330 638 2372 c.
662 2313 833 2374 debaurilo.
879 2310 934 2371 alia
958 2314 1022 2372 eius
1047 2313 1213 2390 scripturae

61 2420 199 2498 exempla
227 2423 258 2480 iu
287 2420 343 2480 boc
371 2418 462 2479 verbo
490 2438 549 2479 nou
578 2420 685 2479 iuveni.
733 2436 799 2478 uam
828 2428 1003 2497 corruptum
1029 2427 1074 2478 est
1100 2416 1213 2498 156,4

62 2532 216 2589 deoritnm
253 2546 357 2588 versus
395 2528 458 2587 ibit.
508 2528 633 2586 omissae
671 2528 701 2586 in
738 2524 843 2586 eodem
881 2525 970 2586 verbo
1003 2525 1212 2604 adspirationis

61 2616 198 2697 exempla
222 2637 257 2677 ex
281 2615 414 2677 Lucretii
439 2614 592 2677 codicibus
615 2614 697 2676 dedit
715 2614 922 2675 Lachmannus
948 2617 978 2674 iu
997 2613 1085 2675 Lucr.
1101 2612 1123 2672 V
1137 2611 1211 2695 516,

61 2744 98 2784 ex
123 2722 246 2802 Vergilii
270 2722 354 2784 libris
377 2721 558 2782 Ribbeckius
581 2721 656 2801 prol.
680 2723 710 2781 iu
735 2718 820 2798 Vcrg.
839 2741 867 2800 p.
887 2718 960 2782 422.

153 2832 266 2892 vass
305 2829 320 2890 l
360 2830 447 2890 ltem
481 2828 644 2891 custodis
682 2828 807 2888 cilicia
839 2830 899 2907 qui
936 2830 971 2888 iu
1010 2828 1210 2889 torculario

60 2949 172 3000 erunt
201 2956 283 2999 uasa
312 2955 399 3016 pura
426 2935 580 2997 habeant
608 2945 807 3015 curentque
836 2937 889 2996 uti
918 2935 993 2996 olea
1018 2934 1107 2996 bene
1132 2954 1210 3015 per·

60 3049 217 3108 liciatur
241 3045 402 3124 beneque
426 3046 588 3105 siccetur
612 3042 708 3122 ligna
732 3045 767 3103 iu
791 3042 992 3103 torculario
1017 3062 1057 3102 ne
1082 3044 1210 3103 cedant

60 3154 181 3215 oleum
210 3154 423 3231 frequenter
452 3152 596 3229 capiant
623 3150 825 3210 lectoribus
852 3149 912 3210 dct
939 3153 973 3209 iu
998 3150 1115 3209 lactus
1140 3149 1210 3210 olei

60 3259 257 3337 sextarios]
288 3257 435 3320 Rubricae
465 3258 529 3319 loco
557 3260 588 3317 in
616 3257 775 3338 archetypo
804 3259 988 3337 praescripta
1015 3268 1099 3316 erant
1127 3257 1209 3337 llaec,

60 3388 137 3448 tiriae
168 3372 197 3428 iu
226 3367 324 3428 indice
354 3365 552 3447 capitulorum
580 3368 705 3445 repetita
734 3375 817 3446 silut,
846 3366 921 3425 item
945 3366 1078 3425 custodis
1101 3368 1155 3439 qni
1177 3368 1207 3424 in

58 3479 232 3537 torculario
261 3477 321 3534 erit
348 3472 462 3549 assicia.
507 3475 538 3532 in
567 3474 640 3552 ipsis
668 3451 792 3533 Catonis
818 3469 914 3531 verbis
942 3488 1021 3546 quiae
1050 3474 1081 3530 in
1107 3480 1208 3532 toreu-

10 3566 21 3587 '
58 3588 142 3646 lario
166 3590 256 3644 erunt
280 3580 362 3641 dedit
385 3579 506 3662 Merula,
533 3582 608 3642 Item
631 3583 765 3643 custodis
788 3579 901 3656 officio.
948 3595 1026 3653 quae
1050 3581 1081 3639 in
1105 3588 1206 3639 torcu-

58 3696 140 3753 lario
165 3696 257 3751 mant
279 3706 361 3767 oasa,
382 3707 465 3765 pura
488 3690 600 3749 babeat
619 3696 764 3763 curetque
782 3691 829 3748 uti
846 3691 912 3748 olea
932 3687 1007 3746 bene
1022 3689 1207 3762 perficiatur

58 3801 196 3873 beneque
227 3799 370 3856 siccetur.
416 3798 500 3870 liano
534 3798 565 3855 in
594 3798 762 3856 torculario
790 3813 828 3855 ne
855 3796 974 3853 caedat.
1022 3797 1116 3853 oleum
1142 3792 1206 3868 fre·

57 3913 190 3983 quenter
213 3907 341 3980 caputet.
367 3902 540 3978 factoribus
564 3905 615 3964 det
638 3907 669 3962 in
692 3905 826 3976 sinuatos
845 3900 950 3976 sactus
974 3902 1032 3959 olei
1054 3904 1206 3960 sextarios

57 4012 223 4075 iucundus.
264 4014 332 4071 item
356 4013 489 4072 custodis
513 4010 617 4086 officia
642 4007 790 4070 Victorius
813 4010 843 4068 iu
868 4005 954 4066 titulo
974 4007 1078 4082 capitis
1097 4009 1206 4086 posuit,

57 4119 169 4182 deinde
193 4121 223 4178 in
249 4127 330 4178 textu
355 4116 514 4178 verborum
538 4119 651 4197 omisit;
677 4135 712 4176 ex
735 4116 838 4175 Aldina
863 4114 991 4173 editione
1016 4116 1046 4172 in
1070 4116 1207 4187 sinanlos

54 4229 163 4306 sactus
188 4227 314 4305 recepit,
341 4228 372 4285 in
401 4224 524 4302 reliquis
552 4236 681 4285 veterem
712 4224 867 4295 lectionem
897 4222 1036 4281 restituit.
1083 4228 1205 4300 apparet

60 4344 162 4396 autem
187 4332 261 4392 haec
285 4350 359 4415 qnae
383 4335 413 4392 iu
437 4308 596 4410 archetypo
618 4333 648 4391 in
668 4332 752 4391 initio
772 4332 839 4390 novi
859 4331 964 4407 capitis
983 4331 1092 4406 scripta
1112 4337 1205 4409 crant,

58 4447 130 4504 item
164 4441 298 4501 custodis
330 4438 448 4515 officia,
480 4457 584 4518 parum
617 4448 683 4518 apte
716 4438 771 4498 hoc
800 4437 864 4497 loeo
892 4438 988 4514 posita
1016 4454 1090 4497 esse.
1138 4456 1204 4497 nam
