2874 4994
141 310 207 374 200
483 319 674 375 GOMMENT.
693 320 733 374 IN
750 318 939 375 vultuosus

141 476 245 557 oratio,
269 476 295 535 si
318 474 414 535 deleto
438 480 533 537 mulos
556 474 741 535 scriberetur
767 492 837 536 cum
858 477 955 537 sciunt
978 477 1129 535 υνυλυννιπ
1145 491 1251 554 manes,

141 601 209 644 cum
230 590 413 660 pasceretur
430 616 479 657 —‚
497 569 579 645 ultro
598 586 850 659 circumfluxisse.
888 581 941 643 ssd
960 583 1098 661 ineptam
1114 587 1158 641 eat
1172 588 1252 643 tauros

140 695 239 752 solere
267 693 402 752 diversos
428 693 591 763 adsistere,
620 692 672 770 qui
702 688 840 752 clunibus
868 690 1035 751 continuati
1062 696 1148 749 stant
1178 688 1253 768 banos

141 800 286 859 αάνννοοο
310 798 426 875 scripsi.
464 814 531 856 nam
554 795 628 857 muli
646 798 872 858 circumsistunt
890 793 1004 875 lupum,
1027 803 1063 856 ut
1080 792 1191 873 ungulis
1207 812 1254 855 cas

142 904 222 984 dant,
245 906 323 964 tauri
347 903 498 965 adsistunt
520 902 636 964 adversi
665 913 695 964 et
721 905 885 964 continuati
906 898 1062 983 clunibus,
1087 908 1124 961 ut
1142 900 1255 962 cornibus

141 1030 209 1073 eum
233 1009 416 1090 propulsent.

232 1117 347 1189 Quiane
372 1117 412 1179 de
437 1115 589 1179 canibus
612 1120 777 1197 quoniam
800 1134 934 1197 genera
957 1114 1027 1177 dun
1046 1133 1152 1203 unum
1173 1134 1256 1177 nem·

141 1228 251 1287 ticum
266 1235 301 1287 et
315 1227 477 1305 pertinet
496 1224 535 1285 ad
556 1225 651 1285 ieras
670 1223 835 1285 bestibus
853 1222 1142 1285 assilucstribns
1155 1222 1258 1284 assilu-

142 1332 421 1393 estresalterum
432 1331 523 1410 quod
535 1330 723 1393 custodiae
738 1348 843 1392 causa
858 1340 1010 1410 paratur
1023 1336 1061 1391 st
1073 1328 1258 1411 pertinctal

143 1450 322 1520 pastorem
335 1438 449 1500 dicam
463 1437 505 1498 de
519 1457 558 1498 co
574 1438 614 1499 ad
628 1439 773 1499 lormam
788 1440 881 1499 artis
894 1438 1097 1517 expositam
1111 1438 1146 1497 ln
1160 1454 1260 1497 nonen

141 1544 277 1627 partes]
289 1547 335 1608 De
345 1549 473 1607 cunibus
483 1564 611 1622 quorum
623 1564 741 1622 penora
758 1548 818 1607 duo
828 1544 1018 1605 llarilandus
1034 1541 1262 1623 epistorltp.13

145 1671 202 1714 ιιοο
223 1651 371 1714 intellecta
396 1655 422 1712 vi
446 1662 477 1713 et
501 1671 557 1713 usu
576 1654 806 1732 praepositionis
824 1654 871 1727 de,
898 1668 957 1730 qua
984 1651 1159 1712 universum
1183 1669 1265 1730 genus,

142 1760 177 1821 ad
208 1759 287 1840 quod
316 1758 487 1820 distributio
517 1762 660 1839 pertinet,
687 1755 846 1821 indicatur.
872 1791 911 1802 -
936 1760 981 1819 ud
998 1755 1089 1833 seras
1116 1759 1220 1819 bectens
1236 1774 1265 1817 ac

142 1870 297 1928 siluestres
320 1865 398 1927 edita
421 1865 490 1926 inde
513 1864 550 1926 ab
573 1865 677 1926 Aldina
701 1865 831 1927 editione
856 1864 1051 1946 exemplaria,
1079 1863 1132 1926 nbi
1159 1882 1195 1925 nc
1214 1882 1265 1924 con

143 1975 340 2054 iunctionem‚
363 1991 438 2053 quae
462 1981 602 2053 corrupta
626 1972 781 2053 archetypi
805 1975 953 2053 scriptura
977 1990 1037 2033 nou
1057 1970 1268 2045 commandatur,

145 2079 246 2142 deleri.
270 2115 314 2124 —
340 2083 383 2142 ud
406 2080 538 2157 sormam
569 2084 646 2141 ortis
676 2082 852 2158 dc'spositom
880 2079 994 2140 Merula
1021 2089 1052 2140 ct
1080 2078 1268 2140 Schneiderm

143 2187 237 2247 lorma
252 2189 324 2247 artis
338 2188 369 2247 iu
385 2205 489 2247 novem
504 2196 605 2266 partes
619 2189 752 2266 exposita
766 2186 878 2247 dicitur
892 2206 970 2267 quoe
984 2204 1076 2266 supra
1091 2184 1118 2246 ll
1135 2185 1162 2268 1,
1176 2183 1269 2264 tason.
1313 2198 1315 2247 ἐ

144 2296 276 2372 exposita
300 2301 331 2354 ct
353 2296 383 2354 in
409 2311 513 2354 novem
536 2302 636 2373 partes
661 2293 818 2355 distributa
843 2305 914 2356 erat
1313 2284 1315 2293 ’

233 2396 254 2460 3
288 2399 533 2478 llagnitudlne
558 2400 670 2480 ampla
694 2400 811 2462 oculis
835 2399 1074 2480 nigrantibus
1097 2407 1160 2461 aut
1181 2396 1271 2475 rabia]

146 2506 360 2582 Maanitudt'ne
380 2512 474 2584 ampli
492 2509 619 2568 coniecit
634 2506 844 2567 Schneiderus.
881 2510 980 2568 oculis
997 2508 1273 2582 cipricnotibrcoat

147 2618 231 2673 ranis
250 2612 331 2673 dedit
350 2613 496 2692 prtius
515 2632 616 2693 opusc.
636 2633 661 2674 v.
681 2613 720 2674 lll
745 2633 772 2693 p.
787 2610 851 2675 347
872 2613 908 2674 de
927 2621 998 2674 ravo
1018 2612 1121 2674 colore
1140 2612 1289 2692 otspnun'

146 2727 177 2777 ct
195 2718 333 2778 similiter
352 2721 428 2798 apud
449 2720 640 2781 Columellam
655 2719 718 2780 Vlll
733 2717 763 2801 2,
778 2717 797 2781 l
813 2723 918 2781 ravidi
930 2724 980 2782 nel
990 2722 1185 2796 αίρνίοααλνν
1201 2720 1275 2795 νυνί,

146 2822 198 2884 ubi
221 2827 379 2900 uibrantes
403 2834 449 2886 cst
471 2828 501 2886 iu
526 2827 619 2890 libris.
655 2826 692 2887 de
715 2826 839 2888 canibus
857 2826 965 2888 similla
989 2829 1103 2907 scripta
1123 2834 1194 2887 suut
1214 2823 1276 2904 apul

147 2929 336 2991 Columellam
359 2930 407 2991 Vll
428 2930 472 2993 12
496 2941 526 2992 et
548 2936 579 2993 in
603 2935 774 3012 geoponicia
793 2933 860 2994 xlx
879 2930 911 2996 2.
955 2952 993 2995 cx
1020 2932 1134 3012 qrribus
1160 2936 1195 2994 e‘a
1215 2949 1278 3012 quac

146 3036 181 3097 ad
206 3037 281 3097 banc
301 3045 415 3117 partem
434 3041 586 3118 pertinent
605 3060 639 3101 ax
658 3043 831 3120 geoponicia
850 3040 1026 3114 adscribam,
1055 3039 1068 3102 l
1090 3037 1161 3102 τῶν
1181 3035 1279 3101 κυνῶν

148 3140 338 3225 ἐγκρίνουσι
361 3143 429 3206 τῶν
453 3138 515 3226 μὲν
534 3137 687 3227 ἀρρένων
710 3139 788 3219 τοὺς
812 3148 1038 3227 μιγαλοφνείς
1058 3155 1133 3222 τοῖς
1154 3140 1217 3210 dot
1236 3137 1281 3207 sal

146 3259 217 3324 τοῖς
244 3243 371 3330 ὄγκοις,
402 3245 720 3334 μελανοφθάλμονς,
753 3251 904 3334 μυκτῆρα
936 3245 1113 3334 ὁμόχρουν
1149 3253 1282 3335 ἔχοντας,

146 3358 237 3439 χείλη
261 3355 471 3438 μελανοῦντα
495 3346 515 3438 ἢ
537 3349 718 3440 ὑπέρυθρα
745 3354 801 3421 καί
824 3353 968 3434 ὀδόντας
990 3351 1093 3441 ὀξεῖς,
1121 3361 1283 3442 paradoxa·

145 3458 276 3543 φίλους
298 3459 568 3546 πλατνστίρνονς
591 3459 835 3545 μακροιιῶλους,
859 3466 1043 3548 βραχίονας
1065 3459 1223 3551 στερεοὺς
1238 3458 1284 3526 καί

145 3579 260 3652 παχεῖς
284 3571 429 3653 ἔχοντας,
451 3565 550 3650 σκέλη
575 3561 675 3653 ὀρθοί,
699 3572 730 3634 εί
751 3565 789 3634 δὲ
811 3566 869 3653 μή,
893 3565 1108 3653 σναμβότερα
1127 3562 1284 3654 μᾶλλονῆ

145 3673 277 3756 βλαισοί,
301 3672 408 3751 πόδας
431 3672 602 3759 μεγάλους,
625 3673 663 3739 ἐν
686 3671 723 3741 δὲ
741 3676 786 3764 τῷ
807 3675 993 3758 ἐπιβαίνειν
1011 3677 1285 3762 πλατυνομένονς,

148 3777 331 3857 δακτύλους
356 3778 642 3864 διηρθρωμένους,
665 3777 788 3866 ὄνυχας
810 3782 1099 3869 νεκυρτωμίνους,
1122 3783 1221 3869 ῥάχιν
1243 3776 1286 3848 νίν

146 3893 247 3951 θείαν
271 3887 332 3964 ἕως
354 3888 412 3970 τῆς
434 3881 556 3971 οὐρᾶς,
581 3883 643 3971 τὴν
667 3885 705 3954 δὲ
727 3883 835 3971 οὐρὰν
858 3900 999 3973 παχεῖαν
1023 3884 1093 3956 ἀπὸ
1117 3891 1179 3973 τῆς
1200 3885 1285 3974 horti

147 4012 231 4068 στοις
253 3995 509 4076 μειουρίζουσαν
533 3987 630 4077 ὅλην,
659 3990 790 4078 ὕλαγμα
820 3997 957 4079 ἔχοντας
978 3991 1192 4080 βαρύτατον,
1216 4020 1287 4081 χρυ

148 4115 227 4182 μασι
246 4095 385 4174 λεπτοὺς
402 4096 457 4162 καὶ
474 4096 615 4182 μάλιστα
633 4098 713 4177 τοὺς
731 4096 1008 4178 ἀκολουθοῦντας
1030 4114 1108 4179 τοῖς
1130 4107 1289 4188 ποιμνίοις

148 4198 314 4285 χαροπούς
337 4215 406 4280 τοῖς
429 4200 553 4289 ὄμμασι
575 4206 631 4272 καί
654 4208 883 4290 λεοντοειδεῖς,
906 4204 950 4273 ἄν
973 4230 1009 4273 τε
1033 4209 1156 4289 δασεῖς
1180 4207 1290 4296 suppal-

149 4324 256 4372 νωσιν
279 4306 382 4392 ὄντος,
406 4306 449 4377 ἅν
472 4336 505 4376 τε
530 4317 630 4388 ψιλοί.
675 4314 868 4398 ἐγκρίνουσι
896 4312 936 4380 δὲ
964 4312 1023 4381 παλ
1045 4313 1133 4396 τοὺς
1155 4316 1238 4403 μέγα
1259 4317 1291 4382 τὸ

149 4410 259 4499 χάσμα
283 4417 428 4500 ἔχοντας,
457 4412 581 4502 ὁμοίως
604 4415 642 4485 δὲ
669 4416 827 4498 καὶτοὺς
853 4418 1093 4508 πολυαύχενας
1122 4424 1181 4492 καί
1201 4447 1296 4511 ταχυ
