2874 4994
162 254 169 289 l

358 321 488 376 RERVM
507 319 747 377 RVSTIOARVM
765 320 833 375 LlB.
851 321 891 375 ΙΙΙ
913 320 952 377 16
1160 311 1222 376 301

114 485 223 538 estate
246 475 337 536 bona
361 478 484 538 cinere
509 478 601 538 lacta
622 494 641 555 o
665 475 836 538 ficulneis
859 476 968 555 lignis
992 474 1226 548 infriandnm]

114 607 116 640 ι
146 589 225 645 tecto
252 587 318 644 loco
346 601 385 645 uc
412 587 512 661 tepido
539 602 638 661 prono
667 586 711 645 ad
739 587 896 646 meridiem
927 592 956 643 et
986 580 1093 643 deinde
1123 585 1229 644 cinere
1296 588 1302 595 '

114 697 163 751 eto
187 689 307 769 Merula,
331 693 362 751 in
385 698 463 752 tecto
487 694 553 752 loco
576 709 615 751 ae
638 693 738 768 tepido
763 709 863 768 prono
886 693 930 751 ari
957 692 1114 750 meridiem
1136 707 1228 764 quom

114 799 211 858 exime
234 804 408 875 tempestate
431 799 523 872 bona,
547 804 653 859 etuas
676 801 773 875 ipsum
796 801 901 859 cinere
930 796 1015 874 sacto
1044 816 1060 859 e
1086 800 1227 870 ficulneis

114 906 170 964 mis
190 901 398 979 infricandum
418 903 577 965 lucunulus.
615 904 767 985 archetypi
787 907 937 984 scriptura
956 923 971 964 a
991 902 1120 964 Victorio
1140 905 1226 965 resti·

116 1018 159 1091 ta,
183 1009 234 1069 sed
264 1017 294 1071 et
321 1012 386 1089 ipso
410 1012 514 1085 invito,
539 1021 573 1072 ut
596 1010 726 1092 videtur,
750 1030 785 1072 ex
809 1010 911 1072 Aldina
937 1010 1066 1072 editione
1090 1010 1226 1071 relictum

113 1126 138 1197 t,
162 1125 192 1179 'et
214 1121 320 1179 cinere
344 1117 443 1199 saeta,
467 1119 546 1196 quod
576 1118 672 1180 fraudi
703 1119 759 1179 luit
781 1121 831 1200 iis,
855 1121 906 1198 qui
930 1127 1031 1198 postea
1056 1125 1227 1197 corruptam

114 1226 258 1303 riptnram
283 1223 440 1285 emendare
459 1225 649 1286 striduernut.
683 1228 872 1303 promendae
890 1243 982 1301 quam
1004 1228 1137 1286 maxime
1156 1224 1225 1284 Sca·

114 1350 166 1406 fer,
191 1335 451 1409 promeritumque
478 1335 611 1394 maxime
639 1332 684 1392 vel
708 1335 968 1410 promeritumque
995 1351 1066 1394 uere
1096 1335 1228 1392 manime

114 1440 220 1518 sinus,
249 1442 496 1516 promendaeque
526 1442 597 1501 inde
624 1458 715 1514 quam
737 1443 870 1501 inarime
893 1439 1058 1518 Gesnerus,
1087 1457 1228 1516 promea·

114 1563 151 1606 rm
175 1548 285 1606 deinde
308 1564 398 1622 quom
422 1550 554 1608 maxime
577 1546 788 1608 Scbneiderus.
825 1566 885 1607 non
909 1531 991 1608 recte
1016 1556 1114 1608 autem
1137 1548 1227 1606 inter·

114 1661 181 1713 eles
205 1653 263 1713 buo
286 1652 468 1715 rettulerunt
491 1671 620 1734 eaquae
640 1654 675 1714 de
700 1654 804 1734 apibus
827 1653 925 1714 bieme
948 1652 1137 1732 torpentibus
1158 1669 1226 1712 rere

114 1761 266 1821 suscitatis
299 1768 420 1821 auclore
453 1759 567 1841 Hygino
599 1759 677 1840 apud
710 1759 901 1821 Columellam
936 1759 974 1819 lX
995 1756 1086 1835 13,4
1119 1760 1230 1837 scripta

114 1875 164 1947 nt,
192 1869 339 1943 siquidem
363 1869 524 1944 praecepit
558 1869 660 1942 apium
684 1884 830 1948 corpora,
853 1885 944 1942 quae,
969 1884 1038 1927 eum
1060 1869 1126 1927 eius
1149 1868 1232 1926 modi

114 1977 173 2035 ctis
192 1976 322 2049 incessit,
341 1972 495 2047 rabsaris
518 1977 685 2033 acervatim
709 1981 817 2035 enecta
836 1977 1044 2050 reperiuntur,
1062 1977 1144 2034 sicco
1163 1977 1229 2034 loeo

114 2100 136 2139 r
159 2081 285 2140 hiemem
304 2083 439 2155 reposita
458 2082 546 2140 eirea
570 2082 795 2154 aequinoctium
818 2097 952 2153 uernum,
976 2098 1044 2141 eum
1068 2083 1227 2141 clementia

114 2190 144 2247 ei
165 2188 314 2259 suaserit,
334 2193 404 2262 post
426 2188 532 2247 boram
556 2188 677 2246 tertiam
701 2189 732 2245 in
755 2189 846 2246 solem
872 2185 1019 2263 proferre
1039 2189 1232 2260 ficulncoque

115 2313 190 2354 nere
213 2294 352 2371 obruere,
371 2301 401 2356 et
420 2291 540 2353 brevius
560 2291 636 2372 apud
657 2290 784 2352 Plinium
805 2290 843 2351 Xl
863 2289 905 2353 69
925 2300 995 2354 suut
1013 2296 1067 2368 qui
1084 2299 1228 2367 mortuos,

132 2404 215 2461 iutra
239 2406 351 2461 tectum
373 2402 470 2461 bieme
491 2406 668 2480 seruentur,
691 2401 761 2460 (lein
784 2403 846 2460 sote
874 2418 967 2460 uerno
990 2405 1169 2460 torreantur
1192 2417 1230 2459 ae

114 2511 211 2568 eulaeo
239 2510 345 2568 cinere
372 2512 433 2566 toto
462 2508 512 2566 die
536 2504 714 2582 foveantur,
734 2512 842 2582 putent
865 2509 1062 2567 revivescere.
1108 2512 1231 2584 apparet

114 2616 165 2676 rim
189 2632 259 2693 apes
282 2611 428 2674 imbribus
452 2630 627 2693 oppressae,
651 2612 687 2672 de
716 2611 825 2691 quibus
853 2612 925 2673 baec
948 2631 964 2673 a
988 2611 1118 2673 Varrone
1148 2630 1231 2690 prae·

114 2724 244 2800 piantur,
268 2739 327 2780 non
351 2720 382 2779 in
405 2719 526 2798 longum
551 2730 668 2799 tempus
691 2717 890 2801 reponendas,
914 2719 967 2779 sed
996 2737 1063 2779 mox
1099 2721 1232 2779 reloven·

114 2846 133 2888 ,s
166 2845 241 2888 esse.
287 2828 387 2906 itaque
420 2828 527 2906 scripsi
558 2829 766 2902 reponendum
789 2829 820 2886 in
845 2833 922 2888 tecto
951 2830 1017 2887 ioco
1054 2844 1093 2888 ae
1122 2829 1232 2905 tepido,

114 2937 221 2996 *oaimo
245 2937 295 2994 die
317 2950 407 3008 quam
431 2936 564 2994 maaime
587 2941 761 3010 tempestate
784 2934 863 2994 bona
883 2937 988 2994 cinere
1004 2932 1092 3007 facto
1111 2937 1230 3006 eficut-

114 3045 148 3103 u's
176 3045 266 3117 liquis
296 3039 495 3116 infriandum.
538 3039 642 3114 friare
670 3048 823 3119 praeterea
854 3039 900 3099 bis
929 3041 1073 3116 scriptum
1107 3047 1172 3098 erat
1202 3041 1231 3098 in

114 3148 255 3227 cbetypo,
277 3144 373 3227 19,t
395 3147 520 3224 tristor,
543 3143 595 3227 57,
622 3145 636 3205 l
658 3146 785 3221 adsriat,
810 3145 861 3205 sed
881 3144 921 3204 lll
940 3142 1027 3224 9,12
1048 3143 1233 3221 perfrieent,

114 3253 136 3337 3,
156 3251 199 3316 22
219 3252 434 3331 perfricanda.

173 3360 462 3423 Concutiendum
486 3358 621 3420 leuiter
645 3361 723 3438 ipso
747 3375 832 3419 naso
863 3365 901 3418 ut
929 3374 1030 3417 mauu
1061 3375 1128 3417 non
1158 3365 1232 3418 tan·

114 3489 145 3530 rs
179 3477 214 3530 et
246 3467 431 3547 ponendae
463 3469 498 3528 in
531 3465 619 3543 sole]
645 3467 746 3543 Ipsum
775 3484 832 3526 uas
860 3482 902 3545 m,
930 3463 1009 3544 quod
1039 3466 1071 3525 in
1099 3463 1232 3525 bldinam

114 3577 247 3637 titionem
272 3583 435 3656 receptum,
454 3573 507 3634 sed
530 3575 583 3650 sic,
604 3581 637 3635 ut
660 3590 750 3652 supra
769 3574 923 3651 scriptum,
941 3572 1155 3650 transpositum
1176 3581 1230 3651 est,

136 3701 190 3743 aas
214 3685 310 3758 ipsum
334 3686 438 3744 cinere
461 3699 525 3761 sqq.
549 3680 617 3740 inde
642 3682 672 3740 in
696 3688 798 3759 postea
822 3678 910 3748 editis
933 3678 1151 3758 exemplaribus
1175 3678 1231 3739 boe

114 3807 150 3849 co
175 3791 238 3864 ipso
262 3806 333 3849 uaso
357 3790 500 3849 omissum
531 3795 604 3848 erat.
650 3787 883 3848 concutiendum
911 3788 1017 3846 leuiter
1044 3788 1126 3861 ipsas
1154 3804 1233 3860 rose,

114 3904 118 3923 ²
142 3914 235 3956 mauu
259 3913 318 3956 nou
342 3902 465 3970 tempas,
488 3902 518 3955 et
536 3897 711 3970 ponendam
734 3896 765 3953 im
794 3896 857 3953 sote
879 3891 1044 3952 Pontedera
1068 3910 1095 3969 p.
1115 3889 1177 3951 461
1204 3901 1234 3951 et

114 4001 296 4063 :bneirlerus
334 4003 459 4081 apesin
483 4003 547 4079 ipso
569 4019 646 4081 raso,
665 4002 704 4061 ita
729 4008 761 4060 ut
786 4017 875 4060 mann
899 4016 958 4058 non
979 4006 1145 4076 tangantur,
1165 4013 1234 4055 con·
1286 4039 1289 4042 -

114 4107 240 4170 rtiendae
265 4117 344 4169 sunt.

175 4213 217 4277 38
251 4217 460 4277 Reaiueseuut
483 4216 593 4293 optima
616 4213 799 4295 apographa,
823 4213 1014 4273 reuiuiscuut
1041 4211 1072 4269 iu
1099 4209 1233 4288 principe

114 4323 217 4384 litione
245 4323 408 4384 Politianns
442 4340 500 4381 non
532 4322 671 4382 correxit.
716 4322 890 4381 delitescant
921 4319 952 4378 in
986 4315 1146 4396 archetypo
1179 4316 1235 4377 init

113 4427 197 4504 112,
217 4427 246 4491 3.
697 4414 707 4432 '
