2874 4994
143 300 206 365 194
489 308 680 365 ΟΟΜΜΕΝΤ.
699 307 739 362 ΙΝ
756 304 946 363 VARRONIS

229 460 329 523 Alios
353 461 461 542 eligit
484 462 598 542 adque
621 460 686 521 alit
708 479 746 523 ac
770 459 876 523 docet
897 457 1007 521 aliter
1026 457 1249 540 quadrigarius

141 567 346 646 adesultor]
371 571 533 631 Adesrrltor
556 568 682 648 plurima
706 567 882 648 apographa,
906 568 1088 628 adderem
1103 565 1249 629 wdnlae

141 695 236 756 senas,
260 694 299 738 ac
328 678 462 737 desultor
485 675 648 737 Politianns
676 676 706 736 in
735 677 870 755 principe
898 673 1031 735 editione
1060 690 1120 734 non
1144 676 1251 735 conexit

141 787 232 844 aliter
255 786 343 844 docet
366 801 421 862 pro
445 787 562 844 alitae
585 786 673 844 docet
696 781 887 843 scribendum
911 782 1042 842 coniecit
1064 778 1210 843 Genterns

230 889 351 969 Neque
375 889 467 950 idem
490 893 552 969 qui
575 891 760 950 uectorios
780 889 900 949 iacere
918 885 1061 949 united
1079 886 1253 968 epbipplnn

142 1006 202 1059 arrt
226 997 265 1057 ad
290 996 454 1077 praedam
480 996 571 1076 qnod
598 1006 634 1057 ιιι
657 996 695 1056 ad
726 1013 797 1058 rens
826 993 1017 1057 militarem
1047 992 1140 1075 qnod
1164 992 1208 1054 ili
1226 992 1255 1055 al

142 1114 260 1165 cestra
284 1102 416 1164 babere
432 1101 558 1164 nolunt
577 1121 679 1163 acres
697 1105 749 1163 sic
768 1111 893 1164 contra
916 1104 952 1163 in
970 1103 1045 1163 niis
1063 1099 1192 1162 babere
1207 1119 1256 1161 nr·

143 1212 221 1273 lunt
244 1209 424 1290 placidos]
451 1211 500 1272 Ibi
520 1213 635 1272 bebere
658 1213 701 1272 ad
722 1217 828 1271 casim
849 1212 953 1271 volunt
976 1210 1070 1270 ecies.
1106 1208 1258 1271 senem

143 1317 263 1379 Merula.
300 1336 398 1394 neque
426 1319 513 1393 idem,
545 1320 600 1393 qui
630 1319 782 1379 nestorios
806 1315 916 1393 fucere
942 1318 1014 1377 enit.
1055 1332 1154 1393 neque
1180 1317 1260 1403 ecda

143 1427 229 1487 mode
249 1432 407 1503 parantur
425 1426 469 1485 ed
489 1426 671 1502 ephippium,
693 1431 728 1485 ut
750 1425 976 1504 adpraedam,
997 1424 1083 1498 qnod
1103 1429 1139 1484 ret
1158 1424 1199 1485 nd
1213 1440 1261 1484 ren

143 1534 320 1606 militarem,
343 1534 426 1607 quod
449 1534 493 1592 ibi
514 1534 558 1592 ed
579 1539 685 1593 castro
707 1533 822 1592 bebere
845 1534 949 1592 volunt
970 1547 1070 1592 acres.
1108 1530 1162 1591 Sic
1178 1537 1263 1592 enno

144 1642 175 1699 in
200 1641 255 1699 eir's
283 1640 398 1700 bebere
426 1642 542 1699 molunt
565 1640 706 1715 placidos
734 1636 898 1718 lucerndns,
931 1636 982 1699 nbi
1006 1635 1136 1698 Ursinus
1162 1639 1265 1699 rieden

144 1762 199 1824 pro
220 1747 371 1821 praedam
394 1743 586 1805 scribendum
615 1753 645 1805 et
667 1743 776 1804 deinde
799 1746 883 1820 qued
904 1746 948 1806 ibi
970 1746 1013 1806 ad
1035 1753 1144 1806 carna
1165 1743 1266 1805 deiende

144 1869 210 1912 esse
229 1850 389 1912 adnotavit.
426 1851 577 1932 archetypi
598 1851 757 1913 lectionem
772 1850 921 1913 Victorius
941 1853 1083 1934 restitnit,
1101 1852 1155 1913 sed
1170 1870 1267 1932 preren

146 1957 279 2019 vocabuli
309 1959 433 2019 lornant
467 1962 617 2020 nestorios
650 1978 686 2019 ex
718 1957 822 2019 Aldina
854 1957 986 2020 editione
1019 1961 1155 2020 retinuit
1191 1976 1269 2034 nequ
1310 1988 1312 2022 ι

145 2068 215 2127 item
234 2064 326 2127 voluit
344 2065 509 2146 Gesnerus3
527 2065 634 2126 deinde
654 2075 788 2126 correcta
803 2083 893 2146 prava
912 2064 1072 2128 verborum
1091 2065 1270 2144 disrncuons,

145 2190 220 2251 quae
244 2172 313 2232 inde
336 2191 352 2232 a
376 2174 511 2252 principe
536 2172 665 2233 editione
689 2181 766 2254 erat,
795 2184 825 2234 et
849 2171 947 2233 verbis
970 2174 1103 2235 adrem
1130 2175 1270 2235 militnm

148 2259 296 2358 tamqnam
321 2278 418 2358 glossa
442 2280 551 2339 rietatis
574 2277 667 2339 edidit
685 2281 768 2354 quod
784 2287 819 2340 ut
836 2274 899 2360 [ad
916 2297 981 2341 rem
998 2281 1173 2354 militarem,
1189 2271 1269 2358 qued]

145 2387 189 2446 idi
211 2387 254 2446 ad
276 2393 382 2447 eostre
404 2387 519 2447 ladem
543 2389 644 2447 volunt
662 2404 761 2464 acres,
784 2389 829 2446 sie
847 2393 958 2447 contra
980 2403 1046 2466 sqq.
1083 2385 1271 2466 interpnlrtsn

143 2491 265 2553 Aldinae
289 2492 428 2554 editionis
451 2492 620 2574 lectionem,
643 2495 723 2554 sicut
750 2492 834 2575 solet,
853 2491 1057 2554 Schneiderns
1075 2492 1218 2574 probarit,
1232 2493 1272 2572 qni

144 2598 217 2659 haec
245 2602 284 2660 ita
313 2598 419 2679 edidit,
447 2618 544 2676 oeque
573 2603 656 2675 item,
688 2604 743 2676 qui
769 2602 919 2662 nestorios
943 2599 1055 2677 secere
1082 2605 1164 2674 vult;
1193 2618 1272 2676 seqre

147 2707 251 2767 eodem
275 2709 362 2767 medo
385 2714 542 2783 parentur
569 2711 613 2768 od
638 2710 811 2785 ephippium
839 2715 893 2768 out
915 2710 960 2769 ed
980 2710 1126 2769 rhedam:
1156 2709 1233 2784 quod
1248 2716 1273 2768 ιιι

144 2808 207 2887 [od
227 2829 292 2872 rem
319 2815 494 2885 militarem,
521 2808 622 2893 qood]
650 2815 694 2874 tet·
715 2816 759 2875 ed
786 2822 891 2876 castra
920 2816 1036 2876 belem
1063 2818 1168 2876 volent
1192 2831 1274 2886 acres

145 2921 192 2978 sie
216 2925 325 2979 contra
344 2936 408 2998 sqq.
433 2923 624 2980 vestararios
649 2920 726 2980 idem
750 2923 780 2981 in
805 2920 993 2982 adnotatione
1022 2923 1161 2983 coniecit.
1196 2931 1274 2982 uros

146 3026 241 3103 posita
265 3034 299 3086 ut
322 3024 466 3105 particula
490 3028 597 3105 scripsi
625 3045 722 3102 oeque
749 3030 829 3090 idem
851 3031 907 3104 qui
927 3032 1077 3090 vectorios
1097 3026 1208 3104 faeere
1227 3030 1276 3087 onlt

144 3134 189 3192 od
210 3135 382 3210 ephippirrm
406 3141 460 3194 aut
483 3136 527 3194 od
547 3135 685 3215 raedam,
707 3137 791 3209 qnod
811 3136 855 3195 od
876 3152 941 3196 rem
959 3137 1133 3214 militarem,
1156 3136 1234 3211 qnod
1251 3141 1278 3193 ιιι

145 3239 189 3299 ibi
219 3243 263 3300 orl
294 3247 399 3301 costra
427 3242 542 3301 noem
569 3244 672 3302 volunt
699 3258 802 3321 acres,
829 3244 874 3302 ric
899 3249 1008 3303 contre
1037 3245 1069 3302 in
1098 3245 1156 3303 vir's
1178 3243 1279 3302 bebere

146 3349 261 3406 molunt
280 3349 429 3424 placidos.
465 3365 642 3426 quamquam
667 3346 848 3426 probabilius
872 3349 963 3409 inerit
985 3350 1069 3423 qnod
1090 3351 1279 3425 posceres

144 3456 316 3514 militarem.
359 3455 409 3531 qni
433 3472 526 3533 equos
551 3457 697 3514 vectorios
722 3454 766 3514 vel
786 3454 822 3515 ad
846 3453 1017 3535 ephippium
1041 3454 1089 3515 rel
1114 3457 1150 3517 ad
1175 3454 1280 3517 ηειιιιιι

146 3559 243 3618 lacere
268 3557 331 3619 vult
353 3577 412 3619 non
436 3559 514 3620 idem
535 3561 613 3643 iacit,
637 3560 714 3640 qnod
739 3563 764 3621 is
785 3563 836 3640 qui
854 3561 974 3622 eosdem
993 3560 1029 3621 ed
1049 3579 1117 3623 rem
1137 3562 1281 3624 militarem

147 3666 269 3724 idoneos
294 3665 390 3725 iacere
414 3665 485 3744 vult,
509 3676 666 3746 propterea
695 3665 773 3745 quod
804 3677 835 3726 ut
864 3668 893 3726 in
918 3664 994 3726 bello
1023 3666 1059 3727 ad
1084 3677 1184 3731 castra
1209 3685 1283 3730 acres

146 3769 255 3830 babere
281 3770 382 3832 volunt
405 3791 507 3853 equos,
532 3775 570 3833 ita
595 3775 659 3833 rnri
682 3774 711 3833 in
738 3774 791 3833 viis
814 3771 945 3852 placidos
968 3771 1081 3835 babere
1106 3775 1228 3837 malunt

234 3875 393 3957 Demptis
435 3881 527 3939 enim
561 3879 747 3940 testiculis
780 3880 876 3940 liunt
904 3882 1115 3958 quietiores
1147 3893 1183 3944 et
1212 3882 1283 3943 ideo

145 3984 236 4062 quod
262 3987 398 4046 semine
423 3998 549 4047 carent
571 3988 597 4047 ii
621 3987 801 4047 cantherii
825 3984 1017 4067 appellati]
1048 3990 1206 4067 Appellnti
1225 4006 1285 4068 ape

145 4091 264 4170 grapho,
284 4109 343 4151 non
368 4096 570 4169 appellantur,
594 4093 672 4173 quod
693 4095 722 4153 in
742 4095 878 4173 principe
897 4092 1027 4154 editione
1047 4092 1217 4158 Politianus
1234 4114 1286 4156 nou

145 4199 284 4257 correxit.
322 4206 352 4257 et
371 4200 438 4259 ideo
461 4202 543 4275 quod
559 4204 673 4262 semine
691 4209 808 4275 carent,
827 4204 851 4260 r’s'
868 4202 1004 4262 cantati
1020 4205 1176 4278 appellati
1191 4202 1288 4266 lucrin-

146 4301 203 4360 dus
227 4309 257 4361 et
280 4301 385 4362 deinde
410 4305 516 4385 reliqui
541 4306 680 4385 editores,
703 4309 788 4387 qnasi
811 4326 827 4368 a
851 4306 980 4368 carendo
1003 4312 1138 4371 canterii
1161 4309 1290 4392 appellati

146 4417 255 4467 essent.
300 4406 396 4470 deleto
425 4420 454 4471 et
482 4412 701 4474 distinctionem
727 4412 885 4475 verborum
913 4432 989 4495 quae
1017 4417 1050 4476 in
1077 4419 1291 4499 antiquissimis
