2874 4994
360 119 491 176 nuttvu
508 119 749 176 nvsuicduvu
766 119 834 176 utu.
853 120 879 174 ll
900 118 916 174 1
1150 107 1209 172 137

10 284 15 307 '
72 273 174 342 nibus
196 284 301 337 notae
324 293 340 336 a
360 293 488 354 pecore
511 278 547 336 in
570 276 657 336 mari
677 273 768 355 quod
793 271 1083 350 nominauerunt]
1099 274 1209 347 Etiam,

74 381 149 465 quod
170 384 201 443 in
223 384 358 461 principe
378 383 507 444 editione
529 384 671 443 omissum
691 400 788 461 neque
808 400 823 440 a
843 379 986 441 Politiano
1006 379 1137 440 additum
1156 389 1210 459 est,

22 492 28 501 '
74 491 177 568 legitur
202 491 233 550 ιιι
261 487 398 550 omnibus
431 487 615 569 apographis.
660 491 819 564 regionum
833 496 936 575 ,notae
962 505 997 546 ει
1022 485 1123 546 Aldina
1152 487 1211 547 edi·

77 600 153 659 tione
178 602 330 676 receptum
359 604 433 658 erat
478 615 498 657 a
524 613 639 673 pecore
667 602 815 675 tamquam
844 595 971 674 glossam
995 592 1145 654 Gesnevus
1168 596 1211 653 in·

40 710 43 715 '
78 701 168 764 clusit.
209 701 261 763 sed
286 706 495 783 praetereatis
518 705 600 764 mori
621 721 657 763 ει
681 700 886 782 superioribus
911 700 1028 760 videtur
1052 701 1211 783 repetitum

81 826 153 888 εεεε,
174 827 214 871 on
241 827 302 871 uon
333 813 424 871 eliam
451 813 521 871 item
549 813 580 871 in
608 813 690 871 mori
716 818 862 885 terraque
885 810 924 870 ab
954 810 1001 869 leis
1023 801 1057 887 (i.
1077 825 1101 867 ε.
1125 824 1141 866 a
1163 824 1213 886 pe·

83 912 193 995 suariis)
217 918 393 992 ropionibus
415 924 515 999 notae,
538 919 621 992 quod
641 919 882 978 nominaverunt.

72 1094 75 1101 Δ
162 1020 391 1084 Cantherium
425 1032 577 1085 montem
607 1040 712 1084 tinum
742 1022 919 1083 thracium
948 1020 1101 1083 alterum
1129 1021 1212 1080 cim·

86 1128 239 1207 merium]
259 1131 426 1208 Bosporum
449 1147 542 1191 unum
565 1148 600 1190 ex
624 1132 759 1210 principe
777 1130 907 1190 editione
929 1137 1082 1207 receptum
1107 1135 1162 1205 est,
1184 1133 1214 1186 et

85 1234 197 1296 iortasse
216 1238 246 1297 in
266 1236 379 1318 lacuna,
397 1255 485 1316 quam
504 1237 573 1296 olim
593 1236 800 1317 indicaveram,
820 1237 908 1296 etiam
927 1235 1011 1314 plora
1030 1233 1213 1294 exciderunt.

156 1339 175 1404 9
207 1342 367 1422 lienique
400 1345 436 1403 in
468 1343 570 1403 italia
603 1362 619 1404 a
653 1342 782 1404 uitulis
815 1353 852 1405 ut
884 1341 1015 1404 scribit
1048 1337 1141 1420 piso]
1175 1339 1213 1400 Io
1327 1391 1329 1394 .

80 1443 180 1510 indeo
209 1451 344 1529 principe
372 1449 501 1520 editione
530 1451 674 1511 omissum
707 1459 779 1512 erat.
825 1468 878 1530 pro
911 1448 969 1510 hoc
1002 1466 1061 1510 uon
1093 1446 1214 1524 scripsi:
1248 1514 1249 1518 Ἰ

84 1567 140 1616 nam
169 1556 243 1617 haec
275 1574 408 1636 quoque,
437 1559 516 1617 sicut
548 1556 676 1638 reliqua,
704 1558 828 1618 formam
861 1556 970 1617 liabent
1003 1552 1214 1635 interrogandi,

86 1661 201 1739 dmt'pue
222 1680 284 1724 nou
308 1664 401 1725 Italia
424 1682 444 1724 o
467 1667 588 1725 uitulus?

156 1771 222 1830 des
246 1772 540 1849 antiquissimum
564 1770 655 1850 quod
680 1780 736 1831 est
759 1770 886 1831 ilatum
911 1786 1041 1848 pecore
1070 1776 1124 1828 est
1153 1785 1213 1827 no-

87 1874 200 1954 tatum]
230 1878 318 1949 Quod
335 1886 380 1938 est
402 1881 566 1953 conflatum
591 1896 704 1955 pecore
723 1885 767 1938 εει
781 1885 908 1954 pectore
926 1883 1060 1936 notatum
1080 1892 1117 1954 m,
1136 1877 1218 1949 quod

10 1994 31 2057 ξ·
83 1986 232 2058 conflatum
251 2002 373 2061 placore,
393 1992 517 2062 pecore
531 1995 575 2046 εει
598 1993 733 2045 notatum
758 1982 917 2064 iucundus,
940 1984 1022 2058 quod
1039 1984 1148 2056 flatum
1171 1987 1216 2041 est

76 2107 188 2172 pecore,
204 2108 319 2168 pecore
341 2098 386 2152 εει
408 2098 543 2153 notatum
563 2090 719 2171 Victorius,
743 2109 818 2171 quae
837 2089 925 2151 lectio
942 2087 1049 2149 deinde
1069 2086 1214 2148 editiones

10 2210 27 2229 ⁸
77 2196 224 2278 usquead
249 2196 414 2258 Gesnerum
438 2200 601 2278 occupavit.

162 2301 204 2365 10
235 2303 277 2366 Et
308 2305 400 2384 quod
424 2304 528 2365 urbis
556 2322 633 2366 cum
666 2304 813 2366 condita
846 2313 900 2365 εει
923 2310 1026 2364 tauro
1050 2309 1086 2361 et
1110 2318 1216 2362 uacca

70 2428 161 2491 quae
185 2419 308 2472 essent
331 2413 423 2472 muri
446 2420 481 2472 et
503 2419 629 2492 portae
652 2411 860 2490 delinitum]
885 2413 926 2472 ut
946 2412 1029 2486 quod
1049 2409 1124 2471 urbs
1148 2426 1217 2470 cum

10 2498 14 2513 ¹
67 2521 197 2580 condita
224 2525 268 2580 εει
291 2525 382 2579 tauro
405 2526 435 2579 et
457 2537 566 2594 uacca,
594 2523 649 2596 qui
679 2528 777 2583 esseut
803 2521 899 2581 muris
923 2524 1034 2596 portae
1062 2519 1217 2591 definitum

66 2621 194 2704 Merula,
217 2629 247 2684 ει
268 2625 351 2697 quod
372 2624 446 2683 urbs
469 2640 538 2684 cum
561 2627 687 2685 condito
705 2633 759 2699 εει,
778 2633 868 2686 tauro
887 2631 917 2685 et
934 2641 1031 2684 vacco
1049 2627 1104 2699 qui
1120 2630 1219 2685 essent

65 2733 156 2792 muri
182 2736 212 2791 et
234 2736 346 2807 portae
375 2732 530 2802 definitum
559 2730 710 2792 iucundus
743 2740 773 2791 ει
800 2730 906 2790 ιιειιιιιε
941 2729 1047 2808 reliqui
1080 2730 1218 2790 editores.

63 2855 134 2915 qua
158 2843 258 2898 essent
275 2834 425 2896 Gesnerus
445 2838 582 2919 coniecit,
601 2847 635 2898 ιιι
655 2837 855 2898 Schneiderus
873 2836 1032 2909 adnotavit,
1051 2837 1105 2895 ubi
1121 2845 1218 2896 essent

66 2943 236 3024 Madvigius
259 2941 373 3002 advers.
398 2959 423 3001 v.
443 2940 469 3000 ll
492 2961 519 3021 p.
542 2941 616 3004 180.
654 2946 740 3004 urbis
763 2945 794 3004 in
818 2937 935 3002 ‘vetere
959 2939 1070 3022 codice,
1093 2943 1123 3001 in
1143 2959 1217 3001 mar·

66 3053 146 3132 gine
175 3067 245 3110 vero
272 3067 366 3128 aeque
394 3050 514 3127 antiqua
543 3043 649 3110 manu'
673 3059 782 3112 taurus
804 3060 834 3111 ει
856 3065 954 3109 cucco
977 3050 1009 3108 iu
1032 3064 1111 3108 uruo
1134 3049 1219 3109 urhis

66 3159 254 3221 condendae
277 3157 421 3235 scriptum
445 3174 511 3215 esse
536 3155 661 3217 Ursinus
684 3156 848 3236 adnotavit,
873 3154 952 3215 unde
979 3161 1011 3215 ει
1036 3157 1119 3229 quod
1145 3172 1219 3215 uruo

67 3266 171 3341 urbia,
194 3281 263 3326 cum
286 3265 410 3325 condito
434 3271 487 3337 εει,
506 3271 597 3323 tauro
620 3271 650 3324 ει
667 3281 764 3325 uacca
783 3266 837 3339 qui
859 3269 957 3325 εεεειιι
975 3279 1040 3341 sqq.
1064 3260 1218 3340 legendum

67 3390 142 3435 εεεε
166 3373 302 3433 coniecit.
343 3377 373 3432 ει
396 3372 478 3445 quod
506 3387 582 3431 urvo
609 3372 707 3446 urbis,
740 3388 809 3432 cum
838 3373 962 3432 condito
990 3375 1047 3444 est,
1071 3377 1161 3429 tauro
1192 3375 1221 3429 ει

68 3497 174 3543 uacca
196 3481 308 3540 iunctas
330 3481 385 3553 qui
405 3485 503 3538 esseut
526 3495 590 3557 sqq.
615 3476 817 3539 Schneiderus
841 3477 942 3539 edidit.
990 3486 1102 3536 remota
1129 3478 1219 3536 inter-

68 3586 225 3670 polatione
251 3584 351 3646 Ursini
374 3587 481 3665 scripsi
503 3593 534 3647 ει
555 3588 644 3668 quod,
669 3588 742 3648 urbs
764 3603 834 3647 oum
857 3586 981 3646 conditu
1004 3590 1056 3656 εει,
1080 3591 1170 3643 tauro
1194 3591 1222 3644 ει

68 3712 176 3757 cucco
203 3710 264 3769 qua
291 3699 390 3754 essent
412 3709 475 3772 sqq.
504 3710 571 3752 nam
600 3694 813 3754 nominativum
841 3693 928 3768 urbs,
956 3706 1014 3748 non
1042 3691 1221 3769 genetivum,

69 3803 185 3884 quiin
209 3799 367 3879 archetypo
396 3800 465 3879 luit,
488 3802 563 3860 ratio
592 3802 738 3861 sermonis
761 3808 792 3860 et
818 3815 891 3858 usus
916 3794 1053 3856 Varronis
1084 3795 1220 3878 postulat.

70 3926 142 3988 quo
165 3917 264 3968 autem
286 3907 323 3967 de
346 3905 449 3967 eadem
469 3925 501 3966 re
525 3907 637 3968 dictum
657 3915 703 3967 εει
721 3906 758 3966 de
781 3904 851 3982 ling.
871 3902 919 3964 lat.
934 3901 957 3960 V
975 3898 1037 3962 142
1061 3919 1121 3977 quo
1141 3906 1220 3963 uiam

69 4016 293 4091 relinquebant
315 4017 346 4075 ιιι
368 4031 470 4089 muro,
493 4032 554 4090 quo
578 4018 609 4076 in
633 4017 774 4090 oppidum
799 4017 974 4089 portarent,
994 4017 1115 4088 portos,
1138 4018 1168 4069 et
1190 4012 1220 4070 in

69 4125 126 4186 his
150 4121 234 4182 libris
258 4123 288 4182 in
312 4120 525 4200 significatione
553 4123 609 4182 loci
633 4138 720 4200 saepe
745 4119 790 4180 vel
813 4117 1010 4199 praecedente
1036 4118 1153 4176 nomine
1178 4117 1222 4177 vel

72 4231 202 4311 omisso,
221 4227 233 4288 l
253 4226 282 4310 8,
300 4225 322 4289 4
345 4230 464 4289 tubulos
482 4246 551 4289 cum
571 4226 670 4303 suado
690 4234 905 4304 pertusoque
927 4243 1016 4286 umor
1035 4225 1223 4287 adventicius
