2874 4994
242 314 284 377 70
599 320 789 376 COMMENT.
808 322 848 375 ΙΝ
867 320 1025 376 CATONIS

240 475 400 537 Columella
425 475 463 536 lll
487 475 521 558 2,
546 474 586 537 12
619 479 688 537 item
721 479 765 536 ad
794 477 1036 538 lucubrationem
1069 478 1274 552 vespertinam
1302 479 1383 553 palus

240 586 344 644 decern
367 588 415 644 uel
435 587 552 645 ridicas
574 586 706 659 quinque
725 586 879 656 corrfieere
897 586 1079 659 totidemque
1094 602 1153 661 per
1171 586 1382 644 antelucanam

240 693 490 765 lucubrationem,
510 688 547 751 ib.
568 687 611 751 90
633 708 704 751 naar
722 694 816 751 multa
834 698 906 752 saut
923 708 1003 766 quae
1022 694 1052 751 iu
1072 692 1289 752 lucubratione
1306 686 1383 753 re'cte

241 805 384 874 equatur.
474 815 480 825 ·

330 904 479 965 Stercus
508 905 647 983 egerito
671 905 742 964 nisi
765 905 995 965 intermestri
1018 902 1174 984 iustaque
1199 903 1382 966 dimidiata

241 1020 312 1073 tum
346 1030 387 1071 ne
420 1019 544 1089 tangas
577 1011 761 1071 materiem
794 1028 897 1088 quam
926 1010 1081 1071 eliodies
1109 1019 1170 1073 aut
1197 1010 1382 1090 praecides

241 1117 302 1178 abs
330 1126 427 1179 terra
456 1116 582 1178 diebus
606 1117 665 1176 Vll
688 1119 862 1196 proximis
885 1117 1018 1198 quibus
1040 1117 1124 1178 luna
1147 1117 1253 1197 plena
1276 1118 1383 1179 luerit

241 1227 374 1303 optime
404 1223 593 1301 eximetur]
623 1226 749 1285 Stercus
777 1228 907 1300 cantro:
934 1228 996 1286 nisi
1022 1228 1054 1286 in
1081 1228 1231 1287 trimestri
1255 1229 1382 1301 lunaque

242 1335 403 1393 dionidiata
434 1336 488 1392 sit:
520 1339 582 1392 tum
614 1350 652 1392 ne
684 1339 802 1407 tanaus.
858 1336 1015 1393 materiem
1047 1350 1138 1408 quam
1169 1332 1300 1407 effodies
1326 1349 1383 1411 sqq.

243 1438 364 1520 Merula,
384 1438 436 1499 ulsi
454 1442 514 1500 uisi
532 1442 731 1500 intermestris
749 1456 804 1516 pro
823 1441 885 1500 nisi
900 1442 931 1500 in
950 1442 1099 1500 trimestri
1112 1438 1276 1500 Beroaldus
1290 1438 1383 1501 edidit.

241 1554 360 1608 stercus
383 1549 508 1622 aperito,
531 1549 592 1606 nisi
614 1548 645 1605 in
669 1549 817 1606 trimestri
837 1548 971 1621 lunaque
989 1547 1149 1606 dimidiata
1168 1549 1332 1608 materiam
1351 1565 1383 1607 ne

243 1662 360 1728 lanians.
389 1655 549 1714 materiam
567 1670 658 1727 quam
677 1653 803 1726 effodies
820 1670 885 1732 sqq.
904 1652 1065 1714 iucundus.
1095 1648 1175 1714 ‘Nisi
1188 1654 1383 1714 intermestri:

243 1759 293 1820 Sic
321 1758 541 1819 emendavimus
569 1777 604 1818 ex
634 1760 757 1819 vetustis
786 1756 953 1840 codicibus,
981 1776 1050 1819 cum
1078 1766 1163 1819 antea
1186 1759 1221 1821 ln
1245 1760 1384 1821 trimestri

243 1883 400 1945 perperam
428 1866 573 1944 seriptum
602 1860 697 1925 esset'
723 1864 879 1926 Victorius.
925 1863 1004 1926 idem
1029 1867 1060 1925 in
1083 1865 1209 1946 reliquis
1231 1866 1384 1929 lectionem

243 1972 396 2053 archetypi
419 1973 559 2052 restituit,
582 1980 700 2034 stercus
719 1976 843 2048 eaerito,
868 1975 930 2033 nisi
948 1975 1134 2034 intermestri
1151 1977 1288 2051 lunaque
1306 1976 1385 2036 dirui·

244 2085 338 2142 diota.
384 2088 445 2140 tum
472 2097 511 2139 ne
538 2086 656 2153 turbans.
702 2080 862 2138 materiam
889 2095 980 2153 aarum
1007 2079 1133 2153 effodies
1157 2097 1222 2159 sqq.
1269 2080 1386 2142 difflue-

243 2190 354 2249 tionem
387 2185 546 2246 verborum
579 2184 729 2245 Gesnerus
764 2186 793 2244 in
827 2183 906 2243 hunc
943 2183 1063 2245 madum
1096 2187 1235 2262 mutarit,
1272 2196 1386 2251 stercus

244 2299 367 2372 aperito.
404 2297 465 2354 nisi
482 2295 675 2369 intermestri,
693 2294 826 2366 laneaque
845 2293 1014 2366 dimidiata,
1033 2295 1193 2353 materiam
1213 2311 1254 2355 ne
1271 2302 1387 2371 tanqus.

243 2405 402 2465 materiam
426 2418 516 2477 qurum
541 2401 666 2474 effodies
686 2416 750 2477 sqq.
792 2397 963 2477 posthunc
988 2397 1189 2459 Schneiderns
1213 2404 1387 2463 senteutiam

244 2512 332 2571 eliam
352 2510 445 2586 magis
463 2505 657 2585 perturbavit,
680 2513 797 2565 stercus
817 2508 941 2582 eperito,
965 2508 1026 2566 nisi
1044 2508 1238 2582 intermestri,
1259 2511 1388 2585 lunaque

245 2618 414 2677 dimidiata.
460 2623 521 2673 tum
549 2631 587 2672 ne
615 2619 725 2686 tanaus
752 2616 921 2693 materiem,
950 2630 1041 2688 quam
1068 2614 1194 2687 effodies
1222 2622 1278 2675 aut
1300 2634 1387 2692 prae·

245 2725 329 2783 eides
348 2723 402 2781 abs
421 2728 522 2781 terra:
541 2720 648 2779 diebus
665 2726 776 2795 septem
791 2723 952 2796 proximis,
971 2720 1080 2794 quibus
1095 2723 1168 2780 luna
1179 2724 1274 2798 plena
1285 2721 1388 2798 suerit,

245 2832 354 2907 optime
381 2830 541 2889 eximetur.
589 2825 708 2886 Catonis
736 2834 893 2905 praecepta
922 2834 990 2904 post
1018 2844 1052 2886 ea
1081 2844 1156 2905 quae
1185 2845 1276 2908 supra
1305 2846 1331 2889 a
1348 2825 1387 2891 31

246 2935 283 2997 de
311 2932 475 2996 etlutllenda
503 2934 625 2993 materie
653 2934 764 3011 scriptu
790 2942 876 2994 erant
899 2931 1013 2993 Plinius
1030 2931 1095 2993 xvi
1116 2930 1180 2994 194
1202 2936 1243 2995 ita
1267 2935 1389 3016 rettulit,

246 3046 384 3117 idemque
419 3058 491 3100 max
522 3035 599 3100 ‘nisi
635 3042 822 3125 intermestri
852 3043 985 3115 lunaque
1017 3042 1178 3101 dimidiata
1210 3061 1250 3104 ne
1283 3050 1390 3120 tanaus

245 3152 409 3210 materiem.
456 3154 518 3206 tum
541 3140 618 3229 (tam
641 3145 773 3227 codices,
800 3155 862 3207 tum
885 3145 1007 3226 plurimi
1031 3146 1176 3222 editores,
1201 3166 1295 3223 qaam
1317 3148 1390 3229 illaq-

245 3247 369 3337 hollms)
395 3256 523 3329 effodias
548 3262 601 3314 aut
620 3256 789 3329 praecidas
812 3256 867 3314 abs
890 3261 984 3314 terra.
1022 3255 1128 3314 diebus
1154 3254 1216 3315 VII
1233 3259 1391 3333 proximus,

244 3365 354 3439 quibus
381 3366 454 3423 luna
479 3365 571 3438 plenu
597 3359 708 3436 suerit,
736 3364 845 3437 optime
872 3363 1025 3421 eximitur.
1073 3364 1195 3422 omnino
1222 3371 1329 3425 caueto
1356 3382 1392 3425 ne

245 3488 336 3547 queam
359 3463 480 3549 (caueto
504 3472 625 3542 uiarum
649 3461 781 3548 codices)
806 3471 961 3529 materiem
986 3470 1068 3528 doles
1090 3486 1164 3530 neue
1187 3472 1304 3531 caedas
1321 3487 1393 3532 nere

247 3586 356 3652 turribus
375 3579 436 3635 nisi
452 3578 576 3652 siccam,
597 3593 671 3635 neec
687 3577 821 3649 aetitiam
841 3593 915 3635 neue
934 3569 1149 3635 rorulentam'.
1186 3574 1285 3636 bieme
1304 3577 1396 3655 igitur

246 3691 365 3762 praeter
393 3698 483 3758 opera
512 3696 601 3757 supra
628 3681 738 3758 scripta
763 3687 793 3740 et
817 3688 933 3740 stereus
958 3683 1090 3759 egeritur
1113 3688 1144 3741 et
1166 3682 1308 3742 materies
1331 3694 1396 3743 cae»

247 3788 336 3848 ditur.
383 3786 419 3845 tle
447 3793 578 3845 stercore
610 3794 709 3847 autem
738 3786 808 3866 quid
837 3789 1051 3866 praecipiatur,
1084 3786 1267 3867 intellegitur
1296 3808 1332 3849 ex
1360 3790 1397 3849 iis

253 3912 325 3973 qnae
350 3892 385 3952 de
410 3891 550 3970 operibus
574 3910 627 3972 per
651 3892 779 3971 pluviam
804 3901 1010 3972 tempestatem
1032 3893 1175 3955 iaciendis
1194 3896 1308 3975 scripta
1326 3906 1397 3959 sunt

247 3998 276 4082 2,
295 3997 316 4060 3
340 4007 459 4061 stereus
479 3998 569 4075 foras
592 4000 713 4078 efferri,
740 4004 929 4061 stercilinum
949 4005 1026 4074 lieri
1047 4009 1077 4061 et
1100 3997 1195 4081 39,1
1219 4010 1342 4065 stercus
1365 4008 1398 4065 in

246 4110 434 4167 stercilinum
462 4109 586 4181 aperito.
633 4106 733 4184 itaque
757 4107 793 4167 de
818 4106 970 4168 stercilino
993 4106 1124 4185 parando
1148 4107 1221 4168 haec
1244 4109 1398 4192 dicuntur,

247 4232 306 4274 uon
334 4213 370 4273 de
394 4230 463 4289 agro
488 4212 694 4293 stercoranda,
722 4223 756 4272 ut
780 4213 963 4274 Sclmeidero
989 4217 1082 4274 risum
1108 4225 1161 4275 est.
1207 4232 1307 4295 neque
1331 4236 1398 4296 ege·

248 4320 325 4376 ritur
353 4326 470 4377 stereus
499 4320 529 4379 in
556 4338 673 4400 agrum,
702 4319 753 4379 sed
778 4320 927 4400 evehitur,
955 4318 985 4401 5,
1005 4319 1025 4383 8
1045 4336 1106 4398 pa
1127 4329 1307 4384 dictamnum
1331 4343 1398 4386 eac·

248 4425 320 4505 bito,
344 4420 385 4483 29
410 4427 525 4486 cerebito
549 4430 621 4487 latua
644 4430 762 4498 silenti·
786 4429 917 4504 egeritur
941 4446 976 4487 ex
1001 4428 1126 4489 stabulis
1149 4430 1180 4489 in
1199 4429 1398 4492 stercilinum.
