2874 4994
342 356 390 411 nn
409 356 498 411 noni
518 354 689 412 ovnrvnn
709 355 851 411 omnen
870 355 899 411 o.
920 354 938 411 2
1147 338 1152 346 '
1173 347 1214 413 13

63 530 164 589 opera
186 516 246 573 sint
267 511 483 574 dubitationem
503 530 562 572 non
581 511 671 573 hahet
689 514 897 574 coniunctivus
916 529 984 573 cum
1003 510 1107 572 eodem
1126 511 1214 572 modo

62 622 95 680 in
126 622 269 699 primorie
293 623 440 681 sententio
464 621 580 699 positus
604 621 634 680 in
657 621 839 700 praeceptis,
868 621 983 681 etiamsi
1006 621 1213 680 coniunctivus

63 745 151 787 suam
180 729 239 788 vim
268 745 323 807 per
351 745 384 788 se
411 746 471 788 non
499 726 614 788 habent
660 729 691 787 in
719 745 778 807 quo
806 745 915 806 genere
939 734 1058 806 praeter
1081 745 1114 787 ea
1138 744 1214 806 quae

62 834 122 896 hoc
151 833 217 896 loeo
245 836 357 914 scripta
380 843 464 914 sunt,
491 853 571 910 quoe
593 836 668 895 satis
691 837 878 911 accipienda
900 837 974 909 sint,
1001 837 1076 896 satis
1099 837 1213 911 accipi-

62 949 161 1003 antur
184 960 263 1023 sqq,
291 940 425 1002 habendo
453 950 524 1002 sunt
551 939 607 1001 elia
639 939 797 1022 conplura,
825 950 859 1002 ut
881 937 951 1022 5‚2
974 959 1053 1016 quae
1076 944 1214 1002 dominus

62 1051 265 1126 imperaverit
280 1052 368 1128 fiant,
387 1047 426 1109 ib.
441 1045 461 1109 3
481 1051 534 1109 cui
552 1051 650 1109 iussus
668 1051 725 1110 siet
743 1052 902 1122 auscultet,
921 1047 960 1108 ib.
979 1067 1059 1123 quae
1077 1051 1214 1109 dominus

62 1159 238 1217 crediderit
265 1159 383 1232 eripat,
412 1152 501 1236 67,1
529 1155 703 1232 factoribus
731 1158 782 1217 det
808 1159 840 1217 in
868 1159 1002 1230 sinputos
1026 1155 1131 1232 sectos
1155 1159 1216 1218 olei

62 1267 220 1325 sextarios
244 1270 273 1325 et
295 1266 327 1323 ia
350 1267 508 1324 lucernam
530 1265 613 1338 qood
633 1282 708 1340 opus
730 1266 799 1337 siet,
829 1260 891 1324 137
912 1266 1068 1341 partiario
1087 1262 1213 1339 faenum

64 1378 97 1430 et
115 1372 272 1448 patritium,
296 1372 379 1445 quod
401 1371 497 1431 bubus
519 1373 594 1430 satis
615 1373 681 1444 siet,
704 1373 759 1446 qui
781 1373 843 1431 ittie
865 1373 960 1441 sient;
983 1378 1014 1431 et
1036 1389 1104 1431 cum
1124 1369 1213 1430 verbo

62 1485 185 1554 oportet
216 1477 263 1538 vel
295 1496 363 1539 com
396 1479 570 1557 imperativo
603 1475 655 1558 35,
684 1474 701 1538 1
735 1481 885 1553 sitipinem
916 1480 1052 1539 triticam
1084 1481 1115 1540 in
1147 1483 1213 1540 loco

62 1592 174 1661 aperto
198 1588 289 1658 celso,
317 1587 372 1646 adi
392 1588 439 1647 sot
459 1602 550 1661 qoam
573 1587 740 1646 diutissime
761 1587 830 1659 siet,
853 1588 918 1646 seri
938 1592 1063 1661 oportet.
1109 1589 1211 1647 lentim
1281 1641 1284 1645 ,

63 1695 97 1752 iri
121 1694 249 1762 redacto
273 1700 303 1753 et
320 1693 481 1754 rubricoso
500 1696 574 1765 ioco,
598 1695 652 1768 qui
667 1694 815 1754 herbosus
833 1710 893 1754 non
910 1694 975 1765 siet,
998 1695 1099 1766 serito,
1121 1688 1174 1772 40,
1190 1690 1210 1754 3

61 1803 223 1882 surculum
251 1803 374 1862 aridum
401 1817 489 1875 qoem
516 1803 659 1861 artioeris
685 1803 822 1879 eximito,
853 1797 969 1879 113,2
993 1800 1155 1876 amphoras
1179 1802 1210 1858 iri

60 1909 128 1967 sote
148 1909 266 1988 ponito,
291 1908 463 1968 ediderim
486 1925 546 1970 non
569 1910 638 1981 siet,
670 1902 730 1968 161
737 1956 747 1990 ,
767 1905 784 1968 1
809 1911 906 1969 locem
929 1909 1071 1982 recipere
1093 1913 1211 1982 oportet

62 2013 151 2088 baie,
165 2016 219 2088 qui
230 2015 343 2075 debeat
356 2032 499 2094 umorem
513 2022 568 2076 aet
581 2018 679 2077 locam
694 2031 841 2076 crassam.
865 2015 936 2074 item
950 2012 1152 2093 praecipiendi
1167 2013 1210 2071 vis

62 2122 146 2181 inest
173 2122 204 2180 in
232 2120 293 2200 his,
327 2117 403 2200 145,
427 2118 449 2182 2
476 2125 604 2183 accedet
630 2126 727 2183 oleum
755 2129 785 2182 et
810 2125 874 2182 sale
901 2139 976 2182 suae
1003 2123 1103 2181 usioni
1129 2122 1212 2195 quod

62 2229 142 2286 satis
164 2229 234 2306 siet,
263 2225 303 2288 16
327 2230 465 2289 warinus
488 2231 619 2305 lapidem
626 2277 634 2308 ,
661 2232 745 2303 tipna
769 2231 813 2288 ad
830 2227 1005 2306 fornacem,
1032 2230 1115 2302 quod
1136 2245 1210 2303 opus

63 2336 123 2393 siet
138 2334 276 2410 praebet.
312 2335 412 2414 itaque
432 2335 468 2395 ad
488 2334 594 2395 horum
613 2334 816 2414 exemplorum
835 2332 1058 2394 similitudinem
1078 2332 1209 2394 scriben-

63 2439 139 2500 dum
167 2448 213 2500 est
240 2442 294 2500 ubi
320 2459 357 2503 ea
380 2445 503 2516 eopnita
527 2460 624 2518 aequo
648 2445 747 2504 animo
770 2445 843 2521 sint,
871 2460 950 2517 quae
973 2443 1091 2515 reliqua
1115 2457 1209 2516 opera

62 2550 127 2608 sirit
149 2565 265 2609 curare
287 2551 334 2608 uti
350 2553 565 2636 perficientem
589 2548 617 2609 11.
637 2567 663 2612 e.
685 2549 812 2628 cognitis
835 2550 872 2609 iis
896 2567 971 2627 qrree
990 2565 1080 2627 supra
1099 2548 1208 2626 scripto

62 2663 151 2715 erant
174 2672 281 2715 curare
304 2664 422 2734 oportet
444 2665 478 2717 ut
501 2675 534 2716 ee
558 2674 634 2734 quae
658 2664 771 2717 restant
794 2656 994 2734 perficientur.

157 2761 252 2833 Quae
271 2763 361 2822 satis
380 2762 594 2841 accipiundo
613 2761 700 2839 sini]
722 2763 922 2842 Accipienda,
940 2779 1000 2823 non
1019 2764 1208 2838 accipienda,

63 2870 96 2929 in
127 2868 286 2948 archetypo
314 2871 460 2947 scriptum
488 2880 565 2949 erat,
592 2871 663 2930 item
692 2866 765 2948 6,2
793 2871 985 2930 conserendo
1013 2878 1043 2929 et
1069 2867 1213 2944 serundo,

66 2971 135 3037 140
156 2973 309 3055 faciundi,
335 2972 406 3055 144,
425 2972 447 3036 4
470 2978 602 3052 tepitudo
625 2983 655 3036 et
674 2974 831 3051 socienda,
856 2973 908 3035 sed
932 2973 971 3037 ib.
990 2973 1011 3035 ὃ
1030 2979 1162 3049 dependo
1184 2984 1212 3036 et

59 3081 226 3163 faciendo,
253 3079 362 3162 145,1
384 3081 575 3158 faciendam.
612 3084 642 3142 in
667 3080 806 3143 Varronis
830 3081 914 3142 libris
938 3080 1061 3142 enodem
1085 3083 1211 3144 formam

62 3189 206 3268 gerundii
234 3189 301 3250 dedi
330 3199 408 3270 tum,
441 3209 508 3251 cum
537 3192 712 3253 auctoritate
741 3208 828 3251 manu
858 3192 1038 3269 scriptorum
1067 3189 1210 3251 librorum

62 3297 240 3375 confirmata
267 3306 344 3379 eret,
372 3296 384 3356 1
409 3294 459 3379 13,
478 3296 509 3361 2.
536 3295 592 3379 51,
612 3295 642 3359 2.
670 3298 696 3359 11
722 3295 812 3380 11,4
838 3297 1032 3374 faciendam,
1060 3295 1211 3376 1119,11)

60 3404 368 3485 consuefaciumdem,
395 3401 470 3466 162
492 3408 667 3480 vendanda,
691 3402 801 3485 111,6
824 3405 1055 3478 travehendom,
1079 3404 1104 3463 11
1123 3402 1152 3482 ὃ,
1170 3403 1209 3465 11

60 3516 259 3587 reiciundoe,
287 3509 442 3593 1119,12
471 3515 644 3574 eiciendum
672 3521 701 3574 et
728 3515 816 3573 aliud
841 3512 1066 3585 subiciendum,
1097 3507 1146 3591 16,
1167 3507 1210 3570 30

63 3623 229 3691 iaciendo;
257 3639 316 3680 non
345 3622 444 3699 recepi
472 3622 502 3681 in
531 3619 591 3700 his,
618 3621 649 3680 in
677 3618 785 3698 quibus
814 3617 997 3680 el'olitieno
1021 3618 1051 3678 in
1075 3618 1210 3696 principe

61 3727 197 3788 editione
225 3726 327 3787 relicte
356 3735 433 3807 erat,
460 3727 512 3787 sed
541 3728 572 3787 in
599 3744 686 3787 monn
711 3727 832 3805 scriptis
856 3724 940 3785 libris
964 3724 1093 3803 vulgaris
1118 3725 1210 3784 iornro

61 3836 177 3913 scripta
200 3842 259 3908 est,
286 3830 348 3915 15,
362 3831 397 3914 33
416 3831 445 3896 4.
475 3831 574 3913 13,1.
605 3831 654 3913 11,
674 3830 703 3894 6.
731 3831 772 3893 21
801 3832 979 3908 faciendum
1002 3840 1032 3891 et
1053 3831 1211 3907 facienda.

157 3938 175 4000 t
204 3934 319 4003 Bonos
347 3940 492 4003 uetnios
519 3949 678 4000 armenta
706 3939 877 4021 dolionis,
904 3956 989 3999 oues
1017 3936 1209 4012 delicuias]

63 4047 162 4109 Boves
185 4052 298 4110 vetulos
320 4056 460 4110 armenta
484 4051 623 4121 reiieuia,
647 4066 715 4109 oves
735 4050 881 4108 reiicrttas
901 4044 1020 4105 Merula.
1058 4038 1208 4105 ‘Armenta

62 4153 206 4234 delicuia,
232 4172 302 4216 oves
323 4155 477 4216 deliculas:
507 4154 538 4215 in
563 4156 793 4234 manuscriptis
817 4146 946 4230 cinctis,
975 4170 1050 4231 quos
1073 4151 1145 4233 ridi,
1168 4154 1208 4211 ito

63 4262 133 4341 legi
171 4263 275 4322 formis
298 4265 399 4324 excusi
423 4272 508 4324 antee
527 4260 648 4322 Reicula
672 4269 701 4322 et
720 4259 865 4322 Reicolas.
903 4268 1033 4321 veterem
1052 4258 1208 4319 lectionem

65 4388 126 4430 non
163 4388 285 4449 possnm
322 4372 379 4431 nisi
414 4371 590 4430 minoritate
622 4377 807 4430 vetustorum
840 4366 983 4428 librorum
1016 4360 1208 4426 confirmare'

65 4477 225 4538 Victorino.
272 4476 399 4538 reiculas
426 4495 496 4537 oves
520 4495 536 4536 a
560 4475 689 4536 Varrone
713 4495 738 4536 r.
758 4494 781 4536 r.
804 4474 829 4534 11
852 4474 880 4553 l,
894 4471 938 4534 24
961 4483 991 4535 et
1014 4475 1044 4533 in
1068 4472 1139 4533 Ceto
1163 4471 1208 4533 vel
