<?xml version="1.0" encoding="UTF-8"?>
<!DOCTYPE html PUBLIC "-//W3C//DTD XHTML 1.0 Transitional//EN"
    "http://www.w3.org/TR/xhtml1/DTD/xhtml1-transitional.dtd">
<html xmlns="http://www.w3.org/1999/xhtml" xml:lang="en" lang="en">
 <head>
  <title>
</title>
<meta http-equiv="Content-Type" content="text/html;charset=utf-8" />
  <meta name='ocr-system' content='tesseract 3.04.00' />
  <meta name='ocr-capabilities' content='ocr_page ocr_carea ocr_par ocr_line ocrx_word'/>
</head>
<body>
  <div class='ocr_page' id='page_1' title='image "./mporcicatonisde00keilgoog_0015.png"; bbox 0 0 2874 4994; ppageno 0'>
   <div class='ocr_carea' id='block_1_1' title="bbox 235 333 911 391">
    <p class='ocr_par' dir='ltr' id='par_1_1' title="bbox 235 333 911 391">
     <span class='ocr_line' id='line_1_1' title="bbox 235 333 911 391; baseline -0.004 0"><span class='ocrx_word' id='word_1_1' title='bbox 235 337 274 391; x_wconf 91' lang='lat' dir='ltr'><strong>VI</strong></span> <span class='ocrx_word' id='word_1_2' title='bbox 706 333 911 389; x_wconf 80' lang='lat' dir='ltr'><strong>PRAEFATIO</strong></span> 
     </span>
    </p>
   </div>
   <div class='ocr_carea' id='block_1_2' title="bbox 150 502 1395 4503">
    <p class='ocr_par' dir='ltr' id='par_1_2' title="bbox 227 502 1385 1759">
     <span class='ocr_line' id='line_1_2' title="bbox 236 502 1382 583; baseline -0.003 -19"><span class='ocrx_word' id='word_1_3' title='bbox 236 504 373 565; x_wconf 89' lang='lat' dir='ltr'><strong>habiliter</strong></span> <span class='ocrx_word' id='word_1_4' title='bbox 392 505 539 564; x_wconf 86' lang='lat' dir='ltr'><strong>restituta.</strong></span> <span class='ocrx_word' id='word_1_5' title='bbox 567 502 701 563; x_wconf 72' lang='lat' dir='ltr'><strong>Aldiuam</strong></span> <span class='ocrx_word' id='word_1_6' title='bbox 720 502 880 563; x_wconf 78' lang='lat' dir='ltr'><strong>editionem</strong></span> <span class='ocrx_word' id='word_1_7' title='bbox 899 522 976 564; x_wconf 90' lang='lat' dir='ltr'><strong>anno</strong></span> <span class='ocrx_word' id='word_1_8' title='bbox 994 512 1062 583; x_wconf 94' lang='lat' dir='ltr'><strong>post</strong></span> <span class='ocrx_word' id='word_1_9' title='bbox 1080 511 1181 563; x_wconf 91' lang='lat' dir='ltr'><strong>secuta</strong></span> <span class='ocrx_word' id='word_1_10' title='bbox 1199 509 1245 562; x_wconf 88' lang='lat' dir='ltr'><strong>est</strong></span> <span class='ocrx_word' id='word_1_11' title='bbox 1264 502 1382 562; x_wconf 92' lang='lat' dir='ltr'><strong>luntina</strong></span> 
     </span>
     <span class='ocr_line' id='line_1_3' title="bbox 227 597 1381 681; baseline -0.004 -18"><span class='ocrx_word' id='word_1_12' title='bbox 227 623 252 663; x_wconf 69' lang='lat' dir='ltr'><strong>aa</strong></span> <span class='ocrx_word' id='word_1_13' title='bbox 276 601 395 668; x_wconf 89' lang='lat' dir='ltr'><strong>Nicolao</strong></span> <span class='ocrx_word' id='word_1_14' title='bbox 420 601 540 680; x_wconf 82' lang='lat' dir='ltr'><strong>hugelio</strong></span> <span class='ocrx_word' id='word_1_15' title='bbox 566 600 640 661; x_wconf 85' lang='lat' dir='ltr'><strong>facta</strong></span> <span class='ocrx_word' id='word_1_16' title='bbox 664 600 833 661; x_wconf 73' lang='lat' dir='ltr'>Florentiae</span> <span class='ocrx_word' id='word_1_17' title='bbox 856 619 881 662; x_wconf 92' lang='lat' dir='ltr'><strong>a.</strong></span> <span class='ocrx_word' id='word_1_18' title='bbox 909 597 1001 681; x_wconf 85' lang='lat'><strong>1515,</strong></span> <span class='ocrx_word' id='word_1_19' title='bbox 1025 603 1056 661; x_wconf 92' lang='lat' dir='ltr'><strong>in</strong></span> <span class='ocrx_word' id='word_1_20' title='bbox 1080 620 1138 680; x_wconf 91' lang='lat' dir='ltr'><strong>qua</strong></span> <span class='ocrx_word' id='word_1_21' title='bbox 1161 599 1210 660; x_wconf 94' lang='lat' dir='ltr'><strong>illa</strong></span> <span class='ocrx_word' id='word_1_22' title='bbox 1234 600 1296 660; x_wconf 88' lang='lat' dir='ltr'><strong>lere</strong></span> <span class='ocrx_word' id='word_1_23' title='bbox 1321 608 1381 659; x_wconf 92' lang='lat' dir='ltr'><strong>tota</strong></span> 
     </span>
     <span class='ocr_line' id='line_1_4' title="bbox 237 696 1382 779; baseline -0.004 -18"><span class='ocrx_word' id='word_1_24' title='bbox 237 718 376 779; x_wconf 81' lang='lat' dir='ltr'><strong>expressa</strong></span> <span class='ocrx_word' id='word_1_25' title='bbox 396 708 450 779; x_wconf 90' lang='lat' dir='ltr'><strong>est,</strong></span> <span class='ocrx_word' id='word_1_26' title='bbox 475 699 525 759; x_wconf 89' lang='lat' dir='ltr'><strong>sed</strong></span> <span class='ocrx_word' id='word_1_27' title='bbox 547 698 686 760; x_wconf 90' lang='lat' dir='ltr'><strong>nonnulla</strong></span> <span class='ocrx_word' id='word_1_28' title='bbox 706 701 814 777; x_wconf 88' lang='lat' dir='ltr'><strong>partim</strong></span> <span class='ocrx_word' id='word_1_29' title='bbox 833 716 868 758; x_wconf 86' lang='lat' dir='ltr'><strong>ex</strong></span> <span class='ocrx_word' id='word_1_30' title='bbox 888 696 1068 759; x_wconf 77' lang='lat' dir='ltr'><strong>Florentinis</strong></span> <span class='ocrx_word' id='word_1_31' title='bbox 1087 699 1249 776; x_wconf 83' lang='lat' dir='ltr'><strong>codicibus,</strong></span> <span class='ocrx_word' id='word_1_32' title='bbox 1274 700 1382 777; x_wconf 90' lang='lat' dir='ltr'><strong>partim</strong></span> 
     </span>
     <span class='ocr_line' id='line_1_5' title="bbox 237 794 1381 858; baseline -0.003 0"><span class='ocrx_word' id='word_1_33' title='bbox 237 816 273 858; x_wconf 89' lang='lat' dir='ltr'><strong>ex</strong></span> <span class='ocrx_word' id='word_1_34' title='bbox 297 799 468 858; x_wconf 87' lang='lat' dir='ltr'><strong>coniectura</strong></span> <span class='ocrx_word' id='word_1_35' title='bbox 493 796 616 857; x_wconf 83' lang='lat' dir='ltr'><strong>editoris</strong></span> <span class='ocrx_word' id='word_1_36' title='bbox 639 805 750 858; x_wconf 87' lang='lat' dir='ltr'><strong>mutata</strong></span> <span class='ocrx_word' id='word_1_37' title='bbox 774 807 852 858; x_wconf 89' lang='lat' dir='ltr'><strong>sunt.</strong></span> <span class='ocrx_word' id='word_1_38' title='bbox 899 797 1032 858; x_wconf 82' lang='lat' dir='ltr'><strong>hldinam</strong></span> <span class='ocrx_word' id='word_1_39' title='bbox 1061 797 1221 857; x_wconf 88' lang='lat' dir='ltr'><strong>editionem</strong></span> <span class='ocrx_word' id='word_1_40' title='bbox 1245 796 1291 856; x_wconf 87' lang='lat' dir='ltr'><strong>vel</strong></span> <span class='ocrx_word' id='word_1_41' title='bbox 1315 794 1381 856; x_wconf 92' lang='lat' dir='ltr'><strong>lun·</strong></span> 
     </span>
     <span class='ocr_line' id='line_1_6' title="bbox 239 893 1383 974; baseline -0.005 -16"><span class='ocrx_word' id='word_1_42' title='bbox 239 900 329 958; x_wconf 91' lang='lat' dir='ltr'><strong>tinam</strong></span> <span class='ocrx_word' id='word_1_43' title='bbox 354 898 450 956; x_wconf 89' lang='lat' dir='ltr'><strong>secuti</strong></span> <span class='ocrx_word' id='word_1_44' title='bbox 473 903 543 957; x_wconf 93' lang='lat' dir='ltr'><strong>sunt</strong></span> <span class='ocrx_word' id='word_1_45' title='bbox 567 897 618 974; x_wconf 94' lang='lat' dir='ltr'><strong>qui</strong></span> <span class='ocrx_word' id='word_1_46' title='bbox 646 897 790 974; x_wconf 81' lang='lat' dir='ltr'><strong>proximis</strong></span> <span class='ocrx_word' id='word_1_47' title='bbox 813 896 898 955; x_wconf 88' lang='lat' dir='ltr'><strong>annis</strong></span> <span class='ocrx_word' id='word_1_48' title='bbox 928 904 994 973; x_wconf 88' lang='lat' dir='ltr'><strong>post</strong></span> <span class='ocrx_word' id='word_1_49' title='bbox 1021 895 1077 955; x_wconf 92' lang='lat' dir='ltr'><strong>hos</strong></span> <span class='ocrx_word' id='word_1_50' title='bbox 1100 894 1193 954; x_wconf 87' lang='lat' dir='ltr'><strong>libros</strong></span> <span class='ocrx_word' id='word_1_51' title='bbox 1216 893 1383 972; x_wconf 88' lang='lat' dir='ltr'><strong>ediderunt,</strong></span> 
     </span>
     <span class='ocr_line' id='line_1_7' title="bbox 238 992 1383 1075; baseline -0.003 -19"><span class='ocrx_word' id='word_1_52' title='bbox 238 1015 254 1056; x_wconf 90' lang='lat' dir='ltr'><strong>e</strong></span> <span class='ocrx_word' id='word_1_53' title='bbox 283 994 391 1075; x_wconf 90' lang='lat' dir='ltr'><strong>quibus</strong></span> <span class='ocrx_word' id='word_1_54' title='bbox 418 1012 512 1054; x_wconf 89' lang='lat' dir='ltr'><strong>unum</strong></span> <span class='ocrx_word' id='word_1_55' title='bbox 539 993 739 1053; x_wconf 78' lang='lat' dir='ltr'><strong>basileensem</strong></span> <span class='ocrx_word' id='word_1_56' title='bbox 769 992 926 1073; x_wconf 84' lang='lat' dir='ltr'><strong>editorem,</strong></span> <span class='ocrx_word' id='word_1_57' title='bbox 958 996 1009 1073; x_wconf 93' lang='lat' dir='ltr'><strong>qui</strong></span> <span class='ocrx_word' id='word_1_58' title='bbox 1037 992 1178 1053; x_wconf 84' lang='lat' dir='ltr'><strong>Varronis</strong></span> <span class='ocrx_word' id='word_1_59' title='bbox 1206 1001 1235 1053; x_wconf 89' lang='lat' dir='ltr'><strong>et</strong></span> <span class='ocrx_word' id='word_1_60' title='bbox 1263 992 1383 1052; x_wconf 86' lang='lat' dir='ltr'><strong>Catonis</strong></span> 
     </span>
     <span class='ocr_line' id='line_1_8' title="bbox 237 1089 1383 1171; baseline -0.003 -16"><span class='ocrx_word' id='word_1_61' title='bbox 237 1094 330 1155; x_wconf 88' lang='lat' dir='ltr'><strong>libros</strong></span> <span class='ocrx_word' id='word_1_62' title='bbox 363 1094 521 1171; x_wconf 90' lang='lat' dir='ltr'><strong>separatim</strong></span> <span class='ocrx_word' id='word_1_63' title='bbox 555 1091 647 1152; x_wconf 92' lang='lat' dir='ltr'><strong>edidit</strong></span> <span class='ocrx_word' id='word_1_64' title='bbox 679 1090 810 1152; x_wconf 78' lang='lat' dir='ltr'><strong>basileae</strong></span> <span class='ocrx_word' id='word_1_65' title='bbox 843 1092 920 1170; x_wconf 90' lang='lat' dir='ltr'><strong>apud</strong></span> <span class='ocrx_word' id='word_1_66' title='bbox 953 1092 1097 1152; x_wconf 79' lang='lat' dir='ltr'><strong>Adamum</strong></span> <span class='ocrx_word' id='word_1_67' title='bbox 1126 1090 1206 1151; x_wconf 77' lang='lat' dir='ltr'><strong>l‘etri</strong></span> <span class='ocrx_word' id='word_1_68' title='bbox 1238 1110 1262 1150; x_wconf 92' lang='lat' dir='ltr'><strong>a.</strong></span> <span class='ocrx_word' id='word_1_69' title='bbox 1289 1089 1383 1170; x_wconf 78' lang='lat'><strong>1521,</strong></span> 
     </span>
     <span class='ocr_line' id='line_1_9' title="bbox 239 1188 1383 1272; baseline -0.003 -20"><span class='ocrx_word' id='word_1_70' title='bbox 239 1192 383 1272; x_wconf 82' lang='lat' dir='ltr'><strong>quaedam</strong></span> <span class='ocrx_word' id='word_1_71' title='bbox 407 1208 459 1250; x_wconf 92' lang='lat' dir='ltr'><strong>sua</strong></span> <span class='ocrx_word' id='word_1_72' title='bbox 482 1192 653 1250; x_wconf 88' lang='lat' dir='ltr'><strong>coniectura</strong></span> <span class='ocrx_word' id='word_1_73' title='bbox 672 1190 875 1250; x_wconf 90' lang='lat' dir='ltr'><strong>emendavisse</strong></span> <span class='ocrx_word' id='word_1_74' title='bbox 894 1191 1022 1269; x_wconf 85' lang='lat' dir='ltr'><strong>repperi.</strong></span> <span class='ocrx_word' id='word_1_75' title='bbox 1058 1188 1265 1249; x_wconf 90' lang='lat' dir='ltr'><strong>molestissima</strong></span> <span class='ocrx_word' id='word_1_76' title='bbox 1284 1197 1383 1248; x_wconf 86' lang='lat' dir='ltr'><strong>autem</strong></span> 
     </span>
     <span class='ocr_line' id='line_1_10' title="bbox 238 1287 1382 1369; baseline -0.003 -19"><span class='ocrx_word' id='word_1_77' title='bbox 238 1292 338 1369; x_wconf 91' lang='lat' dir='ltr'><strong>operis</strong></span> <span class='ocrx_word' id='word_1_78' title='bbox 367 1306 436 1367; x_wconf 92' lang='lat' dir='ltr'><strong>pars</strong></span> <span class='ocrx_word' id='word_1_79' title='bbox 463 1297 540 1367; x_wconf 90' lang='lat' dir='ltr'><strong>erat,</strong></span> <span class='ocrx_word' id='word_1_80' title='bbox 569 1291 729 1348; x_wconf 90' lang='lat' dir='ltr'><strong>constituta</strong></span> <span class='ocrx_word' id='word_1_81' title='bbox 759 1288 912 1368; x_wconf 80' lang='lat' dir='ltr'><strong>archetypi</strong></span> <span class='ocrx_word' id='word_1_82' title='bbox 941 1289 1102 1368; x_wconf 89' lang='lat' dir='ltr'><strong>scriptura,</strong></span> <span class='ocrx_word' id='word_1_83' title='bbox 1134 1306 1202 1347; x_wconf 88' lang='lat' dir='ltr'><strong>com</strong></span> <span class='ocrx_word' id='word_1_84' title='bbox 1226 1287 1281 1346; x_wconf 91' lang='lat' dir='ltr'><strong>hac</strong></span> <span class='ocrx_word' id='word_1_85' title='bbox 1308 1290 1382 1348; x_wconf 91' lang='lat' dir='ltr'><strong>anti·</strong></span> 
     </span>
     <span class='ocr_line' id='line_1_11' title="bbox 238 1384 1385 1467; baseline -0.002 -20"><span class='ocrx_word' id='word_1_86' title='bbox 238 1389 449 1467; x_wconf 86' lang='lat' dir='ltr'><strong>quissimarom</strong></span> <span class='ocrx_word' id='word_1_87' title='bbox 473 1385 636 1446; x_wconf 90' lang='lat' dir='ltr'><strong>editionum</strong></span> <span class='ocrx_word' id='word_1_88' title='bbox 661 1385 803 1447; x_wconf 89' lang='lat' dir='ltr'><strong>lectiones</strong></span> <span class='ocrx_word' id='word_1_89' title='bbox 823 1386 959 1446; x_wconf 80' lang='lat' dir='ltr'><strong>conferre</strong></span> <span class='ocrx_word' id='word_1_90' title='bbox 978 1394 1008 1445; x_wconf 93' lang='lat' dir='ltr'><strong>et</strong></span> <span class='ocrx_word' id='word_1_91' title='bbox 1027 1404 1102 1465; x_wconf 90' lang='lat' dir='ltr'><strong>quae</strong></span> <span class='ocrx_word' id='word_1_92' title='bbox 1123 1384 1166 1445; x_wconf 89' lang='lat' dir='ltr'><strong>vel</strong></span> <span class='ocrx_word' id='word_1_93' title='bbox 1191 1384 1385 1465; x_wconf 85' lang='lat' dir='ltr'><strong>probabiliter</strong></span> 
     </span>
     <span class='ocr_line' id='line_1_12' title="bbox 239 1482 1384 1564; baseline -0.003 -19"><span class='ocrx_word' id='word_1_94' title='bbox 239 1488 270 1545; x_wconf 94' lang='lat' dir='ltr'><strong>in</strong></span> <span class='ocrx_word' id='word_1_95' title='bbox 290 1486 335 1545; x_wconf 87' lang='lat' dir='ltr'><strong>his</strong></span> <span class='ocrx_word' id='word_1_96' title='bbox 355 1484 509 1544; x_wconf 86' lang='lat' dir='ltr'><strong>emendata</strong></span> <span class='ocrx_word' id='word_1_97' title='bbox 532 1482 578 1544; x_wconf 86' lang='lat' dir='ltr'><strong>vel</strong></span> <span class='ocrx_word' id='word_1_98' title='bbox 601 1494 725 1562; x_wconf 93' lang='lat' dir='ltr'><strong>propter</strong></span> <span class='ocrx_word' id='word_1_99' title='bbox 748 1483 875 1564; x_wconf 89' lang='lat' dir='ltr'><strong>aliquam</strong></span> <span class='ocrx_word' id='word_1_100' title='bbox 899 1502 1016 1544; x_wconf 90' lang='lat' dir='ltr'><strong>oausam</strong></span> <span class='ocrx_word' id='word_1_101' title='bbox 1041 1483 1129 1562; x_wconf 74' lang='lat' dir='ltr'><strong>dignm</strong></span> <span class='ocrx_word' id='word_1_102' title='bbox 1152 1501 1218 1544; x_wconf 89' lang='lat' dir='ltr'><strong>esse</strong></span> <span class='ocrx_word' id='word_1_103' title='bbox 1243 1486 1384 1543; x_wconf 88' lang='lat' dir='ltr'><strong>momoria</strong></span> 
     </span>
     <span class='ocr_line' id='line_1_13' title="bbox 240 1581 1384 1661; baseline -0.003 -18"><span class='ocrx_word' id='word_1_104' title='bbox 240 1581 416 1644; x_wconf 88' lang='lat' dir='ltr'><strong>videbantur</strong></span> <span class='ocrx_word' id='word_1_105' title='bbox 439 1581 588 1643; x_wconf 91' lang='lat' dir='ltr'><strong>adnotare.</strong></span> <span class='ocrx_word' id='word_1_106' title='bbox 634 1581 776 1661; x_wconf 90' lang='lat' dir='ltr'><strong>pleraque</strong></span> <span class='ocrx_word' id='word_1_107' title='bbox 805 1583 883 1642; x_wconf 89' lang='lat' dir='ltr'><strong>enim</strong></span> <span class='ocrx_word' id='word_1_108' title='bbox 910 1600 968 1642; x_wconf 92' lang='lat' dir='ltr'><strong>non</strong></span> <span class='ocrx_word' id='word_1_109' title='bbox 993 1584 1065 1642; x_wconf 91' lang='lat' dir='ltr'><strong>satis</strong></span> <span class='ocrx_word' id='word_1_110' title='bbox 1088 1581 1176 1661; x_wconf 91' lang='lat' dir='ltr'><strong>digna</strong></span> <span class='ocrx_word' id='word_1_111' title='bbox 1200 1589 1286 1642; x_wconf 87' lang='lat' dir='ltr'><strong>erant</strong></span> <span class='ocrx_word' id='word_1_112' title='bbox 1309 1600 1384 1660; x_wconf 91' lang='lat' dir='ltr'><strong>quae</strong></span> 
     </span>
     <span class='ocr_line' id='line_1_14' title="bbox 240 1679 628 1759; baseline -0.003 -17"><span class='ocrx_word' id='word_1_113' title='bbox 240 1682 398 1742; x_wconf 89' lang='lat' dir='ltr'><strong>memoriae</strong></span> <span class='ocrx_word' id='word_1_114' title='bbox 421 1679 628 1759; x_wconf 88' lang='lat' dir='ltr'><strong>proderentur.</strong></span> 
     </span>
    </p>

    <p class='ocr_par' dir='ltr' id='par_1_3' title="bbox 150 1777 1395 4503">
     <span class='ocr_line' id='line_1_15' title="bbox 329 1777 1385 1858; baseline 0 -20"><span class='ocrx_word' id='word_1_115' title='bbox 329 1777 447 1838; x_wconf 67' lang='lat' dir='ltr'><strong>Primus</strong></span> <span class='ocrx_word' id='word_1_116' title='bbox 466 1777 578 1838; x_wconf 89' lang='lat' dir='ltr'><strong>aditum</strong></span> <span class='ocrx_word' id='word_1_117' title='bbox 592 1779 628 1839; x_wconf 90' lang='lat' dir='ltr'><strong>ad</strong></span> <span class='ocrx_word' id='word_1_118' title='bbox 648 1780 793 1858; x_wconf 80' lang='lat' dir='ltr'><strong>genuinae</strong></span> <span class='ocrx_word' id='word_1_119' title='bbox 812 1780 978 1856; x_wconf 90' lang='lat' dir='ltr'><strong>scripturae</strong></span> <span class='ocrx_word' id='word_1_120' title='bbox 993 1779 1104 1839; x_wconf 83' lang='lat' dir='ltr'><strong>iontem</strong></span> <span class='ocrx_word' id='word_1_121' title='bbox 1119 1777 1226 1839; x_wconf 90' lang='lat' dir='ltr'><strong>Petrus</strong></span> <span class='ocrx_word' id='word_1_122' title='bbox 1236 1777 1385 1838; x_wconf 90' lang='lat' dir='ltr'><strong>Victorius</strong></span> 
     </span>
     <span class='ocr_line' id='line_1_16' title="bbox 240 1874 1386 1957; baseline -0.003 -20"><span class='ocrx_word' id='word_1_123' title='bbox 240 1879 365 1957; x_wconf 88' lang='lat' dir='ltr'><strong>aperuit,</strong></span> <span class='ocrx_word' id='word_1_124' title='bbox 389 1877 440 1954; x_wconf 95' lang='lat' dir='ltr'><strong>qui</strong></span> <span class='ocrx_word' id='word_1_125' title='bbox 459 1875 578 1936; x_wconf 88' lang='lat' dir='ltr'><strong>Catonis</strong></span> <span class='ocrx_word' id='word_1_126' title='bbox 602 1885 632 1937; x_wconf 92' lang='lat' dir='ltr'><strong>et</strong></span> <span class='ocrx_word' id='word_1_127' title='bbox 650 1875 790 1937; x_wconf 83' lang='lat' dir='ltr'><strong>Varronis</strong></span> <span class='ocrx_word' id='word_1_128' title='bbox 815 1874 906 1935; x_wconf 89' lang='lat' dir='ltr'><strong>libros</strong></span> <span class='ocrx_word' id='word_1_129' title='bbox 926 1876 1083 1952; x_wconf 89' lang='lat' dir='ltr'><strong>separatim</strong></span> <span class='ocrx_word' id='word_1_130' title='bbox 1103 1874 1196 1935; x_wconf 88' lang='lat' dir='ltr'><strong>edidit</strong></span> <span class='ocrx_word' id='word_1_131' title='bbox 1214 1874 1270 1935; x_wconf 90' lang='lat' dir='ltr'><strong>hoc</strong></span> <span class='ocrx_word' id='word_1_132' title='bbox 1290 1874 1386 1953; x_wconf 91' lang='lat' dir='ltr'><strong>titulo,</strong></span> 
     </span>
     <span class='ocr_line' id='line_1_17' title="bbox 240 1971 1385 2049; baseline -0.002 -15"><span class='ocrx_word' id='word_1_133' title='bbox 240 1972 344 2035; x_wconf 75' lang='lat' dir='ltr'><strong>‘Marci</strong></span> <span class='ocrx_word' id='word_1_134' title='bbox 358 1973 477 2034; x_wconf 85' lang='lat' dir='ltr'><strong>Catonis</strong></span> <span class='ocrx_word' id='word_1_135' title='bbox 497 1992 531 2034; x_wconf 90' lang='lat' dir='ltr'><strong>ac</strong></span> <span class='ocrx_word' id='word_1_136' title='bbox 544 1972 581 2034; x_wconf 88' lang='lat' dir='ltr'><strong>bl.</strong></span> <span class='ocrx_word' id='word_1_137' title='bbox 592 1973 699 2035; x_wconf 87' lang='lat' dir='ltr'><strong>Teren.</strong></span> <span class='ocrx_word' id='word_1_138' title='bbox 709 1973 849 2034; x_wconf 83' lang='lat' dir='ltr'><strong>Varronis</strong></span> <span class='ocrx_word' id='word_1_139' title='bbox 864 1972 901 2032; x_wconf 90' lang='lat' dir='ltr'><strong>de</strong></span> <span class='ocrx_word' id='word_1_140' title='bbox 916 1992 949 2033; x_wconf 89' lang='lat' dir='ltr'><strong>re</strong></span> <span class='ocrx_word' id='word_1_141' title='bbox 968 1974 1079 2032; x_wconf 92' lang='lat' dir='ltr'><strong>rustica</strong></span> <span class='ocrx_word' id='word_1_142' title='bbox 1097 1971 1173 2049; x_wconf 93' lang='lat' dir='ltr'><strong>libri,</strong></span> <span class='ocrx_word' id='word_1_143' title='bbox 1192 1971 1249 2032; x_wconf 91' lang='lat' dir='ltr'><strong>Per</strong></span> <span class='ocrx_word' id='word_1_144' title='bbox 1263 1971 1385 2032; x_wconf 91' lang='lat' dir='ltr'><strong>Petrum</strong></span> 
     </span>
     <span class='ocr_line' id='line_1_18' title="bbox 242 2071 1386 2154; baseline -0.002 -21"><span class='ocrx_word' id='word_1_145' title='bbox 242 2074 414 2154; x_wconf 83' lang='lat' dir='ltr'><strong>Victoriam,</strong></span> <span class='ocrx_word' id='word_1_146' title='bbox 437 2072 471 2133; x_wconf 92' lang='lat' dir='ltr'><strong>ad</strong></span> <span class='ocrx_word' id='word_1_147' title='bbox 498 2081 633 2133; x_wconf 88' lang='lat' dir='ltr'><strong>ueterum</strong></span> <span class='ocrx_word' id='word_1_148' title='bbox 658 2071 870 2150; x_wconf 84' lang='lat' dir='ltr'><strong>exemplarium</strong></span> <span class='ocrx_word' id='word_1_149' title='bbox 894 2071 990 2150; x_wconf 88' lang='lat' dir='ltr'><strong>iidem,</strong></span> <span class='ocrx_word' id='word_1_150' title='bbox 1019 2089 1089 2130; x_wconf 88' lang='lat' dir='ltr'><strong>suae</strong></span> <span class='ocrx_word' id='word_1_151' title='bbox 1113 2073 1277 2150; x_wconf 77' lang='lat' dir='ltr'><strong>integritati</strong></span> <span class='ocrx_word' id='word_1_152' title='bbox 1300 2075 1386 2132; x_wconf 90' lang='lat' dir='ltr'><strong>resti-</strong></span> 
     </span>
     <span class='ocr_line' id='line_1_19' title="bbox 242 2163 1386 2250; baseline -0.003 -18"><span class='ocrx_word' id='word_1_153' title='bbox 242 2173 308 2232; x_wconf 91' lang='lat' dir='ltr'><strong>tuti.</strong></span> <span class='ocrx_word' id='word_1_154' title='bbox 346 2169 483 2248; x_wconf 81' lang='lat' dir='ltr'><strong>Lugduni</strong></span> <span class='ocrx_word' id='word_1_155' title='bbox 508 2169 585 2248; x_wconf 87' lang='lat' dir='ltr'><strong>apud</strong></span> <span class='ocrx_word' id='word_1_156' title='bbox 611 2169 677 2230; x_wconf 87' lang='lat' dir='ltr'><strong>Scb.</strong></span> <span class='ocrx_word' id='word_1_157' title='bbox 701 2169 875 2250; x_wconf 84' lang='lat' dir='ltr'><strong>Gryphium,</strong></span> <span class='ocrx_word' id='word_1_158' title='bbox 900 2163 1006 2230; x_wconf 85' lang='lat'><strong>1541’.</strong></span> <span class='ocrx_word' id='word_1_159' title='bbox 1043 2169 1159 2230; x_wconf 90' lang='lat' dir='ltr'><strong>additae</strong></span> <span class='ocrx_word' id='word_1_160' title='bbox 1183 2177 1253 2230; x_wconf 88' lang='lat' dir='ltr'><strong>sunt</strong></span> <span class='ocrx_word' id='word_1_161' title='bbox 1275 2188 1386 2249; x_wconf 88' lang='lat' dir='ltr'><strong>paucae</strong></span> 
     </span>
     <span class='ocr_line' id='line_1_20' title="bbox 241 2263 1386 2348; baseline -0.003 -18"><span class='ocrx_word' id='word_1_162' title='bbox 241 2268 464 2330; x_wconf 88' lang='lat' dir='ltr'><strong>emendationes</strong></span> <span class='ocrx_word' id='word_1_163' title='bbox 483 2266 669 2348; x_wconf 74' lang='lat' dir='ltr'><strong>Columellas,</strong></span> <span class='ocrx_word' id='word_1_164' title='bbox 693 2263 775 2329; x_wconf 78' lang='lat' dir='ltr'><strong>‘Loci</strong></span> <span class='ocrx_word' id='word_1_165' title='bbox 799 2267 911 2347; x_wconf 91' lang='lat' dir='ltr'><strong>aliquot</strong></span> <span class='ocrx_word' id='word_1_166' title='bbox 930 2265 1118 2347; x_wconf 83' lang='lat' dir='ltr'><strong>Columellae,</strong></span> <span class='ocrx_word' id='word_1_167' title='bbox 1141 2267 1176 2327; x_wconf 92' lang='lat' dir='ltr'><strong>ad</strong></span> <span class='ocrx_word' id='word_1_168' title='bbox 1201 2276 1386 2329; x_wconf 87' lang='lat' dir='ltr'><strong>vetustorum</strong></span> 
     </span>
     <span class='ocr_line' id='line_1_21' title="bbox 243 2360 1388 2446; baseline -0.003 -18"><span class='ocrx_word' id='word_1_169' title='bbox 243 2367 455 2446; x_wconf 82' lang='lat' dir='ltr'><strong>exemplarium</strong></span> <span class='ocrx_word' id='word_1_170' title='bbox 478 2364 665 2425; x_wconf 89' lang='lat' dir='ltr'><strong>collationem</strong></span> <span class='ocrx_word' id='word_1_171' title='bbox 688 2360 857 2426; x_wconf 89' lang='lat' dir='ltr'><strong>emendati&#39;.</strong></span> <span class='ocrx_word' id='word_1_172' title='bbox 899 2364 935 2424; x_wconf 89' lang='lat' dir='ltr'><strong>ad</strong></span> <span class='ocrx_word' id='word_1_173' title='bbox 959 2382 1024 2424; x_wconf 89' lang='lat' dir='ltr'><strong>eam</strong></span> <span class='ocrx_word' id='word_1_174' title='bbox 1048 2365 1207 2425; x_wconf 90' lang='lat' dir='ltr'><strong>editionem</strong></span> <span class='ocrx_word' id='word_1_175' title='bbox 1236 2368 1388 2444; x_wconf 89' lang='lat' dir='ltr'><strong>pertinent</strong></span> 
     </span>
     <span class='ocr_line' id='line_1_22' title="bbox 244 2458 1388 2544; baseline -0.002 -19"><span class='ocrx_word' id='word_1_176' title='bbox 244 2465 456 2544; x_wconf 83' lang='lat' dir='ltr'><strong>explicationes</strong></span> <span class='ocrx_word' id='word_1_177' title='bbox 475 2480 551 2523; x_wconf 91' lang='lat' dir='ltr'><strong>auno</strong></span> <span class='ocrx_word' id='word_1_178' title='bbox 571 2473 638 2541; x_wconf 91' lang='lat' dir='ltr'><strong>post</strong></span> <span class='ocrx_word' id='word_1_179' title='bbox 657 2466 815 2542; x_wconf 89' lang='lat' dir='ltr'><strong>separatim</strong></span> <span class='ocrx_word' id='word_1_180' title='bbox 835 2463 930 2523; x_wconf 91' lang='lat' dir='ltr'><strong>editae</strong></span> <span class='ocrx_word' id='word_1_181' title='bbox 954 2462 1010 2522; x_wconf 92' lang='lat' dir='ltr'><strong>hoc</strong></span> <span class='ocrx_word' id='word_1_182' title='bbox 1036 2462 1130 2543; x_wconf 92' lang='lat' dir='ltr'><strong>titulo,</strong></span> <span class='ocrx_word' id='word_1_183' title='bbox 1153 2458 1246 2524; x_wconf 76' lang='lat' dir='ltr'><strong>‘Petri</strong></span> <span class='ocrx_word' id='word_1_184' title='bbox 1266 2462 1388 2523; x_wconf 89' lang='lat' dir='ltr'><strong>Victorii</strong></span> 
     </span>
     <span class='ocr_line' id='line_1_23' title="bbox 150 2559 1389 2642; baseline -0.003 -18"><span class='ocrx_word' id='word_1_185' title='bbox 150 2594 157 2613; x_wconf 77' lang='grc' dir='ltr'>ι</span> <span class='ocrx_word' id='word_1_186' title='bbox 243 2563 461 2642; x_wconf 83' lang='lat' dir='ltr'><strong>Explicationes</strong></span> <span class='ocrx_word' id='word_1_187' title='bbox 485 2579 605 2621; x_wconf 90' lang='lat' dir='ltr'><strong>suarum</strong></span> <span class='ocrx_word' id='word_1_188' title='bbox 628 2563 660 2621; x_wconf 89' lang='lat' dir='ltr'><strong>iu</strong></span> <span class='ocrx_word' id='word_1_189' title='bbox 683 2561 833 2642; x_wconf 85' lang='lat' dir='ltr'><strong>Catonem,</strong></span> <span class='ocrx_word' id='word_1_190' title='bbox 852 2559 1022 2639; x_wconf 85' lang='lat' dir='ltr'><strong>Varronem,</strong></span> <span class='ocrx_word' id='word_1_191' title='bbox 1045 2559 1236 2621; x_wconf 85' lang='lat' dir='ltr'><strong>Columellam</strong></span> <span class='ocrx_word' id='word_1_192' title='bbox 1257 2559 1389 2639; x_wconf 85' lang='lat' dir='ltr'><strong>Castiga-</strong></span> 
     </span>
     <span class='ocr_line' id='line_1_24' title="bbox 243 2653 1389 2738; baseline -0.003 -16"><span class='ocrx_word' id='word_1_193' title='bbox 243 2664 368 2723; x_wconf 87' lang='lat' dir='ltr'><strong>tiooum.</strong></span> <span class='ocrx_word' id='word_1_194' title='bbox 413 2658 499 2737; x_wconf 81' lang='lat' dir='ltr'><strong>Apud</strong></span> <span class='ocrx_word' id='word_1_195' title='bbox 524 2656 591 2718; x_wconf 86' lang='lat' dir='ltr'><strong>Sob.</strong></span> <span class='ocrx_word' id='word_1_196' title='bbox 615 2658 778 2738; x_wconf 80' lang='lat' dir='ltr'><strong>Gryphium</strong></span> <span class='ocrx_word' id='word_1_197' title='bbox 802 2659 956 2738; x_wconf 77' lang='lat' dir='ltr'><strong>Lugduni,</strong></span> <span class='ocrx_word' id='word_1_198' title='bbox 985 2653 1097 2719; x_wconf 81' lang='lat'><strong>1542&#39;.</strong></span> <span class='ocrx_word' id='word_1_199' title='bbox 1147 2660 1389 2738; x_wconf 84' lang='lat' dir='ltr'><strong>manuscriptos</strong></span> 
     </span>
     <span class='ocr_line' id='line_1_25' title="bbox 199 2748 1389 2840; baseline -0.003 -20"><span class='ocrx_word' id='word_1_200' title='bbox 199 2748 203 2755; x_wconf 75' lang='grc'><strong>’</strong></span> <span class='ocrx_word' id='word_1_201' title='bbox 245 2760 346 2840; x_wconf 90' lang='lat' dir='ltr'><strong>libros,</strong></span> <span class='ocrx_word' id='word_1_202' title='bbox 365 2756 474 2836; x_wconf 91' lang='lat' dir='ltr'><strong>quibus</strong></span> <span class='ocrx_word' id='word_1_203' title='bbox 493 2774 566 2817; x_wconf 89' lang='lat' dir='ltr'><strong>usus</strong></span> <span class='ocrx_word' id='word_1_204' title='bbox 581 2769 652 2837; x_wconf 89' lang='lat' dir='ltr'><strong>erar,</strong></span> <span class='ocrx_word' id='word_1_205' title='bbox 671 2759 701 2817; x_wconf 92' lang='lat' dir='ltr'><strong>iu</strong></span> <span class='ocrx_word' id='word_1_206' title='bbox 722 2758 912 2837; x_wconf 88' lang='lat' dir='ltr'><strong>praelatione,</strong></span> <span class='ocrx_word' id='word_1_207' title='bbox 932 2775 1007 2836; x_wconf 92' lang='lat' dir='ltr'><strong>quae</strong></span> <span class='ocrx_word' id='word_1_208' title='bbox 1027 2759 1056 2817; x_wconf 95' lang='lat' dir='ltr'><strong>in</strong></span> <span class='ocrx_word' id='word_1_209' title='bbox 1076 2758 1176 2834; x_wconf 87' lang='lat' dir='ltr'><strong>priore</strong></span> <span class='ocrx_word' id='word_1_210' title='bbox 1195 2764 1279 2837; x_wconf 90' lang='lat' dir='ltr'><strong>parte</strong></span> <span class='ocrx_word' id='word_1_211' title='bbox 1298 2757 1389 2817; x_wconf 86' lang='lat' dir='ltr'><strong>huius</strong></span> 
     </span>
     <span class='ocr_line' id='line_1_26' title="bbox 228 2844 1389 2934; baseline -0.003 -16"><span class='ocrx_word' id='word_1_212' title='bbox 228 2844 384 2918; x_wconf 82' lang='lat' dir='ltr'><strong>¹editionis</strong></span> <span class='ocrx_word' id='word_1_213' title='bbox 408 2855 534 2933; x_wconf 87' lang='lat' dir='ltr'><strong>repetita</strong></span> <span class='ocrx_word' id='word_1_214' title='bbox 557 2862 611 2934; x_wconf 88' lang='lat' dir='ltr'><strong>est,</strong></span> <span class='ocrx_word' id='word_1_215' title='bbox 635 2855 781 2916; x_wconf 86' lang='lat' dir='ltr'><strong>indicavit</strong></span> <span class='ocrx_word' id='word_1_216' title='bbox 828 2855 932 2916; x_wconf 89' lang='lat' dir='ltr'><strong>habuit</strong></span> <span class='ocrx_word' id='word_1_217' title='bbox 955 2864 1054 2915; x_wconf 91' lang='lat' dir='ltr'><strong>autem</strong></span> <span class='ocrx_word' id='word_1_218' title='bbox 1077 2863 1196 2934; x_wconf 85' lang='lat' dir='ltr'><strong>praeter</strong></span> <span class='ocrx_word' id='word_1_219' title='bbox 1219 2858 1316 2934; x_wconf 88' lang='lat' dir='ltr'><strong>ipsum</strong></span> <span class='ocrx_word' id='word_1_220' title='bbox 1340 2876 1389 2915; x_wconf 86' lang='lat' dir='ltr'><strong>ve-</strong></span> 
     </span>
     <span class='ocr_line' id='line_1_27' title="bbox 246 2951 1390 3034; baseline -0.003 -17"><span class='ocrx_word' id='word_1_221' title='bbox 246 2965 340 3017; x_wconf 85' lang='lat' dir='ltr'><strong>terem</strong></span> <span class='ocrx_word' id='word_1_222' title='bbox 359 2953 492 3014; x_wconf 90' lang='lat' dir='ltr'><strong>codicem</strong></span> <span class='ocrx_word' id='word_1_223' title='bbox 512 2952 713 3034; x_wconf 88' lang='lat' dir='ltr'><strong>archetypum,</strong></span> <span class='ocrx_word' id='word_1_224' title='bbox 732 2955 784 3033; x_wconf 89' lang='lat' dir='ltr'><strong>qui</strong></span> <span class='ocrx_word' id='word_1_225' title='bbox 804 2963 866 3014; x_wconf 93' lang='lat' dir='ltr'><strong>tum</strong></span> <span class='ocrx_word' id='word_1_226' title='bbox 884 2951 1050 3013; x_wconf 84' lang='lat' dir='ltr'><strong>Florentiae</strong></span> <span class='ocrx_word' id='word_1_227' title='bbox 1069 2954 1100 3012; x_wconf 94' lang='lat' dir='ltr'><strong>iu</strong></span> <span class='ocrx_word' id='word_1_228' title='bbox 1118 2951 1266 3013; x_wconf 81' lang='lat' dir='ltr'><strong>Marciana</strong></span> <span class='ocrx_word' id='word_1_229' title='bbox 1285 2953 1390 3013; x_wconf 93' lang='lat' dir='ltr'><strong>biblio-</strong></span> 
     </span>
     <span class='ocr_line' id='line_1_28' title="bbox 248 3038 1390 3131; baseline -0.002 -17"><span class='ocrx_word' id='word_1_230' title='bbox 248 3038 331 3114; x_wconf 79' lang='lat' dir='ltr'><strong>theca</strong></span> <span class='ocrx_word' id='word_1_231' title='bbox 352 3059 427 3128; x_wconf 90' lang='lat' dir='ltr'><strong>erat,</strong></span> <span class='ocrx_word' id='word_1_232' title='bbox 450 3049 615 3110; x_wconf 84' lang='lat' dir='ltr'><strong>Medioeum</strong></span> <span class='ocrx_word' id='word_1_233' title='bbox 634 3051 767 3112; x_wconf 90' lang='lat' dir='ltr'><strong>codicem</strong></span> <span class='ocrx_word' id='word_1_234' title='bbox 786 3070 815 3112; x_wconf 94' lang='lat' dir='ltr'><strong>m</strong></span> <span class='ocrx_word' id='word_1_235' title='bbox 835 3062 865 3112; x_wconf 91' lang='lat' dir='ltr'><strong>et</strong></span> <span class='ocrx_word' id='word_1_236' title='bbox 884 3050 1000 3111; x_wconf 90' lang='lat' dir='ltr'><strong>ltalicos</strong></span> <span class='ocrx_word' id='word_1_237' title='bbox 1023 3049 1201 3131; x_wconf 90' lang='lat' dir='ltr'><strong>complures,</strong></span> <span class='ocrx_word' id='word_1_238' title='bbox 1225 3070 1259 3111; x_wconf 85' lang='lat' dir='ltr'><strong>ex</strong></span> <span class='ocrx_word' id='word_1_239' title='bbox 1281 3051 1390 3130; x_wconf 89' lang='lat' dir='ltr'><strong>quibus</strong></span> 
     </span>
     <span class='ocr_line' id='line_1_29' title="bbox 246 3148 1390 3228; baseline -0.003 -16"><span class='ocrx_word' id='word_1_240' title='bbox 246 3164 338 3212; x_wconf 89' lang='lat' dir='ltr'><strong>unum</strong></span> <span class='ocrx_word' id='word_1_241' title='bbox 363 3150 534 3209; x_wconf 88' lang='lat' dir='ltr'><strong>nominatim</strong></span> <span class='ocrx_word' id='word_1_242' title='bbox 558 3148 715 3228; x_wconf 82' lang='lat' dir='ltr'><strong>appellarit</strong></span> <span class='ocrx_word' id='word_1_243' title='bbox 734 3149 844 3210; x_wconf 81' lang='lat' dir='ltr'><strong>Patavii</strong></span> <span class='ocrx_word' id='word_1_244' title='bbox 868 3151 1022 3227; x_wconf 87' lang='lat' dir='ltr'><strong>scriptum.</strong></span> <span class='ocrx_word' id='word_1_245' title='bbox 1061 3167 1097 3209; x_wconf 83' lang='lat' dir='ltr'><strong>ex</strong></span> <span class='ocrx_word' id='word_1_246' title='bbox 1121 3149 1208 3210; x_wconf 88' lang='lat' dir='ltr'><strong>editis</strong></span> <span class='ocrx_word' id='word_1_247' title='bbox 1232 3158 1316 3210; x_wconf 91' lang='lat' dir='ltr'><strong>antoa</strong></span> <span class='ocrx_word' id='word_1_248' title='bbox 1340 3169 1390 3209; x_wconf 88' lang='lat' dir='ltr'><strong>ex-</strong></span> 
     </span>
     <span class='ocr_line' id='line_1_30' title="bbox 246 3245 1391 3327; baseline -0.002 -17"><span class='ocrx_word' id='word_1_249' title='bbox 246 3246 427 3327; x_wconf 81' lang='lat' dir='ltr'><strong>emplaribus</strong></span> <span class='ocrx_word' id='word_1_250' title='bbox 446 3245 549 3307; x_wconf 92' lang='lat' dir='ltr'><strong>habuit</strong></span> <span class='ocrx_word' id='word_1_251' title='bbox 567 3246 636 3327; x_wconf 92' lang='lat' dir='ltr'><strong>duo,</strong></span> <span class='ocrx_word' id='word_1_252' title='bbox 655 3246 789 3306; x_wconf 77' lang='lat' dir='ltr'><strong>Aldinam</strong></span> <span class='ocrx_word' id='word_1_253' title='bbox 808 3255 840 3307; x_wconf 96' lang='lat' dir='ltr'><strong>et</strong></span> <span class='ocrx_word' id='word_1_254' title='bbox 858 3245 1004 3307; x_wconf 91' lang='lat' dir='ltr'><strong>luntinam</strong></span> <span class='ocrx_word' id='word_1_255' title='bbox 1024 3246 1193 3309; x_wconf 87' lang='lat' dir='ltr'><strong>editionem.</strong></span> <span class='ocrx_word' id='word_1_256' title='bbox 1226 3266 1293 3308; x_wconf 91' lang='lat' dir='ltr'><strong>nam</strong></span> <span class='ocrx_word' id='word_1_257' title='bbox 1312 3248 1391 3308; x_wconf 89' lang='lat' dir='ltr'><strong>edita</strong></span> 
     </span>
     <span class='ocr_line' id='line_1_31' title="bbox 246 3343 1391 3424; baseline 0 -17"><span class='ocrx_word' id='word_1_258' title='bbox 246 3355 314 3407; x_wconf 91' lang='lat' dir='ltr'><strong>ante</strong></span> <span class='ocrx_word' id='word_1_259' title='bbox 337 3344 473 3405; x_wconf 79' lang='lat' dir='ltr'><strong>Aldinam</strong></span> <span class='ocrx_word' id='word_1_260' title='bbox 501 3344 661 3406; x_wconf 85' lang='lat' dir='ltr'><strong>editionem</strong></span> <span class='ocrx_word' id='word_1_261' title='bbox 689 3344 867 3424; x_wconf 82' lang='lat' dir='ltr'><strong>exenrplaria</strong></span> <span class='ocrx_word' id='word_1_262' title='bbox 897 3362 956 3404; x_wconf 94' lang='lat' dir='ltr'><strong>non</strong></span> <span class='ocrx_word' id='word_1_263' title='bbox 985 3343 1097 3405; x_wconf 86' lang='lat' dir='ltr'><strong>habuit</strong></span> <span class='ocrx_word' id='word_1_264' title='bbox 1143 3345 1221 3424; x_wconf 94' lang='lat' dir='ltr'><strong>quod</strong></span> <span class='ocrx_word' id='word_1_265' title='bbox 1251 3349 1391 3424; x_wconf 88' lang='lat' dir='ltr'><strong>quoniam</strong></span> 
     </span>
     <span class='ocr_line' id='line_1_32' title="bbox 247 3442 1394 3527; baseline -0.001 -21"><span class='ocrx_word' id='word_1_266' title='bbox 247 3448 325 3507; x_wconf 91' lang='lat' dir='ltr'><strong>scire</strong></span> <span class='ocrx_word' id='word_1_267' title='bbox 349 3462 408 3505; x_wconf 92' lang='lat' dir='ltr'><strong>uon</strong></span> <span class='ocrx_word' id='word_1_268' title='bbox 432 3442 536 3503; x_wconf 90' lang='lat' dir='ltr'><strong>inutile</strong></span> <span class='ocrx_word' id='word_1_269' title='bbox 560 3452 618 3522; x_wconf 89' lang='lat' dir='ltr'><strong>est,</strong></span> <span class='ocrx_word' id='word_1_270' title='bbox 647 3452 681 3502; x_wconf 94' lang='lat' dir='ltr'><strong>ut</strong></span> <span class='ocrx_word' id='word_1_271' title='bbox 704 3442 739 3502; x_wconf 92' lang='lat' dir='ltr'><strong>de</strong></span> <span class='ocrx_word' id='word_1_272' title='bbox 764 3442 887 3503; x_wconf 90' lang='lat' dir='ltr'><strong>Victorii</strong></span> <span class='ocrx_word' id='word_1_273' title='bbox 915 3460 1005 3521; x_wconf 90' lang='lat' dir='ltr'><strong>opera</strong></span> <span class='ocrx_word' id='word_1_274' title='bbox 1032 3453 1114 3504; x_wconf 89' lang='lat' dir='ltr'><strong>recte</strong></span> <span class='ocrx_word' id='word_1_275' title='bbox 1137 3443 1261 3503; x_wconf 90' lang='lat' dir='ltr'><strong>iudicari</strong></span> <span class='ocrx_word' id='word_1_276' title='bbox 1287 3447 1394 3527; x_wconf 91' lang='lat' dir='ltr'><strong>possit,</strong></span> 
     </span>
     <span class='ocr_line' id='line_1_33' title="bbox 247 3539 1394 3622; baseline -0.003 -17"><span class='ocrx_word' id='word_1_277' title='bbox 247 3542 412 3605; x_wconf 84' lang='lat' dir='ltr'><strong>adscribam</strong></span> <span class='ocrx_word' id='word_1_278' title='bbox 437 3559 472 3600; x_wconf 89' lang='lat' dir='ltr'><strong>ex</strong></span> <span class='ocrx_word' id='word_1_279' title='bbox 501 3539 740 3601; x_wconf 88' lang='lat' dir='ltr'><strong>adnotationibus</strong></span> <span class='ocrx_word' id='word_1_280' title='bbox 763 3544 828 3602; x_wconf 86' lang='lat' dir='ltr'><strong>eius</strong></span> <span class='ocrx_word' id='word_1_281' title='bbox 852 3559 884 3601; x_wconf 91' lang='lat' dir='ltr'><strong>ea</strong></span> <span class='ocrx_word' id='word_1_282' title='bbox 908 3559 944 3601; x_wconf 83' lang='lat' dir='ltr'><strong>ex</strong></span> <span class='ocrx_word' id='word_1_283' title='bbox 968 3539 1077 3619; x_wconf 91' lang='lat' dir='ltr'><strong>quibus</strong></span> <span class='ocrx_word' id='word_1_284' title='bbox 1100 3541 1129 3601; x_wconf 94' lang='lat' dir='ltr'><strong>id</strong></span> <span class='ocrx_word' id='word_1_285' title='bbox 1155 3540 1232 3620; x_wconf 92' lang='lat' dir='ltr'><strong>quod</strong></span> <span class='ocrx_word' id='word_1_286' title='bbox 1256 3542 1317 3602; x_wconf 87' lang='lat' dir='ltr'><strong>dixi</strong></span> <span class='ocrx_word' id='word_1_287' title='bbox 1341 3562 1394 3622; x_wconf 90' lang='lat' dir='ltr'><strong>ap·</strong></span> 
     </span>
     <span class='ocr_line' id='line_1_34' title="bbox 247 3634 1392 3722; baseline -0.001 -20"><span class='ocrx_word' id='word_1_288' title='bbox 247 3648 340 3722; x_wconf 78' lang='lat' dir='ltr'><strong>paret.</strong></span> <span class='ocrx_word' id='word_1_289' title='bbox 379 3646 534 3717; x_wconf 88' lang='lat' dir='ltr'><strong>utramque</strong></span> <span class='ocrx_word' id='word_1_290' title='bbox 558 3638 717 3699; x_wconf 89' lang='lat' dir='ltr'><strong>editionem</strong></span> <span class='ocrx_word' id='word_1_291' title='bbox 738 3637 894 3718; x_wconf 86' lang='lat' dir='ltr'><strong>appellavit</strong></span> <span class='ocrx_word' id='word_1_292' title='bbox 917 3639 947 3697; x_wconf 91' lang='lat' dir='ltr'><strong>in</strong></span> <span class='ocrx_word' id='word_1_293' title='bbox 966 3637 1048 3698; x_wconf 81' lang='lat' dir='ltr'><strong>Vari.</strong></span> <span class='ocrx_word' id='word_1_294' title='bbox 1068 3637 1080 3698; x_wconf 97' lang='lat' dir='ltr'><strong>l</strong></span> <span class='ocrx_word' id='word_1_295' title='bbox 1103 3635 1187 3719; x_wconf 85' lang='lat'><strong>19,4</strong></span> <span class='ocrx_word' id='word_1_296' title='bbox 1211 3634 1281 3700; x_wconf 78' lang='lat' dir='ltr'><strong>‘Sed</strong></span> <span class='ocrx_word' id='word_1_297' title='bbox 1301 3643 1392 3702; x_wconf 88' lang='lat' dir='ltr'><strong>etiam</strong></span> 
     </span>
     <span class='ocr_line' id='line_1_35' title="bbox 249 3736 1393 3819; baseline -0.001 -18"><span class='ocrx_word' id='word_1_298' title='bbox 249 3742 300 3819; x_wconf 88' lang='lat' dir='ltr'><strong>qui</strong></span> <span class='ocrx_word' id='word_1_299' title='bbox 323 3756 382 3801; x_wconf 91' lang='lat' dir='ltr'><strong>non</strong></span> <span class='ocrx_word' id='word_1_300' title='bbox 406 3736 515 3816; x_wconf 91' lang='lat' dir='ltr'><strong>solum,</strong></span> <span class='ocrx_word' id='word_1_301' title='bbox 539 3744 594 3797; x_wconf 89' lang='lat' dir='ltr'><strong>etc.</strong></span> <span class='ocrx_word' id='word_1_302' title='bbox 640 3738 813 3799; x_wconf 86' lang='lat' dir='ltr'><strong>Lectionem</strong></span> <span class='ocrx_word' id='word_1_303' title='bbox 836 3754 903 3798; x_wconf 86' lang='lat' dir='ltr'><strong>eom</strong></span> <span class='ocrx_word' id='word_1_304' title='bbox 926 3739 1053 3810; x_wconf 82' lang='lat' dir='ltr'><strong>retinui,</strong></span> <span class='ocrx_word' id='word_1_305' title='bbox 1079 3753 1169 3810; x_wconf 82' lang='lat' dir='ltr'><strong>quom</strong></span> <span class='ocrx_word' id='word_1_306' title='bbox 1190 3736 1298 3812; x_wconf 79' lang='lat' dir='ltr'><strong>formis</strong></span> <span class='ocrx_word' id='word_1_307' title='bbox 1323 3744 1393 3800; x_wconf 81' lang='lat' dir='ltr'><strong>olim</strong></span> 
     </span>
     <span class='ocr_line' id='line_1_36' title="bbox 249 3836 1395 3914; baseline 0 -15"><span class='ocrx_word' id='word_1_308' title='bbox 249 3843 280 3899; x_wconf 83' lang='lat' dir='ltr'><strong>in</strong></span> <span class='ocrx_word' id='word_1_309' title='bbox 300 3840 360 3899; x_wconf 85' lang='lat' dir='ltr'><strong>boc</strong></span> <span class='ocrx_word' id='word_1_310' title='bbox 379 3838 455 3898; x_wconf 82' lang='lat' dir='ltr'><strong>orbe</strong></span> <span class='ocrx_word' id='word_1_311' title='bbox 469 3839 577 3898; x_wconf 80' lang='lat' dir='ltr'><strong>excusi</strong></span> <span class='ocrx_word' id='word_1_312' title='bbox 589 3838 663 3897; x_wconf 82' lang='lat' dir='ltr'><strong>libri</strong></span> <span class='ocrx_word' id='word_1_313' title='bbox 680 3838 846 3897; x_wconf 82' lang='lat' dir='ltr'><strong>habebant:</strong></span> <span class='ocrx_word' id='word_1_314' title='bbox 865 3837 992 3896; x_wconf 80' lang='lat' dir='ltr'><strong>eandem</strong></span> <span class='ocrx_word' id='word_1_315' title='bbox 1010 3836 1089 3894; x_wconf 79' lang='lat' dir='ltr'><strong>enim</strong></span> <span class='ocrx_word' id='word_1_316' title='bbox 1109 3837 1140 3894; x_wconf 80' lang='lat' dir='ltr'><strong>in</strong></span> <span class='ocrx_word' id='word_1_317' title='bbox 1159 3851 1250 3896; x_wconf 83' lang='lat' dir='ltr'><strong>mono</strong></span> <span class='ocrx_word' id='word_1_318' title='bbox 1269 3841 1395 3914; x_wconf 83' lang='lat' dir='ltr'><strong>seriptis</strong></span> 
     </span>
     <span class='ocr_line' id='line_1_37' title="bbox 249 3934 1394 4012; baseline -0.001 -15"><span class='ocrx_word' id='word_1_319' title='bbox 249 3939 361 4010; x_wconf 83' lang='lat' dir='ltr'><strong>inveni,</strong></span> <span class='ocrx_word' id='word_1_320' title='bbox 389 3944 418 3997; x_wconf 88' lang='lat' dir='ltr'><strong>et</strong></span> <span class='ocrx_word' id='word_1_321' title='bbox 441 3939 473 3996; x_wconf 83' lang='lat' dir='ltr'><strong>in</strong></span> <span class='ocrx_word' id='word_1_322' title='bbox 497 3942 670 4012; x_wconf 82' lang='lat' dir='ltr'><strong>pervetusto</strong></span> <span class='ocrx_word' id='word_1_323' title='bbox 699 3938 731 3995; x_wconf 84' lang='lat' dir='ltr'><strong>in</strong></span> <span class='ocrx_word' id='word_1_324' title='bbox 755 3937 876 4011; x_wconf 84' lang='lat' dir='ltr'><strong>primis,</strong></span> <span class='ocrx_word' id='word_1_325' title='bbox 904 3936 992 3994; x_wconf 83' lang='lat' dir='ltr'><strong>cuins</strong></span> <span class='ocrx_word' id='word_1_326' title='bbox 1020 3934 1151 3993; x_wconf 76' lang='lat' dir='ltr'><strong>maxime</strong></span> <span class='ocrx_word' id='word_1_327' title='bbox 1178 3939 1394 3997; x_wconf 77' lang='lat' dir='ltr'><strong>ortetorrlotem</strong></span> 
     </span>
     <span class='ocr_line' id='line_1_38' title="bbox 248 4028 1393 4110; baseline -0.002 -14"><span class='ocrx_word' id='word_1_328' title='bbox 248 4052 373 4110; x_wconf 79' lang='lat' dir='ltr'><strong>sequor:</strong></span> <span class='ocrx_word' id='word_1_329' title='bbox 395 4053 451 4096; x_wconf 84' lang='lat' dir='ltr'><strong>nec</strong></span> <span class='ocrx_word' id='word_1_330' title='bbox 475 4052 521 4095; x_wconf 85' lang='lat' dir='ltr'><strong>me</strong></span> <span class='ocrx_word' id='word_1_331' title='bbox 544 4038 618 4095; x_wconf 84' lang='lat' dir='ltr'><strong>latet</strong></span> <span class='ocrx_word' id='word_1_332' title='bbox 646 4032 775 4095; x_wconf 76' lang='lat' dir='ltr'><strong>Veneriis</strong></span> <span class='ocrx_word' id='word_1_333' title='bbox 798 4049 927 4094; x_wconf 75' lang='lat' dir='ltr'><strong>excusos</strong></span> <span class='ocrx_word' id='word_1_334' title='bbox 950 4032 1042 4091; x_wconf 82' lang='lat' dir='ltr'><strong>uelde</strong></span> <span class='ocrx_word' id='word_1_335' title='bbox 1064 4031 1103 4089; x_wconf 87' lang='lat' dir='ltr'><strong>ob</strong></span> <span class='ocrx_word' id='word_1_336' title='bbox 1126 4031 1186 4090; x_wconf 83' lang='lat' dir='ltr'><strong>boc</strong></span> <span class='ocrx_word' id='word_1_337' title='bbox 1210 4028 1393 4095; x_wconf 80' lang='lat' dir='ltr'><strong>dissentire’.</strong></span> 
     </span>
     <span class='ocr_line' id='line_1_39' title="bbox 249 4125 1393 4210; baseline 0 -17"><span class='ocrx_word' id='word_1_338' title='bbox 249 4132 369 4193; x_wconf 88' lang='lat' dir='ltr'><strong>easdem</strong></span> <span class='ocrx_word' id='word_1_339' title='bbox 391 4134 421 4192; x_wconf 93' lang='lat' dir='ltr'><strong>in</strong></span> <span class='ocrx_word' id='word_1_340' title='bbox 444 4132 633 4192; x_wconf 78' lang='lat' dir='ltr'><strong>adnotatione</strong></span> <span class='ocrx_word' id='word_1_341' title='bbox 656 4133 687 4190; x_wconf 94' lang='lat' dir='ltr'><strong>iu</strong></span> <span class='ocrx_word' id='word_1_342' title='bbox 711 4129 850 4190; x_wconf 86' lang='lat' dir='ltr'><strong>Catonem</strong></span> <span class='ocrx_word' id='word_1_343' title='bbox 875 4125 963 4208; x_wconf 88' lang='lat'><strong>39,1</strong></span> <span class='ocrx_word' id='word_1_344' title='bbox 990 4127 1165 4206; x_wconf 82' lang='lat' dir='ltr'><strong>significavit</strong></span> <span class='ocrx_word' id='word_1_345' title='bbox 1188 4129 1237 4210; x_wconf 88' lang='lat' dir='ltr'><strong>ita,</strong></span> <span class='ocrx_word' id='word_1_346' title='bbox 1263 4125 1313 4190; x_wconf 83' lang='lat' dir='ltr'><strong>‘Et</strong></span> <span class='ocrx_word' id='word_1_347' title='bbox 1336 4134 1393 4192; x_wconf 88' lang='lat' dir='ltr'><strong>niti</strong></span> 
     </span>
     <span class='ocr_line' id='line_1_40' title="bbox 249 4217 1393 4309; baseline 0.001 -19"><span class='ocrx_word' id='word_1_348' title='bbox 249 4232 328 4290; x_wconf 92' lang='lat' dir='ltr'><strong>sicca</strong></span> <span class='ocrx_word' id='word_1_349' title='bbox 352 4228 478 4309; x_wconf 91' lang='lat' dir='ltr'><strong>alligato.</strong></span> <span class='ocrx_word' id='word_1_350' title='bbox 524 4230 576 4290; x_wconf 83' lang='lat' dir='ltr'><strong>Sic</strong></span> <span class='ocrx_word' id='word_1_351' title='bbox 600 4232 630 4289; x_wconf 86' lang='lat' dir='ltr'><strong>in</strong></span> <span class='ocrx_word' id='word_1_352' title='bbox 654 4245 718 4289; x_wconf 76' lang='lat' dir='ltr'><strong>tino</strong></span> <span class='ocrx_word' id='word_1_353' title='bbox 741 4230 872 4288; x_wconf 83' lang='lat' dir='ltr'><strong>editione</strong></span> <span class='ocrx_word' id='word_1_354' title='bbox 899 4219 943 4306; x_wconf 86' lang='lat' dir='ltr'><strong>(h.</strong></span> <span class='ocrx_word' id='word_1_355' title='bbox 958 4243 983 4286; x_wconf 93' lang='lat' dir='ltr'><strong>e.</strong></span> <span class='ocrx_word' id='word_1_356' title='bbox 1006 4227 1037 4285; x_wconf 90' lang='lat' dir='ltr'><strong>iu</strong></span> <span class='ocrx_word' id='word_1_357' title='bbox 1061 4217 1207 4309; x_wconf 86' lang='lat' dir='ltr'><strong>luntina):</strong></span> <span class='ocrx_word' id='word_1_358' title='bbox 1237 4231 1268 4287; x_wconf 82' lang='lat' dir='ltr'><strong>in</strong></span> <span class='ocrx_word' id='word_1_359' title='bbox 1292 4234 1393 4291; x_wconf 83' lang='lat' dir='ltr'><strong>altera</strong></span> 
     </span>
     <span class='ocr_line' id='line_1_41' title="bbox 250 4318 1394 4409; baseline 0.002 -21"><span class='ocrx_word' id='word_1_360' title='bbox 250 4325 293 4409; x_wconf 81' lang='lat' dir='ltr'><strong>(h.</strong></span> <span class='ocrx_word' id='word_1_361' title='bbox 310 4346 334 4389; x_wconf 92' lang='lat' dir='ltr'><strong>e.</strong></span> <span class='ocrx_word' id='word_1_362' title='bbox 353 4330 384 4388; x_wconf 93' lang='lat' dir='ltr'><strong>in</strong></span> <span class='ocrx_word' id='word_1_363' title='bbox 403 4318 532 4406; x_wconf 78' lang='lat' dir='ltr'><strong>Aldina),</strong></span> <span class='ocrx_word' id='word_1_364' title='bbox 555 4325 593 4385; x_wconf 86' lang='lat' dir='ltr'><strong>Et</strong></span> <span class='ocrx_word' id='word_1_365' title='bbox 616 4326 673 4384; x_wconf 94' lang='lat' dir='ltr'><strong>nisi</strong></span> <span class='ocrx_word' id='word_1_366' title='bbox 697 4326 787 4385; x_wconf 88' lang='lat' dir='ltr'><strong>sicca:</strong></span> <span class='ocrx_word' id='word_1_367' title='bbox 813 4325 848 4385; x_wconf 83' lang='lat' dir='ltr'><strong>Ia</strong></span> <span class='ocrx_word' id='word_1_368' title='bbox 873 4327 1081 4399; x_wconf 81' lang='lat' dir='ltr'><strong>antiquissimo</strong></span> <span class='ocrx_word' id='word_1_369' title='bbox 1105 4331 1134 4384; x_wconf 85' lang='lat' dir='ltr'><strong>et</strong></span> <span class='ocrx_word' id='word_1_370' title='bbox 1156 4327 1265 4401; x_wconf 85' lang='lat' dir='ltr'><strong>optimo</strong></span> <span class='ocrx_word' id='word_1_371' title='bbox 1287 4331 1394 4390; x_wconf 83' lang='lat' dir='ltr'><strong>codice</strong></span> 
     </span>
     <span class='ocr_line' id='line_1_42' title="bbox 250 4416 1392 4503; baseline 0.001 -17"><span class='ocrx_word' id='word_1_372' title='bbox 250 4428 317 4487; x_wconf 81' lang='lat' dir='ltr'><strong>sine</strong></span> <span class='ocrx_word' id='word_1_373' title='bbox 339 4425 552 4487; x_wconf 81' lang='lat' dir='ltr'><strong>coniunctione</strong></span> <span class='ocrx_word' id='word_1_374' title='bbox 580 4423 638 4483; x_wconf 93' lang='lat' dir='ltr'><strong>uiri</strong></span> <span class='ocrx_word' id='word_1_375' title='bbox 666 4416 770 4503; x_wconf 87' lang='lat' dir='ltr'><strong>sicoa&#39;,</strong></span> <span class='ocrx_word' id='word_1_376' title='bbox 802 4423 872 4482; x_wconf 89' lang='lat' dir='ltr'><strong>item</strong></span> <span class='ocrx_word' id='word_1_377' title='bbox 902 4423 932 4482; x_wconf 90' lang='lat' dir='ltr'><strong>iu</strong></span> <span class='ocrx_word' id='word_1_378' title='bbox 960 4421 1149 4482; x_wconf 88' lang='lat' dir='ltr'><strong>adnotatione</strong></span> <span class='ocrx_word' id='word_1_379' title='bbox 1176 4423 1207 4482; x_wconf 91' lang='lat' dir='ltr'><strong>in</strong></span> <span class='ocrx_word' id='word_1_380' title='bbox 1231 4421 1392 4486; x_wconf 89' lang='lat' dir='ltr'><strong>Varronem</strong></span> 
     </span>
    </p>
   </div>
   <div class='ocr_carea' id='block_1_3' title="bbox 0 0 1457 4994">
    <p class='ocr_par' dir='ltr' id='par_1_4' title="bbox 0 0 1457 4994">
     <span class='ocr_line' id='line_1_43' title="bbox 0 0 1457 4994; baseline 0 0"><span class='ocrx_word' id='word_1_381' title='bbox 0 0 1457 4994; x_wconf 95' lang='lat' dir='ltr'><strong> </strong></span> 
     </span>
    </p>
   </div>
  </div>
 </body>
</html>
