2874 4994
230 321 274 385 44
588 329 778 386 GOMMEN'I'.
798 331 837 385 IN
856 329 1013 385 CATONIS

230 489 334 549 sedulo
355 506 400 566 se,
423 505 448 547 c.
467 482 488 547 3
511 488 542 547 in
565 484 684 548 rubrica
707 495 737 548 et
760 488 790 547 in
813 484 911 548 indice
934 484 1129 566 capitulorum
1153 489 1372 561 adolescentia,

232 591 315 676 12,1
341 597 538 655 torcolarium
561 603 592 655 et
614 596 645 654 in
668 592 787 655 rubrica
811 597 936 669 toreoia,
962 589 1066 674 158‚1
1089 591 1135 654 bia
1154 597 1296 656 coliculos
1314 610 1372 673 pro

230 705 385 775 coliculos,
409 704 582 780 etantiqua
606 719 687 761 more
711 698 798 781 222
822 703 971 776 deorsam,
994 697 1080 783 28,1
1104 701 1298 764 Socoatiaas.

317 809 403 870 XVII
428 807 444 870 1
475 808 592 869 Rebus
621 811 789 870 materies
817 809 901 869 item
924 807 1054 887 ridica]
1078 808 1183 870 Rebus
1204 806 1372 869 Politianus

230 925 259 977 ct
281 914 408 995 plurima
431 914 611 997 apographa,
638 916 730 977 robus
752 917 784 975 in
807 933 866 977 rino
890 915 991 977 codice
1014 914 1146 976 Mediceo
1170 933 1199 975 ni
1223 917 1371 995 scriptum

229 1032 283 1085 est.
316 1026 412 1085 robur
431 1031 460 1085 θῖ
477 1027 619 1086 materies
639 1027 707 1085 item
723 1042 782 1101 pro
800 1026 903 1085 ridica
921 1024 1081 1105 iucundus,
1103 1026 1204 1103 robus,
1226 1025 1372 1086 materies

229 1135 298 1192 item
318 1149 377 1209 pro
400 1133 502 1191 ridica
526 1128 673 1190 Victorius
696 1138 727 1190 et
749 1128 854 1191 deindo
879 1129 987 1209 reliqui
1010 1129 1149 1191 editores.

318 1237 413 1308 Quae
440 1238 611 1298 materies
640 1254 758 1299 semen
785 1255 853 1298 non
881 1237 987 1299 habet
1010 1255 1086 1299 cnm
1109 1234 1273 1316 glnbebit
1296 1244 1371 1297 tuna

230 1346 445 1424 tempestiua
472 1352 527 1404 est
554 1361 593 1404 co
617 1345 698 1423 quia
723 1361 840 1405 semen
864 1344 982 1405 uiride
1006 1353 1041 1405 et
1063 1354 1238 1406 maturum
1261 1341 1372 1404 habet

228 1451 262 1512 id
286 1469 405 1512 semen
428 1450 469 1510 de
493 1451 656 1529 cipresso
680 1449 720 1510 de
744 1451 827 1529 pino
847 1450 992 1531 quiduis
1010 1425 1092 1512 anni
1110 1450 1229 1531 legere
1248 1452 1372 1529 possis

229 1560 314 1619 item
338 1557 483 1637 quiduis
505 1558 588 1618 anni
612 1566 746 1618 matura
771 1567 825 1633 est
848 1567 882 1619 et
905 1557 1132 1639 tempestiva]
1155 1560 1276 1632 Quisuis
1296 1562 1375 1619 ammi

229 1667 329 1746 priore
356 1663 421 1726 loco
449 1666 479 1725 in
507 1664 667 1745 archetypo
694 1667 838 1745 scriptum
867 1675 943 1749 erat,
975 1665 1027 1726 sed
1055 1668 1086 1727 in
1113 1667 1258 1748 margine,
1291 1666 1373 1726 sicut

229 1770 392 1833 Politianns
410 1771 559 1853 indicavit,
578 1780 746 1833 correctum
766 1775 895 1849 quiduis.
935 1791 1013 1849 puae
1031 1777 1173 1835 materies
1190 1790 1291 1834 semem
1309 1791 1373 1835 aaa

230 1881 328 1962 babet,
352 1898 420 1941 cum
440 1882 552 1956 eludet,
576 1887 638 1941 tum
661 1885 833 1957 tempestiua
855 1889 906 1943 θεῖ.
944 1899 981 1942 θα
1003 1898 1082 1956 quac
1103 1898 1202 1942 semea
1223 1883 1324 1942 uiride
1343 1888 1375 1943 et

229 1993 381 2047 maturum
408 1989 510 2062 babet,
538 1990 585 2048 uti
610 1995 655 2049 θεῖ
679 2005 780 2049 semem
807 1991 845 2049 de
868 2005 1011 2065 cupresso
1033 1995 1064 2049 et
1085 1990 1123 2049 de
1142 1991 1229 2064 pino,
1256 1991 1374 2064 quisae

229 2096 305 2154 amai
335 2095 517 2170 temporibus
549 2098 650 2170 tepere
678 2097 783 2171 possis.
838 2098 908 2156 item
938 2097 1050 2170 quisuis
1081 2097 1157 2156 ammi
1187 2096 1374 2171 temporibus

229 2208 352 2261 matura
383 2208 427 2261 est
458 2208 485 2262 et
512 2205 686 2279 tempestiua
713 2200 879 2283 locandae,
909 2220 988 2278 puae
1014 2205 1155 2263 materies
1181 2219 1282 2264 semea
1310 2220 1374 2264 mort

229 2309 327 2383 babet,
350 2325 418 2368 cum
438 2310 585 2384 plubebit,
610 2316 671 2371 tum
695 2313 867 2387 tempestiua
891 2316 942 2371 est.
988 2327 1025 2370 co
1048 2327 1127 2384 quac
1148 2327 1248 2370 semea
1270 2312 1374 2371 uiride

229 2424 258 2478 et
281 2424 433 2476 maturum
455 2417 554 2495 babet,
577 2419 624 2476 uti
643 2434 744 2478 semea
768 2419 806 2478 de
824 2435 977 2498 cupresso,
1000 2419 1038 2478 dc
1052 2419 1134 2496 pino,
1158 2419 1277 2492 quiduis
1296 2420 1375 2478 amai

229 2526 331 2597 tepere
350 2525 455 2598 possis.
493 2525 562 2583 item
585 2525 704 2597 quiduis
727 2526 802 2584 anmi
823 2530 945 2583 matura
969 2531 1013 2584 θεῖ
1034 2534 1064 2585 θῖ
1081 2527 1253 2601 tempestiua
1272 2522 1372 2585 Victo·

228 2629 301 2709 rins,
325 2627 375 2687 nbi
395 2626 596 2689 Schneiderus
620 2632 666 2689 uti
686 2647 786 2690 semea
810 2632 848 2690 de
870 2648 1013 2706 cupresso
1036 2633 1155 2706 quidvis
1175 2633 1252 2691 ammi
1268 2633 1374 2705 tepere

224 2738 337 2812 possis:
361 2739 453 2812 pimus
480 2738 549 2796 item
572 2739 691 2811 quiduis
714 2739 791 2796 anai
811 2744 934 2797 matura
957 2744 1001 2797 est
1023 2745 1053 2799 θῖ
1075 2741 1248 2816 tempestiua
1269 2736 1372 2817 legen·

228 2840 299 2902 dum
322 2843 457 2903 coniecit.
504 2861 541 2903 ea
564 2861 651 2917 puae,
677 2841 755 2922 quod
779 2860 814 2901 ex
838 2841 942 2902 Aldina
966 2841 1094 2904 editione
1117 2852 1271 2923 receptum
1296 2850 1372 2925 erat,

228 2948 297 3009 oiim
321 2951 443 3030 retinui3
467 2952 498 3010 in
521 2949 644 3030 reliquis
667 2949 824 3010 lectionem
847 2948 1000 3029 archetypi
1023 2951 1150 3011 restitui.
1187 2949 1239 3010 sed
1263 2968 1371 3011 rernm

228 3065 283 3138 cst,
306 3057 384 3134 quod
408 3059 438 3118 in
462 3056 511 3118 illo
530 3059 675 3137 scriptum
695 3065 760 3117 erat
778 3075 812 3118 eo
831 3060 912 3132 quia,
937 3075 1010 3137 quae
1031 3057 1155 3117 iormnla
1175 3057 1284 3135 legitur
1303 3053 1372 3139 6,4

230 3167 369 3224 coaeeait
391 3167 628 3225 harundinetum
651 3181 719 3224 cum
743 3167 879 3225 corruda
902 3182 945 3240 eo,
969 3167 1042 3239 quia
1061 3164 1189 3240 foditur,
1213 3173 1243 3225 et
1263 3165 1295 3224 in
1314 3162 1372 3224 hac

229 3269 290 3330 sola
327 3272 356 3330 in
393 3270 450 3331 hoc
486 3270 562 3331 libro
590 3274 662 3346 quia
690 3269 854 3331 adhibitam
887 3279 940 3331 eat.
995 3269 1094 3330 addito
1125 3272 1217 3348 igitur
1249 3272 1372 3332 nominc

229 3377 357 3458 arboris,
381 3378 458 3458 quod
483 3377 646 3458 exciderat,
670 3377 826 3458 legendum
850 3386 896 3439 est
920 3397 1000 3454 pirae
1022 3383 1164 3441 materies
1186 3396 1286 3440 semea
1309 3396 1373 3439 mom

228 3487 331 3561 babet,
355 3503 423 3546 cum
444 3487 591 3565 ptubebit,
615 3493 676 3546 tum
699 3489 871 3563 tempestiuo
894 3494 945 3547 est.
988 3489 1079 3562 pimus
1102 3504 1150 3561 eo,
1173 3490 1246 3562 quia
1268 3504 1373 3549 semem

229 3597 326 3654 viride
349 3600 378 3653 et
401 3599 553 3652 maturum
575 3594 666 3654 babet
688 3596 738 3666 (id
755 3612 855 3656 semem
875 3596 912 3654 de
930 3611 1082 3669 cupresso,
1106 3596 1144 3655 de
1158 3598 1232 3672 pimo
1250 3597 1373 3669 quidvis

228 3703 304 3760 anai
325 3701 565 3775 tereremus),
593 3703 663 3761 item
685 3703 804 3777 quiduis
826 3703 903 3761 amni
923 3708 1045 3761 matura
1068 3709 1112 3763 est
1135 3709 1164 3762 θῖ
1187 3704 1373 3778 tempestiua.

228 3825 295 3867 nam
315 3805 351 3866 de
369 3809 439 3886 pino
458 3805 530 3868 haec
550 3808 609 3869 dici
628 3807 833 3869 animadvertit
848 3806 1048 3867 Schneiderus
1063 3806 1127 3868 coll.
1142 3807 1215 3869 Plin.
1229 3806 1294 3867 XVI
1307 3805 1372 3870 107

229 3918 260 3975 ia
280 3917 414 3976 maxima
433 3923 532 3976 tamem
554 3918 757 3977 admiratione
770 3918 863 3991 pimus
882 3921 939 3975 est:
962 3916 1052 3975 babet
1067 3913 1204 3990 fraretum
1222 3922 1374 3977 matures·

228 4030 351 4099 centem,
374 4025 464 4084 babet
482 4027 624 4100 proximo
643 4041 723 4084 amno
742 4025 786 4082 ad
802 4024 1006 4081 maturitatem
1024 4029 1183 4083 acutarum
1202 4040 1241 4083 aa
1260 4024 1375 4084 deiude

228 4134 324 4192 tertio.
363 4150 419 4191 aec
443 4133 505 4191 ulla
525 4131 669 4190 arborum
694 4131 812 4189 auidius
832 4146 865 4189 se
879 4131 1042 4204 promittit:
1065 4146 1124 4204 quo
1146 4148 1246 4190 mense
1269 4147 1310 4190 em
1333 4149 1375 4192 ea

227 4258 291 4299 aua
324 4239 509 4311 decerpitur,
541 4239 644 4297 eodem
674 4237 851 4295 maturescit
878 4237 950 4296 otia.
1000 4233 1039 4294 ib.
1071 4230 1133 4296 115
1161 4235 1198 4295 de
1226 4253 1373 4314 cupresso

227 4345 338 4421 trifera
367 4349 412 4402 est
438 4350 468 4403 et
494 4360 669 4419 cupressus:
697 4359 826 4416 mamque
853 4343 950 4402 bacae
975 4345 1039 4402 eius
1063 4346 1248 4418 coilipuatur
1270 4361 1375 4404 meuse

227 4453 377 4513 Ianuario
400 4457 429 4511 et
452 4449 538 4510 Maio
561 4457 590 4511 et
611 4450 781 4525 Septembri
802 4456 965 4524 ternosque
988 4468 1094 4510 earum
1115 4452 1197 4525 perit
1219 4454 1373 4525 ruapuitu-
