2874 4994
219 107 263 172 22
561 113 753 168 COMMENT.
772 112 813 166 IN
831 110 1019 166 VARRONIS

221 287 368 348 aprorum
387 277 509 329 ceterae
528 270 703 329 venationis.
736 265 820 345 llll,
837 264 878 326 10
893 269 988 343 pario
1001 269 1125 341 sinpulo
1137 268 1224 339 ooloo
1237 274 1393 327 renunt

223 379 350 438 ducenis
373 378 501 436 nummis
524 393 581 435 nec
605 392 664 435 non
688 378 802 435 eximio
825 376 952 448 sinpulis
979 374 1100 433 milibus
1127 389 1287 433 nummum
1316 371 1393 437 ΙΙΙ

224 479 332 565 16,12
355 500 420 543 csse
442 488 559 558 oportet
583 499 657 542 uere
681 488 846 558 temperato
869 498 966 555 neone
989 486 1106 540 aestate
1124 477 1249 555 fervido
1269 496 1397 555 nepte

220 592 317 651 hieme
339 607 399 650 non
422 592 538 664 aprico.

312 696 363 754 Ec
387 698 420 769 is,
444 695 523 773 quod
547 693 657 754 habunt
680 692 733 753 AB
757 700 788 752 et
811 691 1001 753 Florentinus
1025 691 1129 773 codex,
1150 694 1184 752 in
1207 690 1394 773 archetypo

223 803 315 862 luisse
334 800 460 881 videtur,
484 820 524 861 ex
546 802 593 860 liis
617 799 783 879 apographa
807 798 952 878 quaedam
975 798 1154 861 recentiora.
1186 797 1293 861 deinde
1312 802 1389 863 den

224 898 381 970 corsorioc
407 910 491 968 exn
520 915 550 966 et
573 905 744 966 Florentino
773 906 875 966 codice
904 907 1017 986 recepi,
1045 907 1239 967 diversoriuc
1258 902 1386 981 hallam

225 1016 340 1094 reliqua
358 1012 535 1094 apographa.
576 1016 745 1074 devertitur
768 1012 795 1072 ll
816 1008 925 1093 11,12
947 1010 1297 1092 Politianusadnotnvit,
1315 1016 1384 1083 de.

225 1125 363 1183 vertisset
385 1119 427 1180 lll
445 1118 475 1202 3,
490 1117 510 1181 9
535 1118 624 1179 habet
642 1120 675 1179 Α.

316 1226 414 1298 Quod
435 1245 501 1286 nec
521 1228 664 1286 satione
684 1235 781 1286 terra
806 1223 1012 1302 situatum]
1033 1226 1223 1288 &satione
1240 1225 1371 1296 κήδεα-

229 1334 299 1394 dum
325 1352 391 1394 esse
414 1329 528 1393 viderat
548 1331 696 1393 Victorius
720 1331 834 1394 collatis
856 1333 894 1393 iis
917 1349 994 1411 quac
1016 1331 1053 1393 de
1076 1332 1182 1393 eadem
1205 1350 1239 1395 re
1261 1334 1363 1416 scripu

229 1450 298 1500 sunt
322 1438 409 1520 123,
432 1438 448 1499 1
470 1437 621 1517 tritonum,
645 1442 751 1513 inquit,
771 1441 910 1500 arbitror
930 1457 995 1499 esse
1009 1436 1105 1514 fundi
1121 1456 1191 1501 cum
1209 1444 1264 1517 qui
1276 1458 1364 1507 caco

227 1554 313 1608 sotter
340 1550 489 1606 noscitur.
527 1564 623 1623 neque
652 1545 792 1605 audiendi
820 1554 890 1605 sunt
918 1547 969 1625 qni
993 1544 1105 1606 codicis
1128 1548 1301 1627 scripturam
1316 1552 1357 1611 t·

230 1651 403 1732 detendunt,
426 1661 458 1712 ut
482 1650 511 1710 id
532 1650 610 1729 quod
633 1652 697 1711 sine
717 1652 830 1711 satione
849 1659 880 1711 et
899 1669 980 1733 cura,
1000 1653 1020 1713 i.
1039 1670 1065 1713 e.
1083 1662 1201 1735 sponte,
1219 1657 1367 1732 proveniat

230 1759 423 1838 significetur.
468 1760 550 1833 quod
572 1777 612 1818 ex
635 1766 721 1818 torro
744 1761 862 1819 satione
885 1765 990 1819 notum
1014 1760 1144 1819 coniecit
1163 1759 1372 1840 Schneidem,

230 1875 261 1926 et
284 1866 408 1925 fortasse
433 1864 601 1944 praestabat
623 1867 706 1940 quod
723 1884 763 1926 cx
785 1869 903 1927 satione
925 1885 942 1926 e
965 1874 1053 1927 terro
1075 1869 1116 1926 sit
1138 1873 1251 1928 notum.

319 1969 362 2032 24
399 1973 620 2047 Obstripr'londi
642 1972 732 2032 editio
760 1974 900 2051 princeps
929 1990 945 2031 a
968 1970 1113 2033 Politiauo
1143 1991 1202 2034 uon
1229 1981 1388 2049 cortun,

229 2079 322 2139 codex
337 2076 529 2139 Florentinus
548 2088 578 2138 et
592 2078 746 2158 caesenas,
767 2081 992 2155 obstripr'llondi
1008 2077 1063 2138 ΑΒ
1082 2087 1113 2140 et
1131 2079 1223 2141 editio
1240 2077 1396 2157 lituu,-

231 2203 328 2264 ueque
351 2185 437 2262 plane
462 2195 593 2267 constat,
621 2194 722 2246 utrum
751 2188 780 2245 in
809 2185 968 2264 archetypo
997 2187 1144 2264 scriptum
1172 2187 1267 2248 ruerit.
1296 2203 1381 2245 cor-

229 2301 317 2370 rupta
341 2301 412 2352 sunt
434 2291 575 2353 Varronis
598 2291 687 2352 verba
711 2294 741 2352 in
765 2292 850 2353 libris
873 2291 961 2352 Nonii
984 2290 1175 2374 p.147,11,
1197 2292 1388 2355 uniuntur

187 2450 197 2458 .
228 2402 350 2475 piloudi
372 2397 481 2458 habent
505 2399 597 2459 codex
616 2398 770 2461 Leidcusis
794 2410 824 2460 et
843 2398 1026 2480 llarleianns,
1050 2402 1291 2476 obstriupillondi
1302 2396 1411 2459 aliiae

231 2506 460 2580 obstrinpr'lloro
482 2503 610 2566 Ennium
636 2514 665 2565 ct
688 2508 785 2585 ipsum
810 2505 972 2566 Varronem
996 2507 1106 2568 dixisse
1131 2506 1271 2587 exemplis
1287 2496 1414 2585 ψη,

231 2611 359 2672 Nonium
384 2610 402 2672 l.
426 2631 451 2671 c.
478 2621 607 2686 constat,
636 2615 769 2691 quamvis
798 2612 959 2674 llettucrus
988 2616 1017 2673 in
1050 2612 1300 2674 observationibus
1321 2611 1416 2669 iu

231 2718 393 2779 Varronem
417 2737 441 2778 a.
463 2716 548 2781 1868
573 2737 600 2798 p.
619 2716 659 2781 21
686 2738 749 2781 cani
774 2722 953 2800 scripturam
978 2738 1084 2799 pravae
1108 2719 1295 2800 etymologine
1308 2717 1419 2777 uiae

231 2825 378 2887 luendam
416 2834 446 2885 ct
477 2829 673 2901 obstripilore
705 2845 721 2886 a
754 2827 867 2905 strigile
900 2827 1022 2887 ductum
1056 2828 1144 2887 unice
1173 2845 1273 2888 verum
1297 2825 1422 2885 aa&

230 2935 386 3012 putaverit.

319 3036 362 3099 26
399 3040 523 3100 Ooicere
547 3041 578 3099 in
601 3057 712 3114 aquom
736 3037 768 3119 P,
791 3057 850 3098 non
874 3038 906 3098 Β.

319 3144 391 3224 Ego
411 3145 502 3224 qnod
527 3147 637 3225 magis
661 3148 804 3224 inquam
827 3147 1014 3224 pertineat
1032 3145 1072 3205 ad
1092 3145 1260 3208 fundanii
1275 3142 1397 3205 ule-
1419 3158 1426 3171 ·

232 3251 393 3312 tudinem
418 3258 453 3310 ct
471 3253 506 3310 iu
526 3269 566 3310 eo
586 3250 679 3311 libro
703 3262 758 3312 cst
782 3253 897 3312 satius
921 3245 1033 3334 dicas]
1054 3252 1160 3313 Satius
1180 3256 1273 3330 mous,
1288 3232 1427 3331 qnod

232 3356 398 3436 apographa
431 3355 554 3435 habent,
591 3359 620 3416 in
659 3357 818 3437 archetypo
853 3360 997 3437 scriptum
1035 3359 1128 3419 luisse
1165 3367 1279 3421 certum
1306 3352 1425 3416 affl

231 3467 334 3523 socius
358 3466 459 3523 dicum
483 3480 524 3542 m,
553 3466 644 3524 totius
672 3467 773 3525 dicum
796 3464 921 3547 Merula,
950 3464 1002 3526 ubi
1025 3463 1189 3528 Politianus
1216 3470 1302 3529 sonu
1318 3465 1424 3521 ἐς

233 3569 334 3629 codice
359 3568 515 3649 adnotavit,
540 3569 591 3629 sed
616 3574 717 3631 dicam
740 3590 800 3631 non
825 3574 962 3633 correxit.
996 3580 1025 3633 ct
1043 3576 1073 3633 in
1098 3590 1133 3634 co
1153 3576 1233 3635 libro
1253 3574 1421 3652 Δῆμ’

232 3680 291 3737 tius
314 3679 416 3738 dicam
440 3674 591 3737 Iucundos
616 3687 645 3738 ot
668 3677 774 3737 deinde
798 3677 907 3757 reliqui
926 3679 1062 3740 editores.
1096 3679 1153 3740 hoc
1172 3678 1418 3741 latinnmuot-'fl

231 3802 295 3843 esse
319 3784 391 3843 vidit
414 3781 621 3843 Lachmaunus
645 3787 674 3843 in
694 3783 780 3862 Prop.
801 3803 828 3863 p.
845 3783 919 3867 224,
944 3787 995 3864 qui
1018 3796 1069 3846 aut
1091 3790 1186 3848 totius
1204 3796 1255 3847 aut
1266 3784 1414 3863 postca

231 3886 422 3949 scribendum
450 3907 515 3948 esso
545 3891 731 3950 existimavit.
768 3900 797 3951 ct
826 3895 856 3952 in
885 3910 919 3952 eo
950 3894 1028 3952 libro
1052 3900 1110 3973 cst,
1139 3895 1244 3954 scitius
1268 3890 1406 3953 dicta

231 3994 360 4053 coniecit
379 3991 524 4072 llauptius
543 4013 644 4073 opusc.
665 4013 690 4055 r.
705 3994 744 4054 lll
765 4016 791 4075 p.
806 3994 880 4058 420.
919 3998 971 4057 sod
991 4000 1077 4059 dicos
1097 4017 1202 4061 verum
1219 4016 1287 4077 csse,
1300 4010 1347 4054 tl*
1361 3998 1396 4044 ¹¹

232 4101 345 4170 dicam,
371 4107 399 4156 et
423 4102 571 4178 scriptura
595 4100 739 4161 librorum
763 4112 792 4163 et
819 4106 965 4165 sententia
989 4103 1149 4166 verborum
1173 4106 1384 4167 0⁰an

234 4205 373 4282 quoriiam
401 4221 461 4265 non
490 4209 553 4284 ipsc
582 4206 673 4267 Varro
707 4208 842 4269 dicturus
875 4219 934 4290 est,
966 4212 1017 4271 sed
1047 4210 1200 4274 Stolonem
1230 4219 1262 4273 ut
1285 4202 1373 4268 (Μ
