2874 4994
318 334 368 390 DE
388 334 476 392 nom
496 335 668 393 CVLTVRA
687 339 828 394 LIBRVM
847 339 876 396 C.
893 338 1023 396 25-28
1202 334 1246 399 55

95 512 158 556 non
177 502 305 572 possum
328 497 397 555 inre
420 495 573 555 disicias
591 512 671 570 quoe
692 496 806 556 Graeci
823 497 963 557 deuteria
982 500 1144 573 appeltam,
1171 499 1245 561 Cato

94 611 128 665 et
154 620 210 663 nos
237 605 348 676 loram,
377 604 542 662 maceratis
571 619 653 677 equa
681 605 829 677 vinaceis,
855 604 911 663 sed
937 610 1037 664 temen
1066 606 1146 665 inter
1173 608 1245 666 cirre

95 712 246 787 opererio
273 717 485 770 numeramur.
534 718 564 769 et
591 710 631 769 ito
660 711 804 787 scriptum
833 717 879 769 cst
903 706 976 790 ts
1004 717 1035 770 et
1061 705 1114 772 57.
1160 715 1245 773 lorea

95 819 128 878 in
148 815 302 878 codicibus
321 825 368 877 cst
386 816 464 895 apud
483 815 610 876 Gellium
631 813 758 891 ines
778 818 881 877 bibere
899 824 1000 878 autem
1017 820 1122 878 soiitos
1137 817 1245 894 serunt

96 929 223 998 lorcam,
243 941 376 1001 passum,
399 927 579 984 murrinam.
621 923 699 983 idom
724 922 905 985 Ritscheiius
928 926 1099 984 coniectura
1123 927 1245 1004 scripsit

95 1032 192 1093 Pleut.
211 1030 272 1092 mii.
290 1030 364 1110 glor.
384 1027 448 1092 883
472 1038 544 1091 tuae
567 1033 682 1092 loreum
705 1034 861 1092 orationis.

187 1139 286 1200 XXVI
319 1136 418 1199 Dolia
451 1155 528 1198 cunr
556 1138 641 1198 uino
671 1135 725 1197 bis
752 1139 788 1198 in
816 1136 873 1198 die
901 1138 955 1198 iac
984 1147 1244 1217 extergeantur

97 1249 297 1326 priuasque
329 1243 499 1323 scopulos
530 1246 566 1304 in
599 1242 693 1304 dolia
723 1244 833 1305 facito
861 1243 993 1305 babeas
1020 1244 1075 1305 ilii
1103 1249 1155 1306 rei
1184 1249 1244 1326 qui

97 1353 198 1416 labra
225 1351 401 1414 doliorum
436 1351 688 1411 circumirices
721 1350 781 1411 ubi
812 1352 884 1411 erit
912 1351 1044 1413 lectum
1072 1352 1149 1412 dies
1180 1355 1243 1414 tri-

96 1463 197 1539 ginta
222 1460 251 1519 si
274 1458 363 1519 bene
388 1457 574 1519 dcacinata
598 1466 705 1519 erunt
724 1456 818 1518 dolia
837 1451 1005 1541 oblinito]
1025 1460 1096 1519 Post
1115 1463 1243 1535 tripinta

96 1572 164 1630 dies
186 1565 308 1626 Merula.
354 1565 390 1625 de
419 1564 520 1625 eadem
552 1582 586 1625 re
614 1562 1244 1645 c.152scriptasuntlraec,irrdiebus

95 1673 208 1748 XXX,
234 1673 343 1747 quibus
370 1674 472 1732 vinum
499 1675 623 1747 leporis,
651 1675 832 1746 aliquotiens
856 1671 955 1747 facito
976 1691 1085 1750 scopas
1108 1677 1243 1750 circeos:

100 1815 138 1825 -
165 1782 260 1843 caius
284 1783 384 1841 lutera
408 1780 496 1840 doliis
519 1781 703 1840 intrinsecus
731 1795 824 1854 usque
851 1780 926 1840 berre
944 1778 1127 1857 perfricato.
1173 1781 1242 1842 binc

95 1886 299 1950 Schneiderns
332 1885 556 1946 distinctionem
589 1883 748 1946 verborum
781 1886 811 1946 in
844 1884 924 1946 bunc
958 1885 1077 1947 modum
1111 1890 1243 1969 mutavit,

94 1999 151 2072 qui
176 1996 266 2057 labra
294 1995 443 2055 doliorum
471 1991 695 2073 circumsrices,
723 1994 778 2053 nbi
803 1996 994 2054 criticorum
1017 1996 1082 2054 dies
1105 1998 1242 2070 tripinta.

93 2107 123 2164 si
145 2104 222 2164 barre
245 2102 409 2161 dencinntn
432 2106 523 2159 erunt
546 2101 637 2179 dotia,
660 2100 792 2159 oblinito.
836 2097 918 2160 labra
941 2099 1088 2160 doliorum
1112 2101 1242 2181 scopulis

96 2210 143 2270 bis
172 2211 203 2269 in
230 2207 278 2267 die
306 2206 494 2286 perfricanda
522 2213 600 2266 sunt.
648 2206 768 2284 triginta
801 2214 899 2265 autem
933 2204 1052 2287 diebus,
1085 2217 1243 2286 postquam

95 2317 207 2378 lectum
231 2324 278 2376 est
300 2314 415 2394 sinum,
443 2311 543 2392 doliis,
567 2313 646 2372 sicut
668 2311 782 2372 dictum
805 2321 881 2391 erat,
904 2313 1066 2373 deacinatis
1089 2312 1241 2376 oblinitur.

96 2442 166 2486 nam
193 2422 380 2483 accusativus
408 2422 473 2480 dies
499 2421 628 2494 tripinto
655 2418 691 2478 ad
720 2417 845 2479 verbum
872 2422 931 2479 erit
956 2422 1066 2480 lectum
1089 2420 1242 2500 adpositus

94 2540 152 2611 est,
175 2538 210 2591 ut
232 2539 350 2607 tompus
374 2526 567 2605 significetur,
591 2542 645 2603 per
668 2525 749 2604 quod
772 2523 882 2586 lectum
901 2527 1003 2585 vinum
1022 2527 1053 2585 in
1072 2525 1158 2588 doliis
1178 2528 1242 2591 init.

186 2636 302 2696 XXVII
330 2635 456 2696 ocinum
479 2631 546 2692 libri
570 2650 658 2692 mann
677 2633 782 2711 scripti
801 2641 830 2693 ct
845 2631 934 2692 editio
950 2630 1081 2712 Victorii,
1105 2651 1242 2711 ocymum

94 2745 176 2808 edito
199 2751 267 2803 ante
291 2740 456 2801 Victorinm
479 2738 671 2821 exemplaria,
696 2720 774 2819 qnod
798 2741 829 2799 in
852 2740 987 2818 principe
1012 2738 1141 2801 editione
1165 2741 1241 2805 Poli-

95 2854 195 2914 tianus
218 2868 278 2911 non
301 2847 439 2909 correxit.
490 2850 495 2859 '

186 2954 336 3019 Sorobis
363 2956 398 3014 in
427 2955 598 3015 ucruacio
621 2951 712 3013 oleis
736 2951 842 3014 trimis
866 2951 1005 3013 uitibus
1029 2953 1113 3014 sicis
1136 2955 1242 3016 simul

94 3084 174 3127 cum
197 3065 332 3125 semiue
356 3059 484 3138 serito]
505 3061 542 3122 In
562 3068 703 3121 oerumto
723 3058 880 3120 Victorius.
917 3058 1025 3120 deindo
1043 3079 1113 3122 cum
1130 3065 1243 3123 semine

90 3173 191 3249 facito
224 3168 416 3231 scribendum
448 3185 514 3228 esse
546 3166 616 3227 oiim
649 3167 772 3227 conieci.
823 3183 919 3245 neque
953 3174 1050 3226 tamen
1083 3186 1099 3227 a
1128 3170 1241 3229 ratione

93 3278 204 3340 borum
228 3284 457 3356 praeceptorum
480 3273 609 3335 alienum
634 3280 689 3354 est,
712 3280 748 3334 nt
769 3275 937 3333 accusativo
958 3291 1027 3333 casu
1047 3277 1170 3336 serobes
1189 3293 1243 3355 per

92 3405 128 3447 se
160 3393 324 3464 ponentur,
355 3383 549 3462 imperativus
580 3383 674 3442 serito
708 3388 806 3440 autem
834 3378 870 3438 dc
899 3376 1056 3439 arboribus
1083 3379 1156 3458 ipsis
1184 3399 1242 3441 una

91 3509 164 3553 cum
187 3492 301 3552 semine
325 3507 427 3551 earum
451 3506 552 3548 rernm
577 3505 652 3566 quae
675 3485 775 3566 pabuli
798 3503 887 3546 causa
911 3492 1069 3565 seruntur,
1092 3484 1120 3545 b.
1140 3504 1166 3549 e.
1188 3505 1242 3564 per

93 3599 263 3676 sementim,
286 3598 317 3656 in
340 3593 499 3656 scrobibus
522 3592 658 3655 serendis
681 3595 807 3654 dicatur.

183 3700 354 3765 xxvn12
383 3701 539 3763 Arbores
568 3703 771 3762 crassiores
800 3700 934 3779 digitos
959 3698 981 3757 V
1006 3719 1094 3780 quae
1122 3700 1240 3778 erunt]

92 3815 208 3889 Dipitr's
236 3814 369 3886 quinque
397 3808 562 3871 iucundus:
591 3808 665 3869 Plin.
684 3807 761 3868 XVII
781 3805 823 3869 83
852 3809 993 3869 arborem
1017 3827 1074 3869 nee
1097 3811 1243 3870 minorem

91 3923 176 3982 bime
209 3936 266 3979 nec
297 3920 444 3978 maiorem
477 3920 569 3976 trima
596 3915 770 3992 transferre
797 3917 921 3989 qnidam
944 3918 1155 3991 praecipiunt,
1189 3919 1245 3976 atii

92 4044 166 4090 eum
193 4042 315 4086 manum
339 4027 492 4101 conplent,
524 4025 597 4084 Ceto
621 4026 804 4084 crassiorem
828 4025 961 4097 quinque
983 4024 1095 4095 dipitis.
1141 4019 1179 4082 ib.
1200 4018 1241 4082 87

89 4151 155 4211 que
184 4136 306 4194 ratione
333 4139 362 4192 et
388 4133 509 4206 reliqua
538 4128 677 4205 consessa
699 4132 873 4202 omittimus,
902 4130 994 4187 sicuti
1015 4135 1131 4187 terram
1154 4131 1242 4189 circa

90 4244 219 4304 radices
234 4219 365 4314 ‘festuca
388 4239 625 4315 cospissnndam,
648 4238 731 4311 quud
755 4237 828 4296 Coto
849 4237 981 4310 primum
1005 4237 1036 4294 in
1060 4252 1096 4295 en
1120 4253 1156 4294 rc
1178 4253 1242 4295 esse

89 4354 209 4426 censet,
235 4349 360 4422 plepem
388 4361 506 4420 quoque
529 4362 549 4405 a
573 4352 683 4404 trunco
705 4345 801 4404 oblini
819 4345 891 4415 fimo
915 4348 944 4401 et
963 4340 1047 4416 sotiis
1067 4345 1244 4418 preelipuri

86 4455 298 4536 praecipiens.
