<?xml version="1.0" encoding="UTF-8"?>
<!DOCTYPE html PUBLIC "-//W3C//DTD XHTML 1.0 Transitional//EN"
    "http://www.w3.org/TR/xhtml1/DTD/xhtml1-transitional.dtd">
<html xmlns="http://www.w3.org/1999/xhtml" xml:lang="en" lang="en">
 <head>
  <title>
</title>
<meta http-equiv="Content-Type" content="text/html;charset=utf-8" />
  <meta name='ocr-system' content='tesseract 3.04.00' />
  <meta name='ocr-capabilities' content='ocr_page ocr_carea ocr_par ocr_line ocrx_word'/>
</head>
<body>
  <div class='ocr_page' id='page_1' title='image "./mporcicatonisde00keilgoog_0529.png"; bbox 0 0 2874 4994; ppageno 0'>
   <div class='ocr_carea' id='block_1_1' title="bbox 152 349 949 413">
    <p class='ocr_par' dir='ltr' id='par_1_1' title="bbox 152 349 949 413">
     <span class='ocr_line' id='line_1_1' title="bbox 152 349 949 413; baseline -0.001 0"><span class='ocrx_word' id='word_1_1' title='bbox 152 349 217 413; x_wconf 85' lang='lat'><em>306</em></span> <span class='ocrx_word' id='word_1_2' title='bbox 494 356 685 413; x_wconf 78' lang='lat' dir='ltr'><em>COMMENT.</em></span> <span class='ocrx_word' id='word_1_3' title='bbox 702 356 743 412; x_wconf 90' lang='lat' dir='ltr'><em>IN</em></span> <span class='ocrx_word' id='word_1_4' title='bbox 762 356 949 413; x_wconf 81' lang='lat' dir='ltr'><strong>VARRONIS</strong></span> 
     </span>
    </p>
   </div>
   <div class='ocr_carea' id='block_1_2' title="bbox 139 513 1264 4538">
    <p class='ocr_par' dir='ltr' id='par_1_2' title="bbox 151 513 1264 1020">
     <span class='ocr_line' id='line_1_2' title="bbox 157 513 1264 593; baseline 0.004 -21"><span class='ocrx_word' id='word_1_5' title='bbox 157 523 219 574; x_wconf 91' lang='lat' dir='ltr'><em>tum</em></span> <span class='ocrx_word' id='word_1_6' title='bbox 244 521 316 593; x_wconf 86' lang='lat' dir='ltr'><em>erat,</em></span> <span class='ocrx_word' id='word_1_7' title='bbox 340 513 446 592; x_wconf 85' lang='lat' dir='ltr'><em>delevi,</em></span> <span class='ocrx_word' id='word_1_8' title='bbox 470 516 720 574; x_wconf 76' lang='lat' dir='ltr'><em>salsamentorum</em></span> <span class='ocrx_word' id='word_1_9' title='bbox 744 517 775 574; x_wconf 87' lang='lat' dir='ltr'><em>in</em></span> <span class='ocrx_word' id='word_1_10' title='bbox 804 531 857 574; x_wconf 91' lang='lat' dir='ltr'><em>eas</em></span> <span class='ocrx_word' id='word_1_11' title='bbox 876 515 1014 588; x_wconf 75' lang='lat' dir='ltr'><em>piscinas</em></span> <span class='ocrx_word' id='word_1_12' title='bbox 1037 518 1165 588; x_wconf 88' lang='lat' dir='ltr'><em>emptum</em></span> <span class='ocrx_word' id='word_1_13' title='bbox 1184 517 1264 575; x_wconf 79' lang='lat' dir='ltr'><em>caue·</em></span> 
     </span>
     <span class='ocr_line' id='line_1_3' title="bbox 152 622 1264 701; baseline 0.001 -21"><span class='ocrx_word' id='word_1_14' title='bbox 152 622 212 701; x_wconf 82' lang='lat' dir='ltr'><em>bat,</em></span> <span class='ocrx_word' id='word_1_15' title='bbox 231 638 299 679; x_wconf 90' lang='lat' dir='ltr'><em>curn</em></span> <span class='ocrx_word' id='word_1_16' title='bbox 317 638 404 680; x_wconf 86' lang='lat' dir='ltr'><em>mare</em></span> <span class='ocrx_word' id='word_1_17' title='bbox 422 622 562 680; x_wconf 89' lang='lat' dir='ltr'><em>turbaret</em></span> <span class='ocrx_word' id='word_1_18' title='bbox 581 639 619 681; x_wconf 94' lang='lat' dir='ltr'><em>ac</em></span> <span class='ocrx_word' id='word_1_19' title='bbox 634 639 693 697; x_wconf 91' lang='lat' dir='ltr'><em>per</em></span> <span class='ocrx_word' id='word_1_20' title='bbox 711 627 916 696; x_wconf 73' lang='lat' dir='ltr'><em>tempestatem</em></span> <span class='ocrx_word' id='word_1_21' title='bbox 934 623 1094 680; x_wconf 78' lang='lat' dir='ltr'><em>macellum</em></span> <span class='ocrx_word' id='word_1_22' title='bbox 1105 623 1264 696; x_wconf 72' lang='lat' dir='ltr'><em>pucinatus</em></span> 
     </span>
     <span class='ocr_line' id='line_1_4' title="bbox 152 727 1264 804; baseline 0.002 -19"><span class='ocrx_word' id='word_1_23' title='bbox 152 727 306 786; x_wconf 86' lang='lat' dir='ltr'><em>obsonium</em></span> <span class='ocrx_word' id='word_1_24' title='bbox 328 729 501 802; x_wconf 80' lang='lat' dir='ltr'><em>praeberet.</em></span> <span class='ocrx_word' id='word_1_25' title='bbox 548 745 614 786; x_wconf 91' lang='lat' dir='ltr'><em>nam</em></span> <span class='ocrx_word' id='word_1_26' title='bbox 640 729 793 804; x_wconf 82' lang='lat' dir='ltr'><em>genetivus</em></span> <span class='ocrx_word' id='word_1_27' title='bbox 816 731 1067 787; x_wconf 79' lang='lat' dir='ltr'><em>salsamentorum</em></span> <span class='ocrx_word' id='word_1_28' title='bbox 1092 743 1159 785; x_wconf 90' lang='lat' dir='ltr'><em>cum</em></span> <span class='ocrx_word' id='word_1_29' title='bbox 1183 735 1264 787; x_wconf 79' lang='lat' dir='ltr'><em>neruo</em></span> 
     </span>
     <span class='ocr_line' id='line_1_5' title="bbox 153 831 1264 911; baseline 0.003 -21"><span class='ocrx_word' id='word_1_30' title='bbox 153 833 300 910; x_wconf 89' lang='lat' dir='ltr'><em>participii</em></span> <span class='ocrx_word' id='word_1_31' title='bbox 330 842 457 909; x_wconf 90' lang='lat' dir='ltr'><em>emptum</em></span> <span class='ocrx_word' id='word_1_32' title='bbox 491 835 668 893; x_wconf 89' lang='lat' dir='ltr'><em>coniunctus</em></span> <span class='ocrx_word' id='word_1_33' title='bbox 701 842 755 893; x_wconf 89' lang='lat' dir='ltr'><em>est.</em></span> <span class='ocrx_word' id='word_1_34' title='bbox 800 835 980 911; x_wconf 76' lang='lat' dir='ltr'><em>piscinarum</em></span> <span class='ocrx_word' id='word_1_35' title='bbox 1011 831 1167 891; x_wconf 87' lang='lat' dir='ltr'><em>obsonium</em></span> <span class='ocrx_word' id='word_1_36' title='bbox 1189 841 1264 893; x_wconf 84' lang='lat' dir='ltr'><em>autem</em></span> 
     </span>
     <span class='ocr_line' id='line_1_6' title="bbox 151 936 1015 1020; baseline 0.002 -24"><span class='ocrx_word' id='word_1_37' title='bbox 151 936 292 998; x_wconf 90' lang='lat' dir='ltr'><em>dicuutur</em></span> <span class='ocrx_word' id='word_1_38' title='bbox 316 939 436 1020; x_wconf 87' lang='lat' dir='ltr'><em>cibaria,</em></span> <span class='ocrx_word' id='word_1_39' title='bbox 459 957 534 1019; x_wconf 91' lang='lat' dir='ltr'><em>quae</em></span> <span class='ocrx_word' id='word_1_40' title='bbox 558 940 713 999; x_wconf 83' lang='lat' dir='ltr'><em>macellum</em></span> <span class='ocrx_word' id='word_1_41' title='bbox 738 941 860 1018; x_wconf 79' lang='lat' dir='ltr'><em>piscinis</em></span> <span class='ocrx_word' id='word_1_42' title='bbox 884 936 1015 1018; x_wconf 84' lang='lat' dir='ltr'><em>praebet.</em></span> 
     </span>
    </p>

    <p class='ocr_par' dir='ltr' id='par_1_3' title="bbox 145 1043 1263 2939">
     <span class='ocr_line' id='line_1_7' title="bbox 240 1043 1263 1125; baseline 0.001 -22"><span class='ocrx_word' id='word_1_43' title='bbox 240 1043 403 1106; x_wconf 78' lang='lat' dir='ltr'><em>Celerius</em></span> <span class='ocrx_word' id='word_1_44' title='bbox 427 1046 617 1107; x_wconf 69' lang='lat' dir='ltr'><em>{uoluntate</em></span> <span class='ocrx_word' id='word_1_45' title='bbox 641 1046 804 1105; x_wconf 84' lang='lat' dir='ltr'><em>hortensi</em></span> <span class='ocrx_word' id='word_1_46' title='bbox 834 1064 873 1105; x_wconf 84' lang='lat' dir='ltr'><em>ex</em></span> <span class='ocrx_word' id='word_1_47' title='bbox 898 1044 1011 1125; x_wconf 90' lang='lat' dir='ltr'><em>equili</em></span> <span class='ocrx_word' id='word_1_48' title='bbox 1039 1044 1206 1105; x_wconf 85' lang='lat' dir='ltr'><em>educeres</em></span> <span class='ocrx_word' id='word_1_49' title='bbox 1224 1063 1263 1104; x_wconf 87' lang='lat' dir='ltr'><em>re·</em></span> 
     </span>
     <span class='ocr_line' id='line_1_8' title="bbox 151 1149 1262 1231; baseline 0.001 -22"><span class='ocrx_word' id='word_1_50' title='bbox 151 1150 269 1210; x_wconf 87' lang='lat' dir='ltr'><em>darius</em></span> <span class='ocrx_word' id='word_1_51' title='bbox 294 1161 331 1211; x_wconf 94' lang='lat' dir='ltr'><em>ut</em></span> <span class='ocrx_word' id='word_1_52' title='bbox 354 1152 421 1211; x_wconf 93' lang='lat' dir='ltr'><em>tibi</em></span> <span class='ocrx_word' id='word_1_53' title='bbox 445 1152 599 1211; x_wconf 84' lang='lat' dir='ltr'><em>traheres</em></span> <span class='ocrx_word' id='word_1_54' title='bbox 629 1152 740 1212; x_wconf 84' lang='lat' dir='ltr'><em>mutas</em></span> <span class='ocrx_word' id='word_1_55' title='bbox 768 1170 870 1231; x_wconf 90' lang='lat' dir='ltr'><em>quam</em></span> <span class='ocrx_word' id='word_1_56' title='bbox 899 1153 1079 1231; x_wconf 88' lang='lat' dir='ltr'><em>episcina</em></span> <span class='ocrx_word' id='word_1_57' title='bbox 1109 1149 1262 1210; x_wconf 84' lang='lat' dir='ltr'><em>barbatum</em></span> 
     </span>
     <span class='ocr_line' id='line_1_9' title="bbox 151 1256 1262 1337; baseline 0.001 -21"><span class='ocrx_word' id='word_1_58' title='bbox 151 1256 280 1317; x_wconf 91' lang='lat' dir='ltr'><em>mulum</em></span> <span class='ocrx_word' id='word_1_59' title='bbox 310 1259 422 1336; x_wconf 88' lang='lat' dir='ltr'><em>adque</em></span> <span class='ocrx_word' id='word_1_60' title='bbox 451 1259 513 1319; x_wconf 89' lang='lat' dir='ltr'><em>iile</em></span> <span class='ocrx_word' id='word_1_61' title='bbox 541 1259 669 1337; x_wconf 89' lang='lat' dir='ltr'><em>inquid</em></span> <span class='ocrx_word' id='word_1_62' title='bbox 695 1278 762 1319; x_wconf 92' lang='lat' dir='ltr'><em>non</em></span> <span class='ocrx_word' id='word_1_63' title='bbox 786 1261 902 1319; x_wconf 91' lang='lat' dir='ltr'><em>minor</em></span> <span class='ocrx_word' id='word_1_64' title='bbox 930 1275 1014 1317; x_wconf 88' lang='lat' dir='ltr'><em>cura</em></span> <span class='ocrx_word' id='word_1_65' title='bbox 1043 1267 1120 1317; x_wconf 87' lang='lat' dir='ltr'><em>erat</em></span> <span class='ocrx_word' id='word_1_66' title='bbox 1146 1257 1262 1317; x_wconf 89' lang='lat' dir='ltr'><em>eiusde</em></span> 
     </span>
     <span class='ocr_line' id='line_1_10' title="bbox 150 1362 1262 1444; baseline 0.001 -21"><span class='ocrx_word' id='word_1_67' title='bbox 150 1367 309 1442; x_wconf 83' lang='lat' dir='ltr'><em>aegrotis</em></span> <span class='ocrx_word' id='word_1_68' title='bbox 333 1365 498 1444; x_wconf 84' lang='lat' dir='ltr'><em>piscibus</em></span> <span class='ocrx_word' id='word_1_69' title='bbox 523 1385 623 1444; x_wconf 92' lang='lat' dir='ltr'><em>quam</em></span> <span class='ocrx_word' id='word_1_70' title='bbox 649 1367 688 1426; x_wconf 92' lang='lat' dir='ltr'><em>de</em></span> <span class='ocrx_word' id='word_1_71' title='bbox 713 1368 829 1425; x_wconf 91' lang='lat' dir='ltr'><em>minus</em></span> <span class='ocrx_word' id='word_1_72' title='bbox 848 1364 1058 1425; x_wconf 86' lang='lat' dir='ltr'><em>ualentibus</em></span> <span class='ocrx_word' id='word_1_73' title='bbox 1078 1362 1205 1440; x_wconf 86' lang='lat' dir='ltr'><em>seruis]</em></span> <span class='ocrx_word' id='word_1_74' title='bbox 1222 1363 1262 1424; x_wconf 78' lang='lat' dir='ltr'><em>lle</em></span> 
     </span>
     <span class='ocr_line' id='line_1_11' title="bbox 151 1471 1262 1549; baseline -0.001 -18"><span class='ocrx_word' id='word_1_75' title='bbox 151 1475 258 1532; x_wconf 80' lang='lat' dir='ltr'><em>clarius</em></span> <span class='ocrx_word' id='word_1_76' title='bbox 286 1472 330 1531; x_wconf 87' lang='lat' dir='ltr'><em>vel</em></span> <span class='ocrx_word' id='word_1_77' title='bbox 359 1476 514 1535; x_wconf 85' lang='lat' dir='ltr'><em>rbetlanas</em></span> <span class='ocrx_word' id='word_1_78' title='bbox 541 1483 575 1533; x_wconf 89' lang='lat' dir='ltr'><em>ut</em></span> <span class='ocrx_word' id='word_1_79' title='bbox 603 1477 659 1533; x_wconf 86' lang='lat' dir='ltr'><em>tibi</em></span> <span class='ocrx_word' id='word_1_80' title='bbox 685 1476 815 1534; x_wconf 89' lang='lat' dir='ltr'><em>baberes</em></span> <span class='ocrx_word' id='word_1_81' title='bbox 842 1477 938 1533; x_wconf 91' lang='lat' dir='ltr'><em>mulas</em></span> <span class='ocrx_word' id='word_1_82' title='bbox 966 1471 1034 1531; x_wconf 88' lang='lat' dir='ltr'><em>libri</em></span> <span class='ocrx_word' id='word_1_83' title='bbox 1061 1489 1149 1531; x_wconf 86' lang='lat' dir='ltr'><em>manu</em></span> <span class='ocrx_word' id='word_1_84' title='bbox 1177 1473 1262 1549; x_wconf 87' lang='lat' dir='ltr'><em>scripti,</em></span> 
     </span>
     <span class='ocr_line' id='line_1_12' title="bbox 149 1576 1261 1655; baseline -0.004 -17"><span class='ocrx_word' id='word_1_85' title='bbox 149 1582 311 1638; x_wconf 81' lang='lat' dir='ltr'><em>rtreaartos</em></span> <span class='ocrx_word' id='word_1_86' title='bbox 334 1588 367 1639; x_wconf 89' lang='lat' dir='ltr'><em>ut</em></span> <span class='ocrx_word' id='word_1_87' title='bbox 390 1583 446 1641; x_wconf 86' lang='lat' dir='ltr'><em>tibi</em></span> <span class='ocrx_word' id='word_1_88' title='bbox 467 1582 596 1641; x_wconf 87' lang='lat' dir='ltr'><em>beberes</em></span> <span class='ocrx_word' id='word_1_89' title='bbox 620 1585 714 1640; x_wconf 89' lang='lat' dir='ltr'><em>mulos</em></span> <span class='ocrx_word' id='word_1_90' title='bbox 737 1581 814 1639; x_wconf 90' lang='lat' dir='ltr'><em>edita</em></span> <span class='ocrx_word' id='word_1_91' title='bbox 839 1589 906 1639; x_wconf 90' lang='lat' dir='ltr'><em>ante</em></span> <span class='ocrx_word' id='word_1_92' title='bbox 929 1579 1093 1639; x_wconf 82' lang='lat' dir='ltr'><em>victorium</em></span> <span class='ocrx_word' id='word_1_93' title='bbox 1118 1576 1261 1655; x_wconf 78' lang='lat' dir='ltr'><em>exemplaria</em></span> 
     </span>
     <span class='ocr_line' id='line_1_13' title="bbox 148 1686 1262 1747; baseline -0.004 -2"><span class='ocrx_word' id='word_1_94' title='bbox 148 1693 178 1745; x_wconf 93' lang='lat' dir='ltr'><em>et</em></span> <span class='ocrx_word' id='word_1_95' title='bbox 201 1704 237 1745; x_wconf 86' lang='lat' dir='ltr'><em>ex</em></span> <span class='ocrx_word' id='word_1_96' title='bbox 260 1686 306 1745; x_wconf 89' lang='lat' dir='ltr'><em>bis</em></span> <span class='ocrx_word' id='word_1_97' title='bbox 331 1686 539 1747; x_wconf 86' lang='lat' dir='ltr'><em>Schneiderus.</em></span> <span class='ocrx_word' id='word_1_98' title='bbox 578 1690 742 1747; x_wconf 80' lang='lat' dir='ltr'><em>ricciarius</em></span> <span class='ocrx_word' id='word_1_99' title='bbox 766 1696 800 1746; x_wconf 86' lang='lat' dir='ltr'><em>ut</em></span> <span class='ocrx_word' id='word_1_100' title='bbox 823 1689 879 1746; x_wconf 87' lang='lat' dir='ltr'><em>tibi</em></span> <span class='ocrx_word' id='word_1_101' title='bbox 900 1688 1030 1746; x_wconf 88' lang='lat' dir='ltr'><em>boberes</em></span> <span class='ocrx_word' id='word_1_102' title='bbox 1054 1689 1151 1744; x_wconf 89' lang='lat' dir='ltr'><em>mulas</em></span> <span class='ocrx_word' id='word_1_103' title='bbox 1172 1702 1201 1742; x_wconf 81' lang='lat' dir='ltr'><em>ex</em></span> <span class='ocrx_word' id='word_1_104' title='bbox 1217 1686 1262 1743; x_wconf 91' lang='lat' dir='ltr'><em>suis</em></span> 
     </span>
     <span class='ocr_line' id='line_1_14' title="bbox 148 1791 1261 1871; baseline -0.002 -21"><span class='ocrx_word' id='word_1_105' title='bbox 148 1791 233 1851; x_wconf 88' lang='lat' dir='ltr'><em>libris</em></span> <span class='ocrx_word' id='word_1_106' title='bbox 257 1791 406 1852; x_wconf 90' lang='lat' dir='ltr'><em>Victorius</em></span> <span class='ocrx_word' id='word_1_107' title='bbox 431 1795 613 1852; x_wconf 87' lang='lat' dir='ltr'><em>restituerat.</em></span> <span class='ocrx_word' id='word_1_108' title='bbox 660 1800 692 1852; x_wconf 91' lang='lat' dir='ltr'><em>at</em></span> <span class='ocrx_word' id='word_1_109' title='bbox 716 1797 813 1868; x_wconf 83' lang='lat' dir='ltr'><em>inquit</em></span> <span class='ocrx_word' id='word_1_110' title='bbox 837 1797 894 1871; x_wconf 86' lang='lat' dir='ltr'><em>illc,</em></span> <span class='ocrx_word' id='word_1_111' title='bbox 918 1810 977 1852; x_wconf 91' lang='lat' dir='ltr'><em>nan</em></span> <span class='ocrx_word' id='word_1_112' title='bbox 1002 1795 1102 1851; x_wconf 88' lang='lat' dir='ltr'><em>minor</em></span> <span class='ocrx_word' id='word_1_113' title='bbox 1126 1809 1197 1850; x_wconf 80' lang='lat' dir='ltr'><em>cntra</em></span> <span class='ocrx_word' id='word_1_114' title='bbox 1214 1793 1261 1849; x_wconf 88' lang='lat' dir='ltr'><em>eius</em></span> 
     </span>
     <span class='ocr_line' id='line_1_15' title="bbox 149 1899 1261 1980; baseline -0.003 -22"><span class='ocrx_word' id='word_1_115' title='bbox 149 1903 187 1958; x_wconf 84' lang='lat' dir='ltr'><em>tle</em></span> <span class='ocrx_word' id='word_1_116' title='bbox 210 1903 344 1973; x_wconf 88' lang='lat' dir='ltr'><em>aeprotis</em></span> <span class='ocrx_word' id='word_1_117' title='bbox 365 1902 501 1975; x_wconf 84' lang='lat' dir='ltr'><em>piscibus</em></span> <span class='ocrx_word' id='word_1_118' title='bbox 524 1899 644 1980; x_wconf 85' lang='lat' dir='ltr'><em>Merula,</em></span> <span class='ocrx_word' id='word_1_119' title='bbox 668 1909 700 1959; x_wconf 90' lang='lat' dir='ltr'><em>nt</em></span> <span class='ocrx_word' id='word_1_120' title='bbox 724 1903 822 1974; x_wconf 87' lang='lat' dir='ltr'><em>inpuit</em></span> <span class='ocrx_word' id='word_1_121' title='bbox 845 1903 902 1972; x_wconf 86' lang='lat' dir='ltr'><em>ille,</em></span> <span class='ocrx_word' id='word_1_122' title='bbox 926 1917 985 1959; x_wconf 88' lang='lat' dir='ltr'><em>non</em></span> <span class='ocrx_word' id='word_1_123' title='bbox 1010 1902 1110 1958; x_wconf 88' lang='lat' dir='ltr'><em>minor</em></span> <span class='ocrx_word' id='word_1_124' title='bbox 1127 1916 1198 1957; x_wconf 91' lang='lat' dir='ltr'><em>curu</em></span> <span class='ocrx_word' id='word_1_125' title='bbox 1215 1899 1261 1955; x_wconf 76' lang='lat' dir='ltr'><em>mus</em></span> 
     </span>
     <span class='ocr_line' id='line_1_16' title="bbox 149 2004 1262 2094; baseline -0.003 -30"><span class='ocrx_word' id='word_1_126' title='bbox 149 2013 218 2064; x_wconf 85' lang='lat' dir='ltr'><em>erut</em></span> <span class='ocrx_word' id='word_1_127' title='bbox 241 2008 279 2094; x_wconf 67' lang='lat' dir='ltr'><em>(lq</em></span> <span class='ocrx_word' id='word_1_128' title='bbox 302 2009 436 2080; x_wconf 85' lang='lat' dir='ltr'><em>aepratis</em></span> <span class='ocrx_word' id='word_1_129' title='bbox 456 2009 593 2082; x_wconf 88' lang='lat' dir='ltr'><em>piscibus</em></span> <span class='ocrx_word' id='word_1_130' title='bbox 617 2006 776 2078; x_wconf 87' lang='lat' dir='ltr'><em>lucnndus,</em></span> <span class='ocrx_word' id='word_1_131' title='bbox 806 2025 844 2065; x_wconf 85' lang='lat' dir='ltr'><em>nr</em></span> <span class='ocrx_word' id='word_1_132' title='bbox 869 2009 913 2065; x_wconf 84' lang='lat' dir='ltr'><em>illi</em></span> <span class='ocrx_word' id='word_1_133' title='bbox 939 2023 999 2065; x_wconf 90' lang='lat' dir='ltr'><em>non</em></span> <span class='ocrx_word' id='word_1_134' title='bbox 1027 2009 1126 2065; x_wconf 89' lang='lat' dir='ltr'><em>minor</em></span> <span class='ocrx_word' id='word_1_135' title='bbox 1152 2022 1217 2064; x_wconf 90' lang='lat' dir='ltr'><em>cura</em></span> <span class='ocrx_word' id='word_1_136' title='bbox 1234 2004 1262 2062; x_wconf 85' lang='lat' dir='ltr'><em>dr</em></span> 
     </span>
     <span class='ocr_line' id='line_1_17' title="bbox 148 2107 1261 2192; baseline -0.003 -23"><span class='ocrx_word' id='word_1_137' title='bbox 148 2114 281 2183; x_wconf 90' lang='lat' dir='ltr'><em>aeprotis</em></span> <span class='ocrx_word' id='word_1_138' title='bbox 301 2114 438 2186; x_wconf 88' lang='lat' dir='ltr'><em>piscibus</em></span> <span class='ocrx_word' id='word_1_139' title='bbox 463 2112 598 2173; x_wconf 88' lang='lat' dir='ltr'><em>Ursinus.</em></span> <span class='ocrx_word' id='word_1_140' title='bbox 645 2112 805 2192; x_wconf 82' lang='lat' dir='ltr'><em>disputatio</em></span> <span class='ocrx_word' id='word_1_141' title='bbox 825 2113 898 2189; x_wconf 80' lang='lat' dir='ltr'><em>Axii,</em></span> <span class='ocrx_word' id='word_1_142' title='bbox 918 2114 968 2172; x_wconf 90' lang='lat' dir='ltr'><em>eui</em></span> <span class='ocrx_word' id='word_1_143' title='bbox 987 2111 1060 2171; x_wconf 86' lang='lat' dir='ltr'><em>baec</em></span> <span class='ocrx_word' id='word_1_144' title='bbox 1080 2119 1221 2191; x_wconf 87' lang='lat' dir='ltr'><em>praecepta</em></span> <span class='ocrx_word' id='word_1_145' title='bbox 1234 2107 1261 2166; x_wconf 88' lang='lat' dir='ltr'><em>de</em></span> 
     </span>
     <span class='ocr_line' id='line_1_18' title="bbox 148 2218 1261 2299; baseline -0.001 -25"><span class='ocrx_word' id='word_1_146' title='bbox 148 2219 270 2294; x_wconf 82' lang='lat' dir='ltr'><em>piscinis</em></span> <span class='ocrx_word' id='word_1_147' title='bbox 299 2219 409 2279; x_wconf 88' lang='lat' dir='ltr'><em>tributa</em></span> <span class='ocrx_word' id='word_1_148' title='bbox 439 2229 522 2299; x_wconf 84' lang='lat' dir='ltr'><em>sunt,</em></span> <span class='ocrx_word' id='word_1_149' title='bbox 555 2219 591 2278; x_wconf 87' lang='lat' dir='ltr'><em>ab</em></span> <span class='ocrx_word' id='word_1_150' title='bbox 625 2222 688 2298; x_wconf 92' lang='lat' dir='ltr'><em>ipsa</em></span> <span class='ocrx_word' id='word_1_151' title='bbox 719 2218 848 2279; x_wconf 91' lang='lat' dir='ltr'><em>Varrone</em></span> <span class='ocrx_word' id='word_1_152' title='bbox 882 2238 939 2278; x_wconf 88' lang='lat' dir='ltr'><em>non</em></span> <span class='ocrx_word' id='word_1_153' title='bbox 974 2219 1100 2278; x_wconf 87' lang='lat' dir='ltr'><em>indicata</em></span> <span class='ocrx_word' id='word_1_154' title='bbox 1130 2218 1261 2277; x_wconf 81' lang='lat' dir='ltr'><em>mutatione</em></span> 
     </span>
     <span class='ocr_line' id='line_1_19' title="bbox 148 2322 1261 2406; baseline 0 -25"><span class='ocrx_word' id='word_1_155' title='bbox 148 2322 296 2401; x_wconf 88' lang='lat' dir='ltr'><em>loquentis</em></span> <span class='ocrx_word' id='word_1_156' title='bbox 315 2327 554 2406; x_wconf 84' lang='lat' dir='ltr'><em>interrumpitur,</em></span> <span class='ocrx_word' id='word_1_157' title='bbox 573 2331 703 2387; x_wconf 87' lang='lat' dir='ltr'><em>celerius</em></span> <span class='ocrx_word' id='word_1_158' title='bbox 722 2332 876 2388; x_wconf 87' lang='lat' dir='ltr'><em>uolrtntate</em></span> <span class='ocrx_word' id='word_1_159' title='bbox 892 2329 1035 2386; x_wconf 83' lang='lat' dir='ltr'><em>Hortensi</em></span> <span class='ocrx_word' id='word_1_160' title='bbox 1052 2345 1093 2386; x_wconf 80' lang='lat' dir='ltr'><em>ex</em></span> <span class='ocrx_word' id='word_1_161' title='bbox 1111 2328 1197 2400; x_wconf 86' lang='lat' dir='ltr'><em>cpuili</em></span> <span class='ocrx_word' id='word_1_162' title='bbox 1208 2325 1261 2383; x_wconf 87' lang='lat' dir='ltr'><em>edu·</em></span> 
     </span>
     <span class='ocr_line' id='line_1_20' title="bbox 147 2433 1261 2509; baseline -0.003 -19"><span class='ocrx_word' id='word_1_163' title='bbox 147 2450 232 2491; x_wconf 87' lang='lat' dir='ltr'><em>ceres</em></span> <span class='ocrx_word' id='word_1_164' title='bbox 255 2436 408 2506; x_wconf 85' lang='lat' dir='ltr'><em>redarios,</em></span> <span class='ocrx_word' id='word_1_165' title='bbox 431 2443 465 2493; x_wconf 91' lang='lat' dir='ltr'><em>ut</em></span> <span class='ocrx_word' id='word_1_166' title='bbox 484 2436 540 2494; x_wconf 87' lang='lat' dir='ltr'><em>tibi</em></span> <span class='ocrx_word' id='word_1_167' title='bbox 557 2436 694 2508; x_wconf 79' lang='lat' dir='ltr'><em>traheres,</em></span> <span class='ocrx_word' id='word_1_168' title='bbox 715 2439 819 2506; x_wconf 86' lang='lat' dir='ltr'><em>mulas,</em></span> <span class='ocrx_word' id='word_1_169' title='bbox 843 2452 933 2508; x_wconf 84' lang='lat' dir='ltr'><em>paam</em></span> <span class='ocrx_word' id='word_1_170' title='bbox 958 2437 1111 2509; x_wconf 86' lang='lat' dir='ltr'><em>episcino</em></span> <span class='ocrx_word' id='word_1_171' title='bbox 1130 2433 1261 2492; x_wconf 86' lang='lat' dir='ltr'><em>barbatum</em></span> 
     </span>
     <span class='ocr_line' id='line_1_21' title="bbox 146 2535 1260 2619; baseline -0.004 -22"><span class='ocrx_word' id='word_1_172' title='bbox 146 2541 275 2598; x_wconf 81' lang='lat' dir='ltr'><em>mitllum.</em></span> <span class='ocrx_word' id='word_1_173' title='bbox 323 2558 389 2599; x_wconf 90' lang='lat' dir='ltr'><em>nam</em></span> <span class='ocrx_word' id='word_1_174' title='bbox 414 2543 552 2619; x_wconf 76' lang='lat' dir='ltr'><em>quioniam</em></span> <span class='ocrx_word' id='word_1_175' title='bbox 577 2540 668 2600; x_wconf 77' lang='lat' dir='ltr'><em>Axius</em></span> <span class='ocrx_word' id='word_1_176' title='bbox 692 2543 722 2600; x_wconf 91' lang='lat' dir='ltr'><em>in</em></span> <span class='ocrx_word' id='word_1_177' title='bbox 751 2543 841 2600; x_wconf 88' lang='lat' dir='ltr'><em>asinis</em></span> <span class='ocrx_word' id='word_1_178' title='bbox 865 2540 977 2600; x_wconf 87' lang='lat' dir='ltr'><em>alendis</em></span> <span class='ocrx_word' id='word_1_179' title='bbox 1001 2558 1033 2600; x_wconf 89' lang='lat' dir='ltr'><em>se</em></span> <span class='ocrx_word' id='word_1_180' title='bbox 1060 2557 1176 2618; x_wconf 88' lang='lat' dir='ltr'><em>operam</em></span> <span class='ocrx_word' id='word_1_181' title='bbox 1196 2535 1260 2597; x_wconf 83' lang='lat' dir='ltr'><em>callo</em></span> 
     </span>
     <span class='ocr_line' id='line_1_22' title="bbox 146 2643 1260 2727; baseline -0.001 -24"><span class='ocrx_word' id='word_1_182' title='bbox 146 2663 212 2704; x_wconf 89' lang='lat' dir='ltr'><em>care</em></span> <span class='ocrx_word' id='word_1_183' title='bbox 237 2645 360 2726; x_wconf 80' lang='lat' dir='ltr'><em>dixerat,</em></span> <span class='ocrx_word' id='word_1_184' title='bbox 383 2649 454 2707; x_wconf 90' lang='lat' dir='ltr'><em>item</em></span> <span class='ocrx_word' id='word_1_185' title='bbox 478 2646 516 2705; x_wconf 88' lang='lat' dir='ltr'><em>ill</em></span> <span class='ocrx_word' id='word_1_186' title='bbox 536 2645 566 2727; x_wconf 77' lang='grc'><em>2,</em></span> <span class='ocrx_word' id='word_1_187' title='bbox 587 2645 623 2726; x_wconf 83' lang='lat' dir='ltr'><em>l,</em></span> <span class='ocrx_word' id='word_1_188' title='bbox 650 2649 751 2707; x_wconf 90' lang='lat' dir='ltr'><em>iocose</em></span> <span class='ocrx_word' id='word_1_189' title='bbox 776 2647 848 2706; x_wconf 88' lang='lat' dir='ltr'><em>baec</em></span> <span class='ocrx_word' id='word_1_190' title='bbox 872 2647 908 2706; x_wconf 93' lang='lat' dir='ltr'><em>de</em></span> <span class='ocrx_word' id='word_1_191' title='bbox 937 2647 1026 2707; x_wconf 90' lang='lat' dir='ltr'><em>mulis</em></span> <span class='ocrx_word' id='word_1_192' title='bbox 1050 2645 1172 2706; x_wconf 88' lang='lat' dir='ltr'><em>redariis</em></span> <span class='ocrx_word' id='word_1_193' title='bbox 1192 2643 1260 2702; x_wconf 78' lang='lat' dir='ltr'><em>turn</em></span> 
     </span>
     <span class='ocr_line' id='line_1_23' title="bbox 146 2751 1260 2833; baseline -0.001 -24"><span class='ocrx_word' id='word_1_194' title='bbox 146 2751 234 2810; x_wconf 87' lang='lat' dir='ltr'><em>addit.</em></span> <span class='ocrx_word' id='word_1_195' title='bbox 280 2752 386 2811; x_wconf 90' lang='lat' dir='ltr'><em>deinde</em></span> <span class='ocrx_word' id='word_1_196' title='bbox 412 2754 501 2813; x_wconf 77' lang='lat' dir='ltr'><em>bxisrs</em></span> <span class='ocrx_word' id='word_1_197' title='bbox 525 2757 554 2813; x_wconf 92' lang='lat' dir='ltr'><em>in</em></span> <span class='ocrx_word' id='word_1_198' title='bbox 579 2756 716 2815; x_wconf 92' lang='lat' dir='ltr'><em>instituto</em></span> <span class='ocrx_word' id='word_1_199' title='bbox 741 2772 877 2814; x_wconf 89' lang='lat' dir='ltr'><em>sermone</em></span> <span class='ocrx_word' id='word_1_200' title='bbox 908 2757 1017 2832; x_wconf 88' lang='lat' dir='ltr'><em>pergit,</em></span> <span class='ocrx_word' id='word_1_201' title='bbox 1041 2762 1143 2833; x_wconf 85' lang='lat' dir='ltr'><em>atque,</em></span> <span class='ocrx_word' id='word_1_202' title='bbox 1170 2755 1211 2812; x_wconf 89' lang='lat' dir='ltr'><em>ille</em></span> <span class='ocrx_word' id='word_1_203' title='bbox 1228 2753 1260 2808; x_wconf 89' lang='lat' dir='ltr'><em>in·</em></span> 
     </span>
     <span class='ocr_line' id='line_1_24' title="bbox 145 2861 787 2939; baseline 0.008 -24"><span class='ocrx_word' id='word_1_204' title='bbox 145 2861 218 2936; x_wconf 78' lang='lat' dir='ltr'><em>pult,</em></span> <span class='ocrx_word' id='word_1_205' title='bbox 241 2875 301 2916; x_wconf 88' lang='lat' dir='ltr'><em>non</em></span> <span class='ocrx_word' id='word_1_206' title='bbox 324 2861 423 2918; x_wconf 87' lang='lat' dir='ltr'><em>minor</em></span> <span class='ocrx_word' id='word_1_207' title='bbox 446 2879 524 2919; x_wconf 88' lang='lat' dir='ltr'><em>curo</em></span> <span class='ocrx_word' id='word_1_208' title='bbox 549 2870 617 2920; x_wconf 88' lang='lat' dir='ltr'><em>erat</em></span> <span class='ocrx_word' id='word_1_209' title='bbox 640 2865 705 2921; x_wconf 81' lang='lat' dir='ltr'><em>eires</em></span> <span class='ocrx_word' id='word_1_210' title='bbox 724 2880 787 2939; x_wconf 87' lang='lat' dir='ltr'><em>sqq.</em></span> 
     </span>
    </p>

    <p class='ocr_par' dir='ltr' id='par_1_4' title="bbox 141 2960 1259 3575">
     <span class='ocr_line' id='line_1_25' title="bbox 235 2960 1259 3046; baseline -0.003 -22"><span class='ocrx_word' id='word_1_211' title='bbox 235 2960 254 3024; x_wconf 90' lang='lat'>8</span> <span class='ocrx_word' id='word_1_212' title='bbox 288 2964 401 3024; x_wconf 87' lang='lat' dir='ltr'><em>Minus</em></span> <span class='ocrx_word' id='word_1_213' title='bbox 426 2965 614 3026; x_wconf 81' lang='lat' dir='ltr'><em>laborabat</em></span> <span class='ocrx_word' id='word_1_214' title='bbox 639 2985 679 3026; x_wconf 90' lang='lat' dir='ltr'><em>ne</em></span> <span class='ocrx_word' id='word_1_215' title='bbox 704 2986 832 3026; x_wconf 88' lang='lat' dir='ltr'><em>seruos</em></span> <span class='ocrx_word' id='word_1_216' title='bbox 852 2985 957 3045; x_wconf 85' lang='lat' dir='ltr'><em>aeger</em></span> <span class='ocrx_word' id='word_1_217' title='bbox 980 2985 1104 3046; x_wconf 87' lang='lat' dir='ltr'><em>aquam</em></span> <span class='ocrx_word' id='word_1_218' title='bbox 1124 2965 1259 3046; x_wconf 80' lang='lat' dir='ltr'><em>trigidum</em></span> 
     </span>
     <span class='ocr_line' id='line_1_26' title="bbox 146 3069 1258 3151; baseline -0.002 -22"><span class='ocrx_word' id='word_1_219' title='bbox 146 3079 326 3130; x_wconf 88' lang='lat' dir='ltr'><em>recentem</em></span> <span class='ocrx_word' id='word_1_220' title='bbox 342 3069 513 3131; x_wconf 90' lang='lat' dir='ltr'><em>biberent</em></span> <span class='ocrx_word' id='word_1_221' title='bbox 533 3075 588 3132; x_wconf 90' lang='lat' dir='ltr'><em>sui</em></span> <span class='ocrx_word' id='word_1_222' title='bbox 608 3072 747 3151; x_wconf 89' lang='lat' dir='ltr'><em>pisces]</em></span> <span class='ocrx_word' id='word_1_223' title='bbox 769 3076 813 3132; x_wconf 82' lang='lat' dir='ltr'><em>lie</em></span> <span class='ocrx_word' id='word_1_224' title='bbox 832 3092 937 3133; x_wconf 86' lang='lat' dir='ltr'><em>seruus</em></span> <span class='ocrx_word' id='word_1_225' title='bbox 956 3092 1051 3149; x_wconf 88' lang='lat' dir='ltr'><em>ceper</em></span> <span class='ocrx_word' id='word_1_226' title='bbox 1070 3087 1258 3148; x_wconf 79' lang='lat' dir='ltr'><em>quamnquam</em></span> 
     </span>
     <span class='ocr_line' id='line_1_27' title="bbox 141 3177 1258 3259; baseline -0.004 -23"><span class='ocrx_word' id='word_1_227' title='bbox 141 3177 291 3253; x_wconf 79' lang='lat' dir='ltr'><em>sripitlam</em></span> <span class='ocrx_word' id='word_1_228' title='bbox 314 3179 452 3238; x_wconf 88' lang='lat' dir='ltr'><em>biberent</em></span> <span class='ocrx_word' id='word_1_229' title='bbox 477 3182 528 3238; x_wconf 88' lang='lat' dir='ltr'><em>sui</em></span> <span class='ocrx_word' id='word_1_230' title='bbox 554 3183 655 3254; x_wconf 85' lang='lat' dir='ltr'><em>pisces</em></span> <span class='ocrx_word' id='word_1_231' title='bbox 683 3179 759 3239; x_wconf 88' lang='lat' dir='ltr'><em>edita</em></span> <span class='ocrx_word' id='word_1_232' title='bbox 783 3179 852 3239; x_wconf 93' lang='lat' dir='ltr'><em>inde</em></span> <span class='ocrx_word' id='word_1_233' title='bbox 879 3198 894 3238; x_wconf 91' lang='lat' dir='ltr'><em>a</em></span> <span class='ocrx_word' id='word_1_234' title='bbox 924 3182 1059 3259; x_wconf 88' lang='lat' dir='ltr'><em>principe</em></span> <span class='ocrx_word' id='word_1_235' title='bbox 1088 3181 1206 3241; x_wconf 87' lang='lat' dir='ltr'><em>editione</em></span> <span class='ocrx_word' id='word_1_236' title='bbox 1224 3193 1258 3234; x_wconf 81' lang='lat' dir='ltr'><em>ex·</em></span> 
     </span>
     <span class='ocr_line' id='line_1_28' title="bbox 145 3283 1258 3365; baseline -0.003 -23"><span class='ocrx_word' id='word_1_237' title='bbox 145 3283 292 3362; x_wconf 87' lang='lat' dir='ltr'><em>emplaria.</em></span> <span class='ocrx_word' id='word_1_238' title='bbox 334 3283 435 3344; x_wconf 89' lang='lat' dir='ltr'><em>lacuna</em></span> <span class='ocrx_word' id='word_1_239' title='bbox 461 3295 631 3363; x_wconf 88' lang='lat' dir='ltr'><em>corruptam</em></span> <span class='ocrx_word' id='word_1_240' title='bbox 656 3284 801 3346; x_wconf 90' lang='lat' dir='ltr'><em>librarum</em></span> <span class='ocrx_word' id='word_1_241' title='bbox 821 3289 999 3365; x_wconf 86' lang='lat' dir='ltr'><em>scripturam</em></span> <span class='ocrx_word' id='word_1_242' title='bbox 1019 3289 1049 3346; x_wconf 92' lang='lat' dir='ltr'><em>in</em></span> <span class='ocrx_word' id='word_1_243' title='bbox 1070 3287 1149 3347; x_wconf 92' lang='lat' dir='ltr'><em>bunc</em></span> <span class='ocrx_word' id='word_1_244' title='bbox 1167 3283 1258 3346; x_wconf 87' lang='lat' dir='ltr'><em>modun</em></span> 
     </span>
     <span class='ocr_line' id='line_1_29' title="bbox 145 3390 1258 3474; baseline 0 -26"><span class='ocrx_word' id='word_1_245' title='bbox 145 3390 286 3469; x_wconf 84' lang='lat' dir='ltr'><em>supplevi,</em></span> <span class='ocrx_word' id='word_1_246' title='bbox 305 3396 403 3450; x_wconf 85' lang='lat' dir='ltr'><em>minus</em></span> <span class='ocrx_word' id='word_1_247' title='bbox 422 3393 583 3451; x_wconf 81' lang='lat' dir='ltr'><em>laborabat</em></span> <span class='ocrx_word' id='word_1_248' title='bbox 601 3411 639 3452; x_wconf 90' lang='lat' dir='ltr'><em>nc</em></span> <span class='ocrx_word' id='word_1_249' title='bbox 657 3411 761 3453; x_wconf 88' lang='lat' dir='ltr'><em>seruas</em></span> <span class='ocrx_word' id='word_1_250' title='bbox 778 3410 872 3467; x_wconf 81' lang='lat' dir='ltr'><em>ceper</em></span> <span class='ocrx_word' id='word_1_251' title='bbox 890 3411 1001 3467; x_wconf 87' lang='lat' dir='ltr'><em>apuam</em></span> <span class='ocrx_word' id='word_1_252' title='bbox 1018 3392 1176 3474; x_wconf 72' lang='lat' dir='ltr'><em>triptotam,</em></span> <span class='ocrx_word' id='word_1_253' title='bbox 1191 3403 1258 3467; x_wconf 86' lang='lat' dir='ltr'><em>quam</em></span> 
     </span>
     <span class='ocr_line' id='line_1_30' title="bbox 144 3501 802 3575; baseline 0.006 -21"><span class='ocrx_word' id='word_1_254' title='bbox 144 3505 176 3554; x_wconf 92' lang='lat' dir='ltr'><em>ut</em></span> <span class='ocrx_word' id='word_1_255' title='bbox 199 3515 265 3555; x_wconf 80' lang='lat' dir='ltr'><em>crim</em></span> <span class='ocrx_word' id='word_1_256' title='bbox 289 3504 440 3557; x_wconf 85' lang='lat' dir='ltr'><em>recentem</em></span> <span class='ocrx_word' id='word_1_257' title='bbox 464 3501 601 3559; x_wconf 81' lang='lat' dir='ltr'><em>biberent</em></span> <span class='ocrx_word' id='word_1_258' title='bbox 622 3503 672 3558; x_wconf 88' lang='lat' dir='ltr'><em>sui</em></span> <span class='ocrx_word' id='word_1_259' title='bbox 690 3504 802 3575; x_wconf 85' lang='lat' dir='ltr'><em>pisces.</em></span> 
     </span>
    </p>

    <p class='ocr_par' dir='ltr' id='par_1_5' title="bbox 139 3601 1263 4538">
     <span class='ocr_line' id='line_1_31' title="bbox 233 3601 1259 3686; baseline -0.001 -27"><span class='ocrx_word' id='word_1_260' title='bbox 233 3601 395 3662; x_wconf 87' lang='lat' dir='ltr'><em>Piscinas</em></span> <span class='ocrx_word' id='word_1_261' title='bbox 427 3606 505 3664; x_wconf 88' lang='lat' dir='ltr'><em>eius</em></span> <span class='ocrx_word' id='word_1_262' title='bbox 538 3605 767 3682; x_wconf 86' lang='lat' dir='ltr'><em>despiciebat</em></span> <span class='ocrx_word' id='word_1_263' title='bbox 804 3607 896 3686; x_wconf 88' lang='lat' dir='ltr'><em>quod</em></span> <span class='ocrx_word' id='word_1_264' title='bbox 930 3609 1127 3668; x_wconf 86' lang='lat' dir='ltr'><em>aestiuaria</em></span> <span class='ocrx_word' id='word_1_265' title='bbox 1158 3607 1259 3667; x_wconf 88' lang='lat' dir='ltr'><em>idonea</em></span> 
     </span>
     <span class='ocr_line' id='line_1_32' title="bbox 145 3707 1259 3793; baseline 0.004 -26"><span class='ocrx_word' id='word_1_266' title='bbox 145 3726 211 3767; x_wconf 89' lang='lat' dir='ltr'><em>non</em></span> <span class='ocrx_word' id='word_1_267' title='bbox 236 3707 384 3770; x_wconf 88' lang='lat' dir='ltr'><em>baberet</em></span> <span class='ocrx_word' id='word_1_268' title='bbox 408 3729 445 3771; x_wconf 90' lang='lat' dir='ltr'><em>ac</em></span> <span class='ocrx_word' id='word_1_269' title='bbox 469 3711 589 3771; x_wconf 89' lang='lat' dir='ltr'><em>reside</em></span> <span class='ocrx_word' id='word_1_270' title='bbox 614 3730 701 3790; x_wconf 87' lang='lat' dir='ltr'><em>aqua</em></span> <span class='ocrx_word' id='word_1_271' title='bbox 725 3715 760 3772; x_wconf 93' lang='lat' dir='ltr'><em>in</em></span> <span class='ocrx_word' id='word_1_272' title='bbox 785 3713 876 3773; x_wconf 88' lang='lat' dir='ltr'><em>locis</em></span> <span class='ocrx_word' id='word_1_273' title='bbox 900 3714 1164 3793; x_wconf 86' lang='lat' dir='ltr'><em>pestilentibus</em></span> <span class='ocrx_word' id='word_1_274' title='bbox 1185 3709 1259 3778; x_wconf 78' lang='lat' dir='ltr'><em>tatt-</em></span> 
     </span>
     <span class='ocr_line' id='line_1_33' title="bbox 144 3816 1260 3899; baseline 0.003 -25"><span class='ocrx_word' id='word_1_275' title='bbox 144 3822 262 3874; x_wconf 89' lang='lat' dir='ltr'><em>tarent</em></span> <span class='ocrx_word' id='word_1_276' title='bbox 285 3818 404 3894; x_wconf 88' lang='lat' dir='ltr'><em>pisces</em></span> <span class='ocrx_word' id='word_1_277' title='bbox 428 3816 528 3893; x_wconf 90' lang='lat' dir='ltr'><em>eius]</em></span> <span class='ocrx_word' id='word_1_278' title='bbox 555 3820 600 3877; x_wconf 75' lang='lat' dir='ltr'><em>Ac</em></span> <span class='ocrx_word' id='word_1_279' title='bbox 623 3822 753 3880; x_wconf 85' lang='lat' dir='ltr'><em>residem</em></span> <span class='ocrx_word' id='word_1_280' title='bbox 776 3838 886 3895; x_wconf 83' lang='lat' dir='ltr'><em>apuam</em></span> <span class='ocrx_word' id='word_1_281' title='bbox 911 3825 941 3880; x_wconf 88' lang='lat' dir='ltr'><em>in</em></span> <span class='ocrx_word' id='word_1_282' title='bbox 962 3818 1260 3899; x_wconf 70' lang='lat' dir='ltr'><em>cocicmentatum</em></span> 
     </span>
     <span class='ocr_line' id='line_1_34' title="bbox 142 3924 1261 3998; baseline 0.002 -18"><span class='ocrx_word' id='word_1_283' title='bbox 142 3925 272 3982; x_wconf 83' lang='lat' dir='ltr'><em>residem</em></span> <span class='ocrx_word' id='word_1_284' title='bbox 299 3942 411 3998; x_wconf 87' lang='lat' dir='ltr'><em>apuam</em></span> <span class='ocrx_word' id='word_1_285' title='bbox 439 3932 469 3983; x_wconf 92' lang='lat' dir='ltr'><em>et</em></span> <span class='ocrx_word' id='word_1_286' title='bbox 503 3927 576 3984; x_wconf 88' lang='lat' dir='ltr'><em>locis</em></span> <span class='ocrx_word' id='word_1_287' title='bbox 605 3924 764 3986; x_wconf 89' lang='lat' dir='ltr'><em>Iucundus.</em></span> <span class='ocrx_word' id='word_1_288' title='bbox 811 3931 969 3986; x_wconf 87' lang='lat' dir='ltr'><em>aestuaria</em></span> <span class='ocrx_word' id='word_1_289' title='bbox 1002 3927 1189 3988; x_wconf 87' lang='lat' dir='ltr'><em>scribendum</em></span> <span class='ocrx_word' id='word_1_290' title='bbox 1212 3935 1261 3982; x_wconf 80' lang='lat' dir='ltr'><em>esse</em></span> 
     </span>
     <span class='ocr_line' id='line_1_35' title="bbox 143 4028 1261 4112; baseline 0.003 -26"><span class='ocrx_word' id='word_1_291' title='bbox 143 4028 215 4087; x_wconf 86' lang='lat' dir='ltr'><em>vidit</em></span> <span class='ocrx_word' id='word_1_292' title='bbox 242 4028 380 4110; x_wconf 83' lang='lat' dir='ltr'><em>Ursinus,</em></span> <span class='ocrx_word' id='word_1_293' title='bbox 408 4029 486 4109; x_wconf 87' lang='lat' dir='ltr'><em>quod</em></span> <span class='ocrx_word' id='word_1_294' title='bbox 519 4029 719 4091; x_wconf 89' lang='lat' dir='ltr'><em>Selmeiderns</em></span> <span class='ocrx_word' id='word_1_295' title='bbox 749 4034 932 4092; x_wconf 83' lang='lat' dir='ltr'><em>confirmavit</em></span> <span class='ocrx_word' id='word_1_296' title='bbox 960 4032 1119 4112; x_wconf 89' lang='lat' dir='ltr'><em>adscriptis</em></span> <span class='ocrx_word' id='word_1_297' title='bbox 1147 4036 1181 4094; x_wconf 90' lang='lat' dir='ltr'><em>iis</em></span> <span class='ocrx_word' id='word_1_298' title='bbox 1205 4041 1261 4109; x_wconf 78' lang='lat' dir='ltr'><em>quat</em></span> 
     </span>
     <span class='ocr_line' id='line_1_36' title="bbox 141 4134 1263 4219; baseline 0.003 -27"><span class='ocrx_word' id='word_1_299' title='bbox 141 4134 177 4193; x_wconf 90' lang='lat' dir='ltr'><em>de</em></span> <span class='ocrx_word' id='word_1_300' title='bbox 201 4135 232 4194; x_wconf 84' lang='lat' dir='ltr'><em>C.</em></span> <span class='ocrx_word' id='word_1_301' title='bbox 257 4136 360 4213; x_wconf 85' lang='lat' dir='ltr'><em>Sergio</em></span> <span class='ocrx_word' id='word_1_302' title='bbox 384 4135 473 4195; x_wconf 87' lang='lat' dir='ltr'><em>Orata</em></span> <span class='ocrx_word' id='word_1_303' title='bbox 499 4146 600 4198; x_wconf 88' lang='lat' dir='ltr'><em>narrat</em></span> <span class='ocrx_word' id='word_1_304' title='bbox 623 4137 757 4198; x_wconf 88' lang='lat' dir='ltr'><em>Valerius</em></span> <span class='ocrx_word' id='word_1_305' title='bbox 780 4137 924 4199; x_wconf 84' lang='lat' dir='ltr'><em>Maximus</em></span> <span class='ocrx_word' id='word_1_306' title='bbox 949 4138 988 4198; x_wconf 82' lang='lat' dir='ltr'><em>tx</em></span> <span class='ocrx_word' id='word_1_307' title='bbox 1011 4138 1075 4218; x_wconf 84' lang='lat'><em>1,1</em></span> <span class='ocrx_word' id='word_1_308' title='bbox 1098 4142 1183 4219; x_wconf 84' lang='lat' dir='ltr'><em>idem,</em></span> <span class='ocrx_word' id='word_1_309' title='bbox 1200 4137 1263 4196; x_wconf 84' lang='lat' dir='ltr'><em>aide·</em></span> 
     </span>
     <span class='ocr_line' id='line_1_37' title="bbox 141 4242 1263 4325; baseline 0.003 -27"><span class='ocrx_word' id='word_1_310' title='bbox 141 4244 211 4300; x_wconf 84' lang='lat' dir='ltr'><em>licet</em></span> <span class='ocrx_word' id='word_1_311' title='bbox 238 4259 276 4299; x_wconf 89' lang='lat' dir='ltr'><em>ne</em></span> <span class='ocrx_word' id='word_1_312' title='bbox 300 4244 404 4314; x_wconf 88' lang='lat' dir='ltr'><em>pulum</em></span> <span class='ocrx_word' id='word_1_313' title='bbox 434 4244 566 4318; x_wconf 87' lang='lat' dir='ltr'><em>Neptuni</em></span> <span class='ocrx_word' id='word_1_314' title='bbox 593 4247 724 4304; x_wconf 87' lang='lat' dir='ltr'><em>arbitrio</em></span> <span class='ocrx_word' id='word_1_315' title='bbox 751 4247 917 4307; x_wconf 87' lang='lat' dir='ltr'><em>subiectam</em></span> <span class='ocrx_word' id='word_1_316' title='bbox 945 4249 1086 4325; x_wconf 86' lang='lat' dir='ltr'><em>baberet,</em></span> <span class='ocrx_word' id='word_1_317' title='bbox 1112 4242 1263 4322; x_wconf 79' lang='lat' dir='ltr'><em>peculiaria</em></span> 
     </span>
     <span class='ocr_line' id='line_1_38' title="bbox 139 4347 1263 4430; baseline 0.011 -29"><span class='ocrx_word' id='word_1_318' title='bbox 139 4347 199 4402; x_wconf 86' lang='lat' dir='ltr'><em>sibi</em></span> <span class='ocrx_word' id='word_1_319' title='bbox 221 4348 321 4404; x_wconf 89' lang='lat' dir='ltr'><em>maria</em></span> <span class='ocrx_word' id='word_1_320' title='bbox 340 4352 526 4422; x_wconf 79' lang='lat' dir='ltr'><em>excapitavit</em></span> <span class='ocrx_word' id='word_1_321' title='bbox 544 4353 708 4410; x_wconf 86' lang='lat' dir='ltr'><em>aestuariis</em></span> <span class='ocrx_word' id='word_1_322' title='bbox 729 4355 950 4429; x_wconf 87' lang='lat' dir='ltr'><em>intercipiendo</em></span> <span class='ocrx_word' id='word_1_323' title='bbox 965 4357 1081 4427; x_wconf 79' lang='lat' dir='ltr'><em>tinctus</em></span> <span class='ocrx_word' id='word_1_324' title='bbox 1096 4356 1263 4430; x_wconf 72' lang='lat' dir='ltr'><em>pisciumque</em></span> 
     </span>
     <span class='ocr_line' id='line_1_39' title="bbox 141 4453 1262 4538; baseline 0.008 -31"><span class='ocrx_word' id='word_1_325' title='bbox 141 4453 274 4510; x_wconf 66' lang='lat' dir='ltr'><em>nieversos</em></span> <span class='ocrx_word' id='word_1_326' title='bbox 295 4470 406 4528; x_wconf 83' lang='lat' dir='ltr'><em>propes</em></span> <span class='ocrx_word' id='word_1_327' title='bbox 423 4457 576 4530; x_wconf 87' lang='lat' dir='ltr'><em>separatis</em></span> <span class='ocrx_word' id='word_1_328' title='bbox 593 4459 721 4516; x_wconf 89' lang='lat' dir='ltr'><em>molibus</em></span> <span class='ocrx_word' id='word_1_329' title='bbox 745 4461 937 4538; x_wconf 80' lang='lat' dir='ltr'><em>includendo,</em></span> <span class='ocrx_word' id='word_1_330' title='bbox 955 4468 989 4520; x_wconf 89' lang='lat' dir='ltr'><em>ut</em></span> <span class='ocrx_word' id='word_1_331' title='bbox 1007 4463 1092 4520; x_wconf 88' lang='lat' dir='ltr'><em>nulla</em></span> <span class='ocrx_word' id='word_1_332' title='bbox 1112 4467 1171 4520; x_wconf 89' lang='lat' dir='ltr'><em>tam</em></span> <span class='ocrx_word' id='word_1_333' title='bbox 1189 4468 1262 4517; x_wconf 76' lang='lat' dir='ltr'><em>saeta</em></span> 
     </span>
    </p>
   </div>
   <div class='ocr_carea' id='block_1_3' title="bbox 0 0 1442 4994">
    <p class='ocr_par' dir='ltr' id='par_1_6' title="bbox 0 0 1442 4994">
     <span class='ocr_line' id='line_1_40' title="bbox 0 0 1442 4994; baseline 0 2"><span class='ocrx_word' id='word_1_334' title='bbox 0 0 1442 4994; x_wconf 95' lang='lat' dir='ltr'><em> </em></span> 
     </span>
    </p>
   </div>
  </div>
 </body>
</html>
