2874 4994
143 331 208 395 234
480 338 670 394 couneus.
690 337 730 393 m
753 334 943 396 vseuoms
1252 325 1259 355 ⁸

149 498 273 555 ueniant
295 491 430 556 Ursinus.
467 492 610 574 lacunam,
634 511 690 572 qua
714 495 863 572 scriptura
881 492 1037 574 archetypi
1055 499 1187 572 compa
1200 500 1252 575 ent

143 603 174 661 iu
198 599 277 661 hunc
298 599 416 660 modum
436 598 579 680 supplevi,
599 603 637 662 de
654 603 701 661 lu's
719 618 776 661 sex
790 601 933 678 portibus
951 602 996 662 ud
1012 602 1073 661 isto
1092 601 1154 660 triu
1165 616 1255 675 penno

32 729 34 732 ⁴
144 710 214 767 item
237 708 300 767 trio
320 725 439 782 ponera
461 710 617 780 artificum
635 709 797 783 parando:
824 725 894 768 uam
915 706 1140 788 praepositione
1160 706 1193 767 de
1210 708 1256 768 uui·

143 831 261 874 versum
284 831 379 892 genus
399 811 591 874 villaticarum
615 815 796 894 pastionum,
824 812 860 874 ad
884 830 959 893 quas
980 813 1039 874 tria
1065 829 1173 892 mera
1192 815 1260 893 perti

143 930 228 1000 nent,
256 920 448 998 significatur.
490 918 604 999 reliqua
627 937 643 980 a
666 918 780 980 Merula
802 927 833 980 et
856 917 1007 998 scaligero
1031 919 1184 981 emendata
1203 927 1261 1000 suut,

143 1034 199 1087 cut
216 1028 255 1087 ch
274 1028 312 1087 iis
330 1027 457 1087 emenda
476 1044 556 1102 quoe
577 1059 615 1069 -
636 1029 794 1089 nutricare
811 1028 1001 1102 sociumque,
1026 1029 1059 1088 in
1082 1028 1263 1088 meuse

139 1136 330 1210 perueniunt.
368 1130 403 1192 ad
424 1133 479 1193 tria
498 1132 671 1211 principalia
690 1150 798 1211 genera
812 1133 990 1212 pastionum,
1012 1150 1091 1211 quae
1107 1131 1263 1213 supradicta

143 1249 240 1320 eraut,
269 1241 325 1299 tria
353 1256 461 1317 genera
489 1239 646 1321 artificum,
670 1241 722 1319 qui
745 1237 880 1300 animalia
902 1246 1037 1323 captent,
1068 1237 1195 1319 peranda
1213 1245 1265 1300 suut

144 1354 196 1407 aut
219 1344 255 1406 ab
279 1347 315 1406 iis
339 1344 461 1406 emenda
481 1345 625 1426 animalia,
645 1364 720 1426 quae
744 1347 821 1406 servi
841 1354 982 1407 tueantur
1001 1345 1038 1407 ad
1056 1356 1163 1426 partus
1178 1345 1263 1407 [κίω-

144 1451 198 1513 dos
217 1460 247 1513 et
265 1451 301 1512 ad
320 1451 417 1532 pullos
437 1470 474 1512 ex
498 1454 534 1512 iis
557 1461 642 1513 natos
666 1451 867 1528 nutricandos.
1312 1445 1314 1447 ’

235 1575 412 1646 Quaedam
436 1576 653 1639 adsumenda
671 1587 763 1639 -ut
786 1576 901 1657 glires
928 1576 1090 1638 cochlias
1118 1575 1263 1658 gallinas]

149 1685 288 1744 Coclrlius
312 1685 343 1743 in
371 1682 531 1763 archetypo
560 1686 704 1763 scriptum
735 1684 827 1744 luisse
855 1682 993 1744 Politiani
1022 1685 1191 1745 testimonio
1214 1702 1264 1743 cou-
1312 1686 1314 1693 '

144 1797 211 1871 stat,
235 1792 370 1851 clroclius
392 1790 485 1850 codex
505 1789 704 1872 Florentiuus,
723 1792 837 1852 coelius
855 1788 878 1848 B
898 1798 929 1850 et
948 1789 1105 1852 caesenas.
1141 1799 1174 1852 ut
1192 1793 1265 1867 plr'res

90 1954 92 1956 ,
146 1900 268 1957 cocleae
287 1904 316 1956 ct
332 1899 470 1971 pollinae
488 1895 638 1959 iucundus
658 1905 689 1957 et
707 1894 814 1957 deiude
833 1893 941 1976 reliqui
963 1895 1104 1958 editores,
1141 1899 1266 1974 quorun

145 2005 358 2063 assumendum
382 2002 517 2064 Ursinus.

233 2122 254 2187 5
287 2125 431 2187 Tertiae
456 2129 620 2206 piscinae
644 2127 768 2189 dulces
792 2127 876 2189 lieri
900 2135 1050 2208 coeptae
1075 2135 1111 2190 et
1133 2126 1266 2188 elluui·

144 2231 250 2293 nibus
275 2244 400 2312 captos
423 2237 589 2314 recipere
618 2234 756 2313 pisces]
786 2235 944 2313 Recepere
973 2251 1010 2295 ex
1033 2234 1138 2296 Aldina
1162 2234 1268 2296 editione

145 2349 299 2421 receptum
324 2350 379 2403 est.

233 2461 254 2526 6
288 2463 389 2526 Alter
416 2463 602 2543 sublimis]
630 2466 768 2527 Alterum
799 2467 926 2528 sublime
953 2464 1120 2545 desumus,
1148 2475 1181 2526 ut
1209 2473 1270 2524 esset

145 2571 269 2632 alterum
294 2573 446 2633 aviarium.
484 2574 573 2633 immo
598 2570 672 2632 alter
695 2571 805 2651 gradus
828 2570 963 2632 sublimis
983 2570 1095 2633 dicitur
1113 2569 1202 2632 altera
1218 2587 1271 2649 pars

144 2679 259 2756 antiqui
282 2677 406 2759 gradus,
431 2677 458 2738 lr.
482 2697 507 2738 c.
532 2676 667 2738 sublimis
691 2677 787 2761 locus,
815 2680 845 2738 in
869 2696 928 2757 quo
957 2676 1114 2739 columbae
1137 2676 1272 2738 hahentur.

234 2797 254 2862 8
285 2799 321 2860 lu
351 2803 509 2863 secunda
533 2804 628 2882 parti
656 2821 695 2863 ac
722 2800 923 2882 leporario]
953 2803 1046 2863 Porti
1070 2800 1232 2882 apographa
1251 2809 1273 2861 et
1299 2864 1304 2880 ,

144 2926 179 2966 ex
210 2909 276 2986 ipsc
305 2907 464 2988 archetypo
489 2908 654 2991 Victorius,
677 2916 770 2986 purte
797 2908 874 2969 edita
903 2915 972 2969 ante
1001 2906 1169 2972 Victoriam
1195 2925 1274 2970 exem·

144 3011 250 3094 plania,
283 3013 361 3093 quod
395 3017 425 3075 in
461 3017 596 3094 principe
627 3015 756 3075 editione
784 3013 948 3075 Politiauus
980 3032 1041 3075 non
1076 3017 1214 3076 correxit
1246 3030 1275 3074 oc

144 3123 299 3196 leporario
327 3121 528 3183 definitionem
557 3120 646 3183 habet
675 3122 879 3200 praecedentis
907 3123 1050 3182 nominis:
1082 3120 1157 3184 121
1187 3124 1222 3183 de
1241 3123 1276 3181 in·

146 3229 265 3288 domitis
289 3229 530 3305 quadripedibus
554 3246 592 3289 ue
612 3246 725 3305 pecore
740 3227 928 3304 faciendum,
952 3225 1079 3310 1115,4
1102 3231 1148 3289 ud
1164 3211 1278 3306 specrcn

144 3337 351 3395 cancellorum
373 3338 564 3396 scenicorum
588 3353 627 3395 uc
651 3336 773 3396 tlreutri.

232 3456 354 3536 Neque
378 3460 469 3518 enim
494 3466 572 3519 erat
595 3476 757 3537 magnum
781 3456 821 3518 ad
845 3467 984 3538 septum
1013 3458 1109 3538 quod
1139 3477 1230 3520 nuuc
1249 3466 1280 3518 ut

144 3561 300 3623 habeant
323 3562 454 3624 multos
478 3582 584 3644 apros
612 3582 650 3624 ac
678 3582 826 3643 capreas
854 3562 1039 3643 complura
1069 3567 1197 3645 iugera
1222 3582 1279 3625 ma·

144 3670 255 3728 ceriis
275 3669 514 3749 concludunt]
535 3672 683 3746 Mannum
698 3674 732 3732 id
747 3678 862 3749 septum
877 3668 998 3730 Merula.
1036 3681 1193 3749 praeterea
1211 3672 1282 3748 quod

144 3793 228 3836 nunc
260 3784 294 3836 ut
323 3779 435 3839 habeut
467 3780 587 3856 scripsi:
620 3789 653 3839 ut
681 3786 815 3857 saeptum
843 3775 954 3837 multos
981 3795 1073 3855 apros
1106 3797 1143 3839 ac
1171 3794 1279 3858 capreas

146 3879 263 3963 lrabeat,
292 3884 444 3963 complura
473 3886 574 3962 iugera
604 3886 741 3944 maceriis
769 3883 960 3945 concludunt
1006 3901 1077 3944 uam
1101 3887 1203 3966 inepte
1223 3903 1280 3966 pru

142 4006 250 4050 nomen
274 3993 441 4052 accrrsativo
465 4008 535 4051 casu
560 3990 595 4051 ad
620 3990 744 4051 verbum
767 3993 955 4053 concludunt
972 3988 1123 4054 'retertur

232 4112 314 4173 Crrm
339 4116 458 4174 emisti
478 4113 626 4175 lundum
646 4114 877 4176 tusculanum
896 4132 913 4175 a
932 4112 969 4177 ll.
988 4112 1124 4176 Pisone
1144 4118 1180 4178 in
1197 4114 1281 4195 lepo-

144 4219 240 4277 rario
265 4219 341 4296 apri
367 4219 516 4281 luerunt
539 4220 661 4299 multi]
681 4220 753 4281 Geli.
770 4219 798 4281 ll
816 4216 903 4301 20‚3
928 4213 1100 4304 is(Varru)
1122 4227 1192 4284 item
1208 4220 1282 4297 infru

143 4325 247 4382 codem
277 4326 307 4382 in
330 4327 407 4387 libro
437 4330 479 4386 ito
502 4330 620 4403 scribit,
644 4322 729 4389 ‘cum
756 4331 855 4389 emisti
877 4327 1010 4404 [undum
1038 4328 1282 4391 iirsculonono

144 4428 186 4487 M.
206 4429 323 4504 Pisone,
348 4434 379 4492 in
402 4436 557 4509 leporario
580 4439 655 4512 apri
675 4438 762 4496 multi
779 4429 897 4511 sucre'.
934 4433 972 4497 ll.
990 4433 1111 4516 Pupius
1130 4436 1198 4499 Piso
1219 4434 1282 4496 diei·
