2874 4994
373 346 503 402 RERVM
520 346 760 404 RVSTICARVM
778 349 845 406 LIB.
864 352 890 407 Π
909 350 926 407 1
1159 345 1221 412 135

106 509 179 577 cunr,
211 497 242 582 9,
261 498 291 563 2·
307 519 394 577 quem
422 503 607 564 admodum
637 506 801 566 admittent
829 514 858 567 et
888 511 1028 585 perient,
1062 505 1152 589 10,2
1176 519 1220 573 ese

106 608 154 666 rim
176 611 306 670 alterum
334 626 431 684 penus
458 611 591 690 varium,
614 611 697 685 quod
719 608 822 685 serum
844 619 986 688 uocatur,
1010 632 1068 678 nec
1090 633 1159 678 cum
1182 620 1219 678 iis

106 711 201 775 lenter
224 722 462 792 comprecemur,
485 733 542 777 uec
565 733 662 792 aeque
681 719 720 790 fit
740 725 937 780 mansuetum.

167 822 234 883 Hoc
256 829 370 884 notura
393 825 514 898 quietae
537 822 605 883 libri
628 840 717 884 mann
742 825 847 903 scripti
874 843 985 888 omnes.
1022 830 1118 889 errori
1142 827 1217 889 Poli-

106 928 151 989 leni
169 928 361 991 tribuendum
384 936 441 1009 est,
466 929 544 1008 qnod
568 931 598 990 in
623 929 798 1009 corrigenda
820 932 964 1014 principis
994 933 1132 995 editionis
1159 934 1217 997 lee-

106 1039 156 1097 lone
177 1045 291 1099 nature
314 1055 374 1098 non
397 1036 518 1098 addidit,

162 1145 209 1206 Ad
232 1162 364 1225 corpus
388 1145 559 1205 uestitum
579 1153 612 1205 el
631 1143 747 1224 pelles
765 1144 993 1224 adtulerunt]
1012 1149 1064 1210 Aa
1080 1152 1216 1210 uestitum

106 1256 212 1327 ‘pelles
235 1259 265 1313 er
286 1255 389 1312 Ionam
413 1255 583 1312 attulerunt
602 1250 812 1334 Schneiderns,
831 1255 876 1314 ed
896 1270 1007 1331 corpus
1030 1257 1216 1318 vestiendum

106 1374 171 1420 nem
203 1366 233 1420 el
261 1363 355 1435 pelles
388 1361 565 1419 adtulerunt
598 1357 787 1419 lleidrichius
810 1357 984 1421 Varronian.
1007 1359 1020 1420 1
1043 1380 1072 1440 p.
1089 1358 1147 1444 32,
1175 1366 1218 1425 cd

106 1469 208 1541 moris
231 1469 369 1527 vestitum
388 1469 482 1542 pelles
505 1466 674 1527 attulerunt
704 1465 774 1527 olim
802 1468 926 1529 conieci.
970 1478 1088 1547 poterat
1116 1478 1215 1532 nmen

106 1575 205 1634 clitum
228 1581 258 1634 et
276 1576 370 1649 pelles
393 1591 409 1632 a
433 1570 564 1633 Varrone
587 1574 627 1634 ila
651 1572 723 1655 dici,
748 1582 781 1634 nt
808 1575 946 1635 restitum
975 1574 1089 1636 diceret
1117 1584 1214 1638 restes

106 1675 171 1741 lana
196 1681 295 1740 orium
318 1679 418 1741 lactas.

155 1783 177 1848 5
200 1785 285 1846 Dnm
308 1803 422 1847 annus
445 1784 672 1865 perueniret]
693 1788 772 1848 Dum
792 1790 835 1849 cd
852 1805 906 1849 nos
920 1793 1097 1866 perveniret
1114 1788 1211 1853 Victo·

108 1908 146 1974 a,
173 1891 365 1972 impersonali
396 1892 480 1954 verbi
508 1912 578 1975 nsu,
611 1890 997 1975 nl123,3scbclia,si
1019 1899 1062 1959 cd
1086 1901 1213 1974 siliquas

106 2016 117 2056 r
149 2003 367 2077 surpervenit,
390 1997 475 2080 144,
497 1998 514 2061 1
540 2018 607 2062 cum
631 2003 748 2062 decimo
772 2004 881 2063 redeat
905 2011 935 2063 et
958 2021 1026 2064 cum
1054 2009 1214 2068 centesimo

106 2106 169 2170 lire
201 2111 335 2182 solitum,
368 2104 428 2188 12,
448 2106 490 2168 22
523 2112 619 2183 mocio
648 2116 751 2185 putem
777 2112 943 2186 pertinere.
990 2113 1060 2172 dum
1089 2116 1133 2173 cd
1158 2131 1213 2175 noo

106 2219 259 2277 venirent
281 2213 478 2275 Buttmannns
504 2214 540 2275 de
565 2214 743 2276 Dicaearcho
766 2235 795 2296 p.
819 2213 866 2277 17.

153 2321 202 2382 lb
235 2319 363 2382 ouibus
397 2329 435 2383 nl
467 2322 501 2382 in
536 2320 703 2402 phrygia]
737 2323 773 2384 Ui
805 2325 836 2383 iu
869 2323 1008 2400 Phrypia
1040 2343 1080 2387 erc
1109 2328 1213 2388 ouibus

106 2430 224 2490 undns.

153 2535 347 2616 Caprarum
381 2554 469 2616 quas
497 2535 607 2597 latine
636 2543 735 2597 rotas
758 2533 956 2618 appellant]
989 2540 1210 2616 Plctycerotcs,

106 2643 143 2703 >d
168 2653 214 2704 est
237 2662 392 2706 cervorum
416 2661 512 2724 genna
535 2641 611 2723 apud
636 2641 764 2704 Plinium
789 2641 829 2704 xl
851 2640 924 2725 123,
947 2654 1014 2723 post
1037 2642 1209 2706 Turnebnm

106 2747 197 2811 »baril
231 2749 374 2833 Scaliger,
405 2753 639 2828 strepsicerotes
675 2769 711 2811 ex
749 2748 825 2813 Plin.
845 2748 993 2813 11111214
1025 2757 1056 2811 el
1087 2748 1211 2813 111124

106 2858 272 2919 nneiderns.
310 2857 361 2920 sed
385 2858 510 2920 latinum
533 2876 641 2919 nomen
666 2856 808 2938 appellari
832 2876 869 2919 ex
893 2859 930 2919 iis
950 2875 1024 2939 queo
1047 2857 1154 2919 deinde
1172 2858 1209 2919 de

106 2962 135 3024 is
157 2967 254 3044 capris
277 2966 307 3025 in
331 2964 412 3026 ltalia
436 2974 596 3028 narrantur
620 2974 749 3046 apparel.
825 2950 827 2955 ’

151 3073 244 3133 Putet
266 3074 376 3150 optima
400 3073 566 3153 apographa
590 3082 620 3135 el
643 3090 679 3133 ex
703 3071 877 3152 archetypo,
901 3078 934 3132 nl
957 3071 1086 3151 ridetur,
1112 3069 1208 3132 Victo·

106 3193 134 3254 rs,
153 3186 264 3256 putent
286 3197 314 3239 m
339 3187 370 3241 el
392 3180 485 3241 codex
509 3178 654 3240 Caesenas
677 3187 707 3239 et
731 3178 809 3238 edita
835 3184 903 3237 anie
923 3176 1086 3238 Victorinm
1109 3196 1206 3239 exem·

106 3288 161 3368 iria,
185 3287 263 3366 qnod
287 3289 318 3347 in
342 3290 476 3367 principe
501 3286 630 3347 editione
654 3284 819 3346 Politianns
842 3302 902 3345 non
926 3285 1065 3346 correxit.

148 3393 186 3454 ln
218 3392 409 3454 dardanico
438 3401 472 3453 ei
499 3390 653 3471 medica]
678 3392 862 3453 Burdcuice
893 3389 963 3452 libri
991 3394 1208 3473 manuscripti

106 3519 176 3581 mes,
204 3501 368 3561 Dardania
395 3498 558 3559 Politianns
586 3500 617 3558 in
644 3499 779 3577 principe
813 3495 943 3558 odilione
977 3516 1037 3560 non
1069 3502 1207 3562 correxit.

106 3608 166 3668 nde
192 3607 335 3668 Maedica
359 3608 475 3688 scripsi,
491 3605 522 3667 h.
542 3625 567 3667 e.
587 3598 751 3686 Μαιδική,
771 3622 859 3684 qnam
883 3605 1037 3684 regionem
1062 3625 1206 3669 unacum

106 3714 221 3775 rdanica
245 3713 352 3774 Strabo
375 3712 426 3773 Vll
445 3733 472 3793 p.
491 3710 556 3776 316
580 3721 610 3774 el
634 3709 698 3775 318
721 3710 848 3792 appellat

147 3821 297 3902 Phrygia
322 3831 356 3882 et
379 3820 541 3899 chaonia]
565 3822 745 3900 Lycluouic
771 3818 943 3901 Beroaldus,
962 3821 1124 3899 Lycaonia
1148 3819 1205 3883 Pli-

106 3949 125 3990 s
148 3925 298 3990 V111175
322 3936 351 3989 ct
374 3927 441 3989 libri
466 3927 605 3990 Varronis
628 3927 654 3989 ll
674 3926 704 4008 6,
723 3926 752 3990 3.

149 4033 169 4097 6
203 4036 363 4117 PolyrnuS,
386 4035 464 4115 quod
488 4034 599 4096 liabent
621 4034 798 4116 apographa,
821 4037 850 4095 in
874 4034 1035 4115 archetypo
1059 4036 1204 4113 scriptum

109 4154 133 4224 ι,
149 4145 328 4221 polyornas,
348 4141 425 4221 qnod
445 4145 476 4202 in
495 4143 630 4221 principe
649 4141 779 4204 edicione
798 4140 961 4203 politianus
980 4159 1040 4204 non
1064 4143 1204 4222 correxit,

106 4249 187 4313 rulae
211 4251 399 4311 coniecturae
423 4248 559 4311 debetur.

146 4356 244 4431 Quod
275 4360 370 4438 ipsas
398 4357 555 4437 pecudes
585 4364 734 4436 propter
764 4361 951 4419 caritatem
985 4375 1114 4418 aureas
1146 4355 1203 4417 he·

105 4469 178 4528 isse
202 4464 316 4544 pelles
340 4462 585 4541 tradiderunt]
610 4465 669 4538 (lui
686 4481 722 4524 ex
742 4444 875 4543 principe
900 4463 1028 4524 editione
1048 4473 1201 4543 receptum
