2874 4994
294 363 343 418 ou
361 363 451 420 acm
470 364 643 437 ornarat
662 365 803 421 unsaros
822 364 851 422 c.
867 363 997 422 ta-sa
1178 359 1219 424 87

66 527 142 580 sunt
161 523 262 600 posuit
276 519 391 581 Plinius
405 517 497 581 XVIII
513 518 587 602 243,
603 529 699 599 prata
717 525 890 583 stercorari
907 526 980 583 lara
993 526 1121 605 sitiente,
1141 542 1222 603 palae

66 631 164 703 ripae
192 646 252 689 aaa
282 637 373 689 eruat
399 647 419 689 a
447 631 526 704 slata
557 628 682 706 favonio
716 627 841 705 defendi
870 637 899 690 et
928 634 1077 712 parpari,
1108 634 1221 693 lierbm

66 738 169 795 malas
192 739 344 797 radicitus
367 739 438 796 eriri
460 754 523 815 sqq.
543 735 579 796 cl.
600 754 624 796 c.
643 732 696 796 40.

162 839 183 904 2
219 842 311 903 Ilaec
349 842 459 904 facito
497 851 686 922 antequam
720 844 852 903 niniam
885 842 1011 903 fodere
1043 843 1218 925 Incipias]

67 950 138 1010 IIoc
158 948 257 1026 sacito
280 950 357 1011 edita
381 950 450 1010 inde
474 968 491 1009 a
514 951 650 1029 principe
673 949 803 1010 editione
830 949 1017 1029 exemplaria.
1064 951 1218 1012 manliesto

70 1058 145 1116 vitio
169 1066 310 1136 corrupta
334 1067 405 1118 sunt
428 1076 503 1136 quae
527 1057 603 1137 apud
623 1056 752 1118 Plinium
771 1056 789 1121 l.
808 1075 833 1118 c.
857 1056 1006 1138 leguntur,
1029 1061 1106 1120 lraec
1135 1068 1218 1121 arate-

71 1181 166 1238 paam
191 1166 279 1224 uinea
298 1166 414 1238 llorere
438 1165 573 1240 incipiat.
614 1173 682 1243 post
704 1164 888 1242 putationem
912 1165 1027 1224 vineam
1051 1165 1218 1228 fodiendam

69 1287 139 1330 esse
164 1272 309 1348 sortptum
333 1281 397 1330 erat
420 1267 472 1352 33,
491 1267 512 1331 2
536 1273 654 1331 cineam
674 1277 815 1347 putatam
837 1269 1059 1347 circumfodita.

160 1375 227 1436 Ubi
260 1376 345 1454 daps
378 1377 566 1455 profanata
599 1373 828 1457 comes'taque
862 1380 932 1438 erit
964 1395 1077 1439 uerno
1115 1398 1218 1443 arare

65 1484 224 1562 iucipito
253 1493 287 1544 et
315 1482 391 1543 loca
415 1485 566 1562 primum
590 1492 691 1544 arato
716 1502 805 1564 quae
829 1485 1030 1546 siccissIma
1055 1494 1161 1547 erunt
1184 1499 1219 1548 ct

66 1609 160 1670 quae
194 1592 423 1651 crassissima
456 1599 492 1650 ct
524 1592 764 1670 aquosissima
797 1601 903 1652 arunt
930 1610 968 1652 ea
997 1601 1218 1672 postremum

65 1709 170 1760 arato
194 1699 273 1759 dum
298 1699 467 1778 ueprius
491 1696 750 1775 obdurescant]
775 1696 837 1761 131
861 1701 936 1761 Pira
955 1703 1087 1775 florente
1110 1703 1217 1778 dapem

61 1825 125 1884 pro
149 1808 246 1867 dabas
265 1805 372 1883 facita.
407 1812 513 1883 postea
537 1823 629 1867 aerim
653 1823 748 1866 arare
772 1809 905 1883 incipito.
942 1824 980 1868 ea
999 1810 1067 1868 laea
1085 1811 1216 1884 primam

65 1921 160 1975 arato
184 1931 264 1989 qaae
284 1915 415 1974 rudecto
433 1913 646 1988 harenamque
664 1920 764 1973 erant.
797 1920 904 1989 postca
923 1917 970 1974 ati
987 1932 1126 1989 quaeqae
1142 1933 1216 1990 pra·

64 2024 191 2081 pissima
214 2027 246 2082 et
267 2022 466 2095 operosissima
488 2027 589 2100 aaut,
619 2022 662 2080 ita
682 2027 834 2097 postremo
858 2027 956 2081 arato.
1003 2038 1074 2100 ager
1097 2038 1216 2083 crassus

63 2127 180 2189 dicitur
203 2124 275 2207 6,1
305 2129 359 2187 abi
385 2145 463 2202 aper
491 2143 614 2187 crassas
643 2134 673 2188 et
694 2130 791 2187 laetas
815 2135 867 2208 est,
894 2125 984 2188 ibin
1008 2145 1086 2202 apra
1109 2146 1215 2191 crasso

63 2244 95 2296 et
120 2238 223 2311 caldo,
251 2231 331 2295 ib.4
357 2237 412 2310 qai
438 2237 521 2294 locas
545 2236 682 2294 crassior
710 2237 770 2293 erit
797 2240 852 2293 aat
877 2236 1063 2309 detulerim,
1094 2231 1137 2296 35
1160 2240 1215 2311 pai

62 2346 151 2403 locas
181 2343 325 2403 restibilis
348 2343 553 2402 crassitudine
578 2342 651 2407 fieri
672 2343 800 2419 poterit,
827 2339 866 2400 ib.
890 2343 922 2400 ia
949 2343 1015 2401 loco
1042 2349 1214 2404 stercorata

62 2451 142 2510 Irene
166 2457 220 2508 aat
244 2452 275 2509 in
299 2452 364 2509 loco
388 2465 502 2508 crassa.

157 2556 199 2615 LI
216 2554 431 2634 PropagatIo
450 2549 646 2633 pomorum]
666 2552 708 2613 lie
727 2554 939 2633 propagatione
958 2551 1098 2614 arborum
1117 2553 1212 2633 plera·

62 2680 124 2743 que
149 2664 317 2723 accuratius
341 2662 452 2739 scrIpta
475 2668 546 2721 sunt
569 2678 594 2720 o.
617 2656 687 2722 133.

155 2768 249 2831 Pulli
273 2771 332 2848 qui
356 2776 553 2828 nascentur
577 2785 638 2828 eos
662 2769 697 2827 in
722 2776 854 2828 terram
878 2766 1070 2845 deprImito
1099 2769 1212 2831 catol-

60 2877 208 2956 litoque
241 2879 432 2956 primorem
466 2883 604 2955 partem
637 2876 691 2934 uti
723 2873 881 2946 radicem
914 2874 1045 2953 caplat]
1083 2877 1213 2954 Capiaot

59 2982 244 3044 Pontedera:
272 2978 379 3064 133,1
407 2984 553 3062 extollite,
575 2985 622 3041 ati
644 2983 782 3042 radicem
800 2999 913 3058 capere
929 2985 1054 3058 possint.
1096 2992 1212 3062 poterat

61 3101 164 3151 tamen
188 3089 245 3151 boc
268 3088 333 3149 loco
357 3106 417 3149 non
440 3088 571 3149 inaudita
595 3088 673 3167 apud
693 3087 833 3149 Catonem
854 3086 1037 3167 neglegentia
1057 3099 1125 3168 post
1147 3089 1210 3169 plu·

60 3197 156 3259 ralem
179 3214 337 3258 numerum
361 3194 521 3276 singularis
539 3198 646 3272 capiat
662 3196 742 3275 poni,
763 3194 792 3255 b.
811 3212 836 3254 e.
862 3204 893 3255 ut
916 3197 942 3253 is
961 3193 1060 3273 pullus
1079 3197 1123 3256 vul
1144 3216 1208 3258 sur·

60 3304 161 3386 culus,
183 3306 270 3366 cuius
293 3305 434 3383 primoris
459 3321 526 3382 pars
550 3311 650 3363 erecta
673 3304 721 3383 sit,
745 3301 875 3362 radicem
900 3304 1005 3380 caplat.

153 3412 209 3472 LII
238 3410 274 3471 ln
303 3409 494 3471 arboribus
523 3408 583 3470 ubi
611 3409 754 3477 radices
783 3410 927 3488 capiant
954 3407 1103 3469 calicem
1130 3428 1208 3488 par-

60 3519 210 3580 tundito
238 3536 301 3597 per
328 3518 476 3579 lundam
504 3525 565 3577 aut
594 3515 736 3596 qualum
765 3534 897 3577 ramum
928 3533 1029 3596 quem
1053 3515 1209 3576 radicem

60 3644 195 3705 capere
223 3625 323 3686 uoles
351 3623 513 3702 traicito]
546 3620 664 3705 133‚3
694 3625 730 3685 In
759 3626 922 3686 arboribus
944 3626 1067 3685 radices
1089 3627 1136 3685 ati
1158 3642 1208 3685 ca·

55 3739 163 3814 piant,
195 3736 321 3795 calicem
350 3721 509 3810 pertusam
540 3735 649 3794 sumito
680 3734 739 3793 tibi
769 3740 823 3794 aat
854 3735 1023 3807 quasillum,
1052 3751 1111 3808 per
1141 3750 1209 3794 eum

59 3844 215 3902 ramulam
238 3843 427 3902 transserito.
456 3839 524 3900 iude
549 3843 595 3900 ati
615 3856 671 3918 pro
694 3841 755 3920 uhi,
779 3839 857 3918 quod
881 3837 937 3897 boo
962 3836 1026 3899 loco
1051 3841 1081 3900 in
1105 3839 1208 3901 archc-

57 3960 134 4029 typo
163 3956 240 4027 erat,
269 3949 384 4026 scripsi,
431 3946 537 4007 deinde
565 3950 692 4008 calicem
715 3954 769 4007 aut
792 3948 915 4021 qualum
935 3949 1124 4021 pertundite,
1149 3966 1208 4024 per

54 4058 191 4135 fundam
215 4073 345 4129 ramam,
374 4072 461 4130 quem
484 4057 621 4115 radicem
644 4072 757 4129 capere
779 4055 866 4127 voles,
888 4055 1067 4125 sacrificato
1090 4057 1207 4114 traiici-

58 4172 153 4240 toque
171 4159 331 4240 lucunduo,
351 4164 478 4223 calicem
492 4163 670 4238 pertundite
690 4168 745 4221 aat
763 4163 900 4235 paratam:
915 4177 974 4236 per
992 4176 1060 4219 mim
1079 4178 1206 4241 ramam,

56 4287 149 4350 quem
172 4270 311 4330 radicem
335 4286 447 4346 capere
470 4272 560 4342 coles,
591 4271 714 4329 traicito
738 4267 907 4327 Eussnerus
931 4286 958 4345 p.
973 4263 1047 4329 301.
1094 4270 1205 4328 rectius

57 4376 212 4442 scribetur
240 4377 272 4434 in
300 4376 463 4436 ardoribus
493 4378 616 4436 radices
639 4377 686 4434 ati
707 4377 845 4451 capiant,
874 4376 1000 4435 calicem
1020 4377 1205 4455 pertundite,

53 4490 123 4567 per‘
137 4483 270 4562 sardam
290 4489 447 4559 pertusam
470 4488 525 4543 aat
544 4485 668 4557 quatum
685 4498 813 4555 ramam,
832 4498 919 4556 quem
937 4484 1074 4543 radicem
1093 4499 1206 4559 capere
