2874 4994
322 312 451 368 RERVM
471 311 709 368 Rvsmcluvn
728 311 794 368 LlB.
814 313 826 366 l
846 309 976 368 51-54
1166 303 1228 368 113

122 468 225 550 dcitur,
248 470 288 529 ita
312 487 402 548 grana
426 487 442 528 e
467 471 547 549 spica
570 469 701 530 discutit.
737 471 836 547 itaque
861 469 969 546 scripsi
991 486 1070 542 quoe
1093 485 1161 528 cum
1185 471 1228 528 in·

121 578 184 638 siro
207 580 321 652 euripo
346 584 399 637 out
417 578 555 653 pondere
575 578 693 651 prandi
715 577 850 636 trahitur
870 577 1008 635 iumentis
1028 578 1147 649 iunctio,
1171 577 1229 635 dis·

121 685 165 743 tir
182 702 200 743 e
216 687 303 760 spico
319 702 432 759 prona,
453 685 508 742 nisi
528 685 627 762 potius
646 685 818 757 quodcum
837 680 1027 742 scribendum
1047 689 1118 741 erat.
1151 681 1229 760 apud
1262 738 1264 741 ,

125 789 214 849 nium
237 809 264 869 p.
285 786 359 871 228,
379 787 420 850 27
445 792 544 869 inepte
564 789 638 850 baec
658 808 726 850 cum
746 788 951 869 superioribus
970 791 1127 849 coniuncta
1151 797 1229 867 sunt,

123 897 232 957 ibulce
253 929 290 939 -
313 905 421 958 neutro
448 898 546 958 Varro
565 915 669 959 rerum
688 901 876 958 rusticorum
895 899 944 957 lib.
961 897 1077 971 lquod
1090 899 1128 969 lit
1146 898 1230 972 opud

121 1008 165 1064 'os
188 1007 325 1065 iumentis
348 1007 399 1065 bic
422 1008 535 1065 tribulo
555 1008 599 1078 sit.

175 1106 195 1168 2
227 1109 326 1179 Quod
360 1109 504 1188 ungulis
532 1129 548 1170 e
582 1112 679 1189 spica
714 1117 930 1170 exteruntur
958 1107 1083 1188 grano]
1124 1111 1230 1182 Οιιοαιί

123 1215 290 1276 hueidcrus
323 1234 357 1275 ex
392 1218 561 1277 coniectura
596 1216 796 1296 Scboettgeni.
848 1234 975 1292 quorum
1009 1218 1128 1296 scripsi:
1161 1234 1227 1276 narn

125 1322 204 1400 gulis
228 1325 430 1384 iumentorum
454 1342 543 1402 grana
565 1333 749 1385 exteruntur.
787 1325 869 1399 quod
888 1323 1019 1384 defendit
1039 1321 1228 1384 Heidrichius

125 1433 254 1490 rronian.
275 1430 286 1488 l
306 1448 333 1509 p.
354 1429 393 1492 31
421 1440 449 1490 et
473 1433 538 1491 eius
563 1449 635 1492 usus
658 1429 791 1511 exempla
811 1430 969 1510 adscripsit
992 1429 1017 1489 ll
1037 1427 1124 1512 2,14
1148 1433 1230 1506 quod

121 1538 213 1611 ripert
237 1547 267 1598 et
290 1533 414 1617 1115,4
436 1541 518 1613 prod
536 1542 606 1615 plus
626 1542 720 1615 ponit.

174 1643 227 1705 lto
252 1646 356 1705 litut
384 1645 477 1724 quod
506 1645 731 1707 lenissimum
760 1653 814 1706 est
842 1648 878 1707 in
906 1663 945 1705 eo
974 1653 1079 1724 atque
1108 1643 1227 1725 appol-

121 1756 180 1811 tur
203 1772 288 1813 acus
311 1761 540 1813 eunuuuatur
569 1754 665 1813 iores
694 1763 793 1813 extro
822 1750 957 1828 aream]
986 1752 1147 1812 Evocatur
1175 1751 1227 1811 ne-

120 1855 210 1934 nldus,
234 1869 406 1920 eruerctur
430 1859 588 1921 iucundus.
626 1859 700 1922 Non.
719 1880 747 1940 p.
770 1857 823 1941 19,
840 1856 881 1920 16
906 1860 1087 1920 Erannotur
1115 1861 1227 1919 dictum

120 1968 134 2020 t
156 1970 316 2028 ventiletur
339 1971 387 2028 vel
408 1976 563 2029 moveatur
587 1986 606 2027 a
631 1986 741 2042 cronno,
768 1970 798 2026 in
823 1984 884 2042 quo
907 1969 1059 2041 lepomino
1083 1967 1226 2026 ventilon·

120 2086 140 2128 ⁹.
160 2104 204 2115 -
232 2074 330 2135 Varro
355 2077 393 2136 de
416 2094 452 2135 re
474 2078 592 2135 rustica
616 2082 649 2134 ut
672 2077 754 2149 quod
772 2077 950 2135 levissimum
969 2080 1014 2134 est
1032 2076 1063 2133 io
1083 2090 1117 2133 eo
1137 2079 1228 2147 atque

120 2183 256 2241 oetiotur
280 2200 355 2243 acus
378 2200 416 2241 uc
437 2186 529 2259 poten
553 2192 725 2243 occuratur
746 2181 834 2257 soros
859 2188 950 2242 extro
974 2197 1093 2254 areum,
1122 2177 1172 2238 ubi
1196 2181 1225 2238 in

120 2298 219 2348 lunate
239 2295 410 2350 euonnctur
429 2288 539 2349 hubent
553 2288 622 2349 libri
643 2307 730 2349 manu
751 2290 864 2370 scripti,
883 2295 1056 2348 coornatur
1075 2287 1225 2346 novissimi

125 2397 213 2455 tores
239 2395 444 2476 restituerunt,
469 2396 547 2475 quod
572 2397 715 2474 exemplis
739 2395 892 2475 Pomponii
917 2403 946 2454 et
965 2393 1071 2454 Lucilii
1095 2412 1109 2453 a
1131 2391 1225 2452 Nonio

120 2504 239 2582 criptis
262 2504 463 2564 conlirmatur.
501 2502 569 2562 inde
594 2505 700 2582 scripsi
725 2520 799 2563 acus
823 2519 861 2562 oc
881 2505 974 2578 poteo
998 2508 1178 2561 scandatur.

170 2609 300 2670 Purum
325 2611 455 2670 ueniat.
493 2608 538 2668 nd
565 2608 708 2670 corbem
736 2610 844 2668 messi
873 2607 967 2669 iacto
998 2606 1224 2687 spicilegium
1259 2583 1263 2596 .

120 2715 208 2776 nire
237 2715 396 2796 oportet]
421 2710 467 2800 sslta
497 2717 569 2776 haec
598 2718 628 2776 in
657 2715 741 2777 libris
771 2734 858 2776 manu
883 2717 1002 2795 scriptis
1031 2722 1060 2775 et
1088 2717 1117 2775 in
1152 2716 1225 2776 anti·

124 2826 232 2883 ssimis
260 2822 440 2885 editionibus
472 2825 582 2904 scriptu
616 2835 693 2884 sunt.
741 2825 771 2882 in
800 2821 972 2884 Florentino
1005 2822 1106 2882 codice
1138 2830 1168 2882 et
1195 2824 1224 2882 in

120 2933 216 3009 ncipe
241 2930 369 2991 editione
399 2933 486 2991 etiam
516 2929 620 2991 titulus
648 2938 715 2991 ante
741 2933 791 2990 Ad
812 2932 932 2990 corbem
961 2928 1078 2989 additus
1107 2938 1152 2990 est
1180 2929 1226 2990 de

120 3041 201 3098 mlo.
238 3056 357 3116 pravam
382 3036 542 3098 verborum
567 3037 788 3097 distinctionem
812 3035 963 3096 lucundus
988 3037 1125 3096 correxit.

170 3151 231 3204 LIV
251 3142 271 3205 2
304 3143 340 3204 ln
366 3145 544 3205 uindemio
569 3142 762 3222 diligentis
781 3161 848 3203 uuo
868 3160 936 3202 non
957 3141 1069 3201 solum
1090 3142 1224 3219 legitur

138 3246 336 3312 bibendum
361 3252 511 3331 eligitur
535 3250 574 3311 ad
603 3248 792 3327 edendum]
823 3250 858 3309 In
888 3251 1068 3308 vindemiam
1097 3251 1222 3323 dilipcn·

119 3370 131 3409 ³
165 3378 223 3420 uuo
247 3377 305 3419 non
329 3362 423 3420 solum
447 3361 561 3433 lepitrrr
584 3344 808 3417 adhibendum
836 3358 892 3416 sed
917 3358 1041 3430 elipitur
1069 3357 1112 3415 od
1133 3358 1219 3416 eden·

119 3477 148 3520 re
183 3466 260 3526 edita
292 3465 360 3525 inde
395 3483 409 3523 o
449 3465 582 3543 principe
615 3462 745 3522 editione
783 3460 968 3541 exemplaria.
1020 3460 1222 3541 supplementa

124 3572 217 3633 ebuit
242 3571 355 3632 Nonius
383 3591 410 3650 p.
430 3567 503 3650 444,
520 3567 577 3650 22,
605 3567 656 3629 ubi
683 3568 756 3629 hacc
777 3567 867 3647 paulo
896 3567 1043 3648 pleniora,
1071 3567 1121 3628 sed
1151 3571 1221 3629 item

119 3688 222 3759 rupta
247 3682 276 3740 in
301 3677 384 3738 libris
409 3697 495 3738 marm
521 3679 639 3757 scriptis
664 3675 811 3755 leguntur,
834 3677 952 3751 Lepere
975 3684 1003 3736 et
1027 3678 1139 3751 elicere
1162 3694 1220 3737 reon

119 3797 129 3828 ³
164 3806 199 3847 eo
223 3781 254 3867 (l.
275 3779 393 3867 eadem)
417 3788 639 3861 sipnistcotione
663 3786 797 3858 intellepr'
819 3788 882 3843 cult
911 3783 1009 3843 Varro
1033 3785 1070 3842 de
1093 3786 1227 3863 rustico-⁵

119 3904 164 3953 τε
181 3895 229 3954 lib.
250 3895 270 3952 I
290 3888 405 3969 ‘africo
425 3897 514 3969 priris
538 3893 625 3952 debet
653 3893 838 3951 descendere
865 3893 949 3949 uitoe
976 3891 1131 3948 uindemio
1155 3892 1217 3951 dili-

119 4004 179 4060 nr's
203 4020 265 4061 uuo
293 4019 353 4062 reon
379 4005 473 4061 solum
497 4002 609 4074 lepitur
635 4000 691 4058 sed
718 4001 807 4057 etiam
836 3998 959 4070 elipitur
988 3997 1031 4055 ud
1056 3997 1221 4056 uidendum

119 4111 206 4171 Vltor
236 4111 279 4169 od
305 4100 479 4180 edendum',
510 4112 543 4179 ut
569 4109 609 4165 sr't
636 4107 748 4180 lepitur
777 4106 943 4178 collipr'tur,
973 4109 1007 4162 ut
1024 4105 1221 4179 plerumque,

118 4218 204 4278 Vrtur
231 4218 336 4276 melior
362 4231 500 4289 peraeque
524 4214 561 4272 de
585 4214 733 4288 plurimis.
772 4228 807 4268 ex
836 4209 882 4269 his
910 4208 1057 4289 lacunam,
1087 4227 1162 4288 quae
1191 4212 1220 4271 in

119 4315 238 4401 :hetypo
264 4322 331 4402 luit,
361 4322 390 4380 in
415 4319 494 4378 hunc
518 4317 637 4377 modum
667 4315 815 4396 suppleri,
844 4320 874 4376 in
905 4318 1057 4376 uindemio
1084 4318 1223 4392 dr'lipenti

120 4443 221 4488 onon
245 4432 338 4489 solum
362 4429 474 4501 lepitur
497 4427 664 4485 sedetiam
688 4426 825 4499 elipitur,
850 4426 961 4499 lepitur
985 4424 1220 4499 adhibendum,

134 4537 210 4581 Vnus.
225 4549 278 4579 nto.
292 4547 359 4579 nvsr.
386 4537 418 4576 11.
991 4527 1007 4575 8
