2874 4994
382 341 511 396 RERVM
530 342 768 396 RVSTICARVM
787 343 855 397 LIB.
875 344 887 396 Ι
908 342 925 396 2
1182 334 1221 397 l'l

44 500 194 564 teatina
220 504 265 555 est
284 493 401 570 suadas
424 503 477 557 661
497 505 625 573 propter
648 501 728 557 caeli
749 501 901 571 reatorem
926 515 1002 572 aper
1025 501 1156 557 calidior
1178 502 1225 577 sit,

44 606 91 686 16,
139 600 170 662 1
195 605 223 662 si
244 605 346 663 vicina
369 607 454 678 reolo
483 612 526 664 est
550 603 725 679 infestant
751 623 809 678 666
833 623 929 678 aeque
954 604 1078 680 sraclrcs
1106 613 1223 665 nostros

45 715 246 789 exportare
269 713 426 785 expediat,
451 708 598 791 11114,2
622 714 676 784 aul
697 714 726 769 sl
746 714 898 771 naturalis
921 730 980 770 666
1004 720 1048 771 est
1069 746 1105 753 -
1128 730 1225 785 66666

46 821 202 880 babeas.
239 814 343 875 similis
367 815 552 894 neglegentia
576 819 697 877 mutatis
722 815 879 877 verborum
904 816 998 877 modis
1022 818 1102 876 6611
1126 817 1174 898 16,
1194 816 1223 878 3.

48 923 152 1003 111,
174 919 220 982 l'l.
242 919 272 1003 5,
287 919 316 982 5.
340 921 379 981 tlt
399 920 428 1003 9,
443 921 472 982 5.
500 920 549 1002 16,
564 920 592 983 6.
620 921 712 1001 17,4.
750 942 927 1002 quamquam
952 925 1094 1002 quaedam
1118 926 1224 986 161166

52 1045 190 1108 genere
208 1027 285 1088 band
306 1028 394 1088 dubie
409 1040 549 1109 corrupta
567 1040 645 1109 sunt,
664 1029 753 1109 14,4
771 1040 905 1105 6666166
923 1035 991 1105 siret,
1010 1052 1068 1107 666
1087 1040 1225 1109 spectant

56 1155 116 1214 pro
167 1143 310 1210 spectent,
341 1133 402 1216 15,
422 1135 443 1197 3
465 1145 536 1196 suut
559 1156 598 1196 ae
627 1139 757 1197 debean-t
785 1144 814 1197 61
838 1137 849 1197 l
869 1135 898 1216 5,
918 1135 938 1197 4
962 1157 1041 1212 arrae
1068 1147 1225 1199 66666166

59 1251 176 1316 atque
199 1246 229 1301 ia
250 1240 348 1316 suado
372 1245 500 1303 debeant
524 1262 588 1304 esse
612 1263 665 1321 666
690 1247 812 1314 debeat,
837 1242 959 1325 123,ss
987 1247 1042 1305 661
1067 1264 1226 1321 aucupare

62 1365 125 1424 666
160 1365 318 1425 aucupare,
343 1349 367 1408 11
387 1347 475 1428 2,]1)
495 1353 566 1410 666
585 1354 812 1425 adeoaaoscaat
831 1360 956 1411 matrem
977 1354 1225 1428 666161666616

10 1436 14 1443 ¹
62 1470 93 1510 se
118 1461 273 1516 saturant
291 1473 345 1533 pro
364 1464 512 1538 saturent,
532 1456 556 1516 ll
578 1455 686 1538 10,10
705 1476 784 1532 attae
802 1461 845 1517 66
862 1460 1227 1534 66111661666666116661

64 1558 232 1621 bominum
253 1580 292 1623 ae
307 1567 430 1638 peeoris
453 1567 565 1623 616166
583 1567 699 1624 666166
719 1567 830 1623 curari
844 1568 960 1640 possint
977 1584 1031 1643 pro
1048 1573 1180 1640 possent.

173 1668 215 1728 16
240 1679 274 1729 16
299 1671 390 1729 enim
415 1670 538 1730 rudem
563 1688 643 1730 esse
672 1674 747 1749 agri
771 1671 936 1730 culturae
961 1689 1052 1731 6666
1078 1671 1160 1730 olim
1185 1671 1225 1730 ad

65 1770 258 1835 stolonem
288 1776 401 1836 161666
431 1777 557 1838 616661
586 1778 705 1838 666616
730 1779 831 1855 66166
855 1776 991 1856 inquit]
1016 1778 1138 1838 Pravam
1163 1796 1225 1837 ver·

65 1871 185 1940 borum
209 1881 444 1961 distinctionem,
468 1902 543 1963 quae
571 1886 602 1943 in
631 1884 848 1962 antiquioribus
877 1884 1058 1944 editionibus
1082 1894 1161 1958 erat,
1185 1888 1228 1944 ad

64 1977 229 2049 Stolonem
245 1987 343 2063 [uisse
361 1992 475 2063 616661,
500 1989 620 2065 Scrofa.
667 1993 758 2050 erem
783 1991 1063 2066 inquietatibus
1088 1993 1228 2071 correxit,

62 2085 108 2141 (111
118 2089 282 2156 Stolonem
293 2095 391 2170 fuisse
405 2098 520 2156 dicuat.
553 2097 676 2177 Scrofa,
692 2099 792 2177 Prius,
807 2101 911 2173 166611.
945 2106 1061 2176 6616661
1080 2106 1177 2158 antem
1196 2100 1225 2157 16

64 2197 278 2270 appellatione
290 2201 410 2263 Scrofae
426 2221 532 2263 nomen
543 2206 640 2263 omitti
654 2214 820 2283 propterea,
831 2205 908 2282 quad
921 2204 990 2264 huie
1001 2206 1112 2284 primae
1128 2214 1226 2282 partes

62 2295 89 2352 in
116 2317 269 2369 seratone
288 2309 417 2370 tributae
437 2322 530 2389 66661,
550 2321 583 2370 61
601 2309 613 2368 l
630 2308 660 2391 5,
675 2308 695 2371 2
714 2319 901 2388 quapropter
919 2320 951 2370 16
963 2314 1064 2387 potius
1079 2316 1151 2386 apri
1163 2316 1225 2371 cal-

60 2407 168 2470 turae
188 2423 298 2492 partes
321 2417 406 2476 uobis
429 2434 547 2492 expone
569 2425 598 2475 et
627 2413 694 2498 9,t
725 2421 846 2476 tertium
875 2421 951 2477 illud
977 2420 1015 2477 de
1044 2421 1139 2478 modis
1168 2420 1226 2477 dic.

61 2523 258 2582 sententiam
280 2520 437 2582 verborum
457 2525 574 2602 6666611
589 2522 720 2600 Scaliger
734 2519 935 2603 ,ἀρχαισμός
953 2527 996 2584 ad
1014 2532 1042 2583 te
1061 2543 1115 2603 666
1135 2542 1226 2602 66666

60 2621 99 2691 ¹⁰2
132 2629 218 2704 apud
245 2638 288 2690 te:
312 2628 484 2708 metaphora
507 2648 522 2689 a
547 2629 741 2707 gladiatorum
767 2631 924 2709 magistris,
948 2648 1040 2710 66666
1065 2649 1139 2709 quos
1163 2641 1227 2690 erat

61 2724 170 2814 radis,
196 2754 255 2815 qua
279 2738 420 2795 emeritos
444 2734 620 2814 gladiatores
644 2731 820 2796 donabant.“

167 2839 212 2903 14
236 2825 331 2902 Viam
347 2842 470 2903 uebam
488 2842 672 2922 appellant
691 2852 839 2922 6666166
854 2853 1025 2904 66616666
1045 2853 1079 2903 61
1099 2844 1226 2904 uellam

58 2949 139 3002 ¹¹0ss
169 2948 295 3010 uillam
319 2968 386 3028 quo
410 2950 605 3010 uebuntet
628 2950 719 3010 6666
745 2949 898 3026 uehunt]
936 2951 1046 3010 Veliam
1075 2956 1227 3028 appellant

59 3033 80 3094 Β
106 3057 146 3109 et
166 3055 248 3115 edita
268 3065 336 3116 ante
355 3055 517 3115 Victoriam
537 3055 724 3136 exemplaria,
745 3074 841 3134 neque
861 3056 1024 3116 Politianus
1043 3059 1073 3116 16
1094 3061 1226 3136 66166166

54 3144 210 3223 ‘ditione
234 3163 368 3243 mutavit,
387 3165 486 3222 uebar
505 3166 658 3239 appellarat
677 3161 769 3221 codex
790 3161 944 3242 Caescuas,
968 3181 1055 3222 6666
1075 3167 1228 3238 appellant

53 3250 77 3306 Α
105 3268 217 3329 codex
234 3268 423 3329 Florentinus
442 3269 576 3329 61661116
597 3269 728 3328 Victorii.
767 3271 839 3328 viam
860 3287 875 3327 6
891 3268 1023 3328 vehendo
1039 3269 1146 3329 dictam
1162 3287 1227 3329 esse

48 3369 127 3424 '¹⁰¹¹
153 3375 259 3435 addita
278 3385 378 3436 vetere
398 3378 526 3435 nominis
542 3377 635 3435 166666
655 3378 696 3435 611
715 3374 807 3435 Varro
828 3376 863 3435 66
885 3373 1112 3453 linguatae
1132 3373 1227 3436 6165.

44 3457 189 3541 deinde
214 3485 296 3544 uude
318 3485 448 3543 erebant
469 3485 577 3561 scripsi
601 3501 635 3542 ex
661 3484 832 3543 6661661666
856 3481 965 3542 Ursini.

169 3588 375 3649 Velaturam
400 3588 540 3665 166666]
568 3590 752 3649 l’ellaturam
778 3589 855 3649 edita
873 3589 942 3649 1666
966 3607 982 3648 6
1006 3590 1141 3668 principe
1166 3587 1227 3648 edi-

36 3670 155 3747 “0‘10
186 3694 375 3776 exemplaria,
395 3695 473 3772 quod
493 3695 657 3755 Politianus
680 3714 738 3755 666
763 3699 903 3777 correxit,
923 3703 952 3754 et
976 3713 1012 3754 ex
1037 3693 1120 3754 libris
1140 3713 1226 3754 mauu

26 3787 203 3886 scripu,
226 3819 255 3861 m
280 3810 311 3862 61
333 3801 426 3861 codex
451 3800 609 3882 Caesenas3
642 3802 693 3862 sed
717 3807 887 3862 velaturam
911 3801 1023 3879 reliqua
1053 3801 1228 3881 apographa,

24 3884 136 3956 '¹⁸⁸¹
181 3907 274 3968 codex
303 3907 444 3968 Varronis
472 3907 508 3968 de
538 3908 605 3986 ling.
630 3908 677 3969 lat.
698 3907 721 3966 V
739 3906 799 3986 44,
835 3909 994 3968 Velabrum
1027 3927 1047 3966 6
1080 3911 1229 3968 oebeado:

21 3995 252 4076 t'elatarum
273 4013 384 4089 facere
407 4019 497 4076 etiam
527 4034 609 4075 6666
632 4018 778 4076 dicantar
801 4018 855 4089 661
877 4017 910 4075 id
938 4016 1077 4072 mercede
1097 4012 1228 4087 faciunt.

79 4108 85 4114 ⁵
173 4119 215 4183 15
248 4119 314 4181 Sed
339 4122 473 4181 adfinis
492 4130 526 4181 et
545 4114 582 4182 61
601 4121 725 4181 dextra
746 4120 835 4182 tibia
855 4120 921 4179 alia
942 4136 1043 4197 qnam
1063 4117 1227 4196 sinistra]

15 4189 188 4287 Amor
207 4229 257 4288 liet
277 4227 435 4288 verborum
456 4230 635 4309 coniunctio,
659 4229 684 4286 si
708 4227 804 4288 deleto
828 4235 857 4288 61
876 4224 1018 4287 scribitur
1040 4229 1096 4286 sea
1118 4229 1230 4299 callais

13 4309 64 4357 ’κ
94 4325 248 4394 ‘lextra
266 4336 350 4395 tibia.
380 4333 550 4395 6616661166
566 4343 662 4394 tamen
683 4332 826 4394 librorum
847 4336 994 4413 scriptura
1014 4330 1153 4392 liberiore
1173 4352 1228 4394 usu

16 4415 71 4475 ¹⁵³
79 4433 249 4502 Ι’ὶί66166
273 4443 359 4502 6116
384 4439 526 4501 translato
553 4458 689 4500 sermone
713 4442 800 4501 etiam
830 4459 889 4500 666
913 4439 1011 4500 666116
1035 4438 1079 4499 vel
1103 4442 1229 4518 repetito

112 4536 157 4579 V
164 4561 217 4592 aaa.
233 4561 284 4591 un.
300 4560 366 4590 aver.
393 4551 424 4590 11.
999 4546 1013 4592 2
