2874 4994
390 347 521 402 neuun
538 348 777 402 nvsnrcaovu
797 349 864 402 nlo.
884 349 923 401 ur
946 347 984 402 1o
1187 336 1253 402 293

110 502 244 581 aluum]
264 505 342 565 Ante
364 506 463 563 alnum
486 504 601 582 scripsi.
637 521 705 563 nam
724 502 864 584 propolis,
883 501 962 581 quod
982 509 1027 561 est
1045 519 1139 581 genus
1159 519 1254 581 cerae,

110 609 143 670 ab
169 629 208 671 eo
233 608 343 670 dicitur
365 608 509 689 appellata
532 628 608 692 esse,
627 609 705 689 qnod
730 628 765 670 ex
790 628 822 669 ea
847 628 879 669 re
904 627 974 688 apes
993 607 1028 668 ad
1052 608 1204 689 foramina,
1224 611 1254 668 in

110 735 186 796 purae
210 720 372 795 introeunt,
394 719 479 796 quasi
503 725 671 796 protectum
695 716 841 796 quoddam
866 726 933 777 ante
958 716 1053 777 alvum
1078 716 1199 777 iaciunt.

198 822 394 884 Erithacen
425 832 556 882 uocant
588 821 721 901 quibus
754 822 855 883 lauos
883 831 1063 883 extremos
1092 825 1187 883 iuter
1216 840 1254 882 se

110 930 364 1009 :onglutinant
387 928 478 1008 qnod
504 938 560 989 est
583 928 678 990 aliud
704 928 807 990 melle
831 927 986 1008 propoli]
1011 931 1109 990 Simul
1130 933 1253 1004 conplu-

111 1043 210 1099 inam
234 1036 324 1097 editio
348 1037 502 1115 princeps,
526 1034 577 1095 ubi
600 1033 762 1096 Politioous
786 1039 866 1096 inter
888 1054 921 1095 se
944 1034 1067 1117 addidit,
1091 1035 1142 1095 scd
1166 1040 1257 1098 simul

110 1162 166 1205 ron
193 1141 310 1204 delerit.
342 1145 428 1203 melle
447 1146 569 1219 propoli
589 1145 687 1202 omnia
711 1141 877 1221 apographo
896 1150 926 1201 et
950 1160 985 1201 ex
1010 1144 1074 1221 ipso
1094 1143 1253 1223 archetypo

110 1250 267 1332 lictorius,
289 1253 349 1310 mel
369 1268 387 1310 e
405 1253 529 1326 propoli
550 1251 579 1309 in
603 1251 737 1328 principe
761 1249 890 1308 editione
914 1248 1077 1309 Politiaous
1101 1268 1159 1309 non
1185 1268 1249 1309 cor-

110 1359 213 1419 ·exit.·
241 1374 300 1432 quo
320 1355 409 1432 soros
433 1356 510 1416 edita
533 1355 601 1416 inde
626 1354 662 1415 ab
685 1355 788 1415 Aldina
813 1354 942 1415 editione
970 1355 1157 1435 exemplaria.
1194 1375 1251 1431 qno

110 1465 195 1526 'avos
225 1471 375 1525 extremos
403 1467 483 1524 inter
509 1481 542 1524 se
569 1467 792 1538 conplrrlr'rront,
821 1465 903 1537 quod
928 1470 973 1523 est
1000 1465 1087 1523 aliud
1112 1467 1197 1523 melle
1224 1471 1253 1523 et

110 1575 230 1649 rropoli
251 1572 367 1650 scripsi.

197 1675 242 1739 24
273 1676 396 1756 Neque
419 1695 510 1756 qliae
539 1676 746 1736 asseruntur
770 1675 809 1735 ad
834 1685 1007 1754 quattuor
1031 1695 1088 1735 res
1118 1677 1251 1736 lacien-

110 1784 170 1846 las
199 1783 375 1864 propolim
405 1782 592 1844 erithacen
621 1783 738 1842 lanum
769 1781 836 1842 mel
864 1801 904 1841 ex
932 1782 1059 1843 iisdem
1088 1782 1253 1844 omnibns

110 1891 218 1953 rebus
250 1908 377 1970 capere
411 1887 549 1967 dicunt]
583 1890 718 1965 Carpere
749 1892 895 1950 dicuntur
926 1907 961 1948 ex
990 1887 1093 1950 Aldina
1124 1891 1253 1950 editione

110 2007 289 2078 receperunt
319 1997 457 2060 editores.
504 1998 678 2071 offeruntur
706 1992 749 2055 ‘lu
770 2016 795 2055 e.
823 2015 898 2075 quae
932 1998 1086 2057 inveniunt
1118 2015 1189 2076 apes
1222 2000 1252 2057 in

110 2107 222 2185 campis
246 2113 276 2165 ct
303 2104 398 2164 hortis
427 2102 470 2164 vel
500 2102 595 2183 silvis,
619 2104 648 2163 iu
674 2121 748 2181 qnae
772 2097 933 2182 incidunt',
957 2110 986 2161 et
1010 2101 1116 2163 deiude
1140 2123 1180 2164 ex
1202 2107 1251 2164 iis·

110 2217 176 2275 dem
201 2216 301 2274 omnin
324 2214 416 2273 rebus
435 2210 586 2271 Gesnerns
610 2211 745 2270 coniecit.
782 2209 840 2268 duo
864 2211 1038 2288 pronomina
1058 2209 1161 2270 eodem
1181 2229 1251 2271 casu

110 2321 266 2381 coniuncta
290 2337 330 2378 ea:
354 2320 457 2379 iisdem
482 2319 619 2378 omnibns
642 2319 734 2377 rebus
757 2323 900 2376 consueto
924 2318 953 2375 in
979 2318 1153 2394 pronomine
1174 2320 1251 2379 idem

110 2443 163 2487 usn
188 2426 381 2485 offensionem
410 2422 520 2484 habere
550 2441 608 2483 non
638 2422 794 2483 debebant.
840 2422 890 2481 sed
921 2422 1054 2482 villosam
1083 2440 1147 2483 esse
1176 2423 1252 2485 hanc

110 2532 266 2594 uerborum
286 2532 541 2610 compositionem,
560 2549 639 2606 puae
658 2524 833 2605 offeruntur
853 2547 985 2605 carpere
1003 2532 1158 2603 dicuntur,
1180 2530 1250 2590 Ges·

110 2658 199 2702 uerus
222 2637 374 2699 intellexit.
414 2639 512 2717 itaque
532 2639 638 2716 scripsi
662 2655 758 2711 oeque
776 2654 855 2711 quoe
878 2635 1024 2710 adserunt
1042 2639 1085 2696 nd
1107 2644 1251 2711 quattuor

110 2767 156 2808 res
176 2745 350 2822 faciendos,
366 2748 514 2822 propolim
535 2747 692 2804 erithacen
713 2743 818 2818 sonum
837 2746 902 2816 mel,
922 2761 962 2802 er
986 2745 1091 2803 lisdem
1114 2745 1252 2804 omnibns

110 2856 198 2916 retus
221 2871 352 2930 corpere
375 2854 489 2913 dicunt.
535 2869 569 2912 ea
598 2869 672 2930 qliae
701 2870 771 2930 apes
802 2850 835 2909 ad
866 2868 914 2909 ros
943 2849 1074 2909 diuersas
1104 2849 1251 2910 iaciendas

110 2960 247 3022 adierunt
269 2976 327 3019 uon
353 2958 456 3020 eodem
482 2957 567 3018 modo
592 2977 628 3018 ex
652 2955 789 3018 omnibus
813 2955 904 3016 rebus
924 2974 973 3016 eas
993 2973 1114 3034 carpere
1139 2955 1250 3015 dicunt.

110 3087 173 3128 nam
202 3085 334 3143 corpere
362 3084 464 3126 verum
494 3083 573 3144 esse,
602 3082 660 3124 non
689 3081 815 3142 capere,
844 3081 878 3121 ex
907 3064 944 3122 ils
971 3079 1046 3139 quae
1074 3069 1251 3142 seqmrntnr,

110 3177 206 3236 cibum
230 3182 362 3250 carpant
385 3180 414 3233 et
438 3191 478 3232 ex
501 3174 570 3231 olr'r's
590 3171 720 3244 floridos
744 3173 787 3229 ito
810 3186 949 3247 corpere,
973 3175 1102 3246 apparel.

197 3279 351 3359 Simplex
376 3278 468 3358 quod
495 3276 583 3337 malo
608 3266 737 3354 punico
767 3282 801 3334 ct
824 3290 998 3352 asparago
1026 3270 1143 3331 cibum
1172 3290 1248 3332 car·

110 3396 191 3470 pant
214 3383 340 3463 solum]
365 3388 500 3463 Simplex
523 3386 723 3446 ministerium
746 3384 829 3456 prend
850 3384 968 3441 emole
992 3376 1156 3458 lncuudus,
1179 3382 1248 3439 sim-

110 3500 176 3557 nlex
199 3478 420 3569 praeempto
445 3493 601 3553 Victorius.
647 3499 678 3551 et
700 3496 816 3568 poterat
839 3486 896 3546 hoc
920 3504 978 3546 non
1007 3485 1105 3545 addito
1131 3487 1248 3545 nominc

110 3602 140 3660 le
165 3603 202 3660 iis
226 3601 298 3679 ipsis
318 3615 392 3677 quae
417 3617 486 3677 apes
506 3597 540 3657 ad
561 3614 649 3676 opera
670 3594 801 3656 facienda
822 3593 961 3652 adserunt
979 3590 1047 3651 dici.
1082 3609 1149 3651 nam
1169 3591 1247 3651 alind

110 3704 228 3784 simplex
253 3721 319 3764 esse
343 3703 442 3763 dicunt
451 3751 459 3784 ,
482 3711 638 3782 propterea
664 3701 741 3781 quod
767 3699 800 3760 ad
831 3715 918 3758 unam
943 3715 1005 3756 rom
1029 3696 1100 3758 utile
1126 3706 1185 3777 ost3
1200 3716 1248 3757 ,ex

110 3813 169 3873 rliis
200 3810 291 3871 rebus
324 3809 431 3889 duplex
466 3808 510 3870 rel
541 3808 646 3888 triplex
679 3809 877 3867 ministerium
910 3802 1059 3884 praeberi,
1091 3814 1248 3884 propterea

110 3919 184 4002 puod
209 3936 284 3998 quae
309 3936 344 3977 ex
368 3919 404 3976 ils
428 3926 591 3994 carpuntur
615 3913 729 3974 duabus
753 3912 797 3974 vel
821 3911 917 3973 tribus
941 3909 1032 3970 rebus
1055 3909 1248 3970 conficiendis

110 4028 209 4088 donea
234 4033 312 4086 sunt.

193 4128 237 4193 25
269 4131 355 4192 Cera
380 4138 414 4190 at
437 4128 552 4190 cibum
577 4146 640 4189 nec
664 4145 731 4188 uon
755 4125 863 4186 aliter
887 4124 1018 4204 duplex
1043 4123 1135 4202 quod
1161 4122 1206 4183 lit
1231 4143 1247 4183 e

110 4239 194 4302 nalo
229 4247 263 4299 ct
295 4239 385 4317 piris
418 4233 654 4296 siluestribus
687 4234 823 4294 circum
857 4240 891 4292 et
925 4229 990 4290 mel
1024 4231 1106 4289 item
1141 4230 1248 4290 alitor

110 4345 233 4426 luplex
268 4342 359 4422 qnod
391 4361 406 4402 e
438 4358 614 4420 papauera
644 4357 725 4400 cera
756 4346 791 4398 et
821 4335 901 4413 mel]
929 4338 1007 4396 Oero
1035 4343 1064 4397 et
1091 4338 1190 4397 cllum
1218 4344 1249 4398 et

110 4450 213 4514 leinde
242 4452 360 4512 circum
390 4457 419 4512 et
450 4453 510 4511 mel
538 4448 633 4507 omnia
665 4444 845 4527 apographa,
876 4461 1000 4506 caeram
1030 4451 1060 4504 et
1089 4445 1188 4504 cibum
1218 4454 1248 4505 et
