2874 4994
274 331 404 385 RERVM
423 331 662 386 nvsulctnvu
681 332 748 387 LIB.
768 333 780 386 1
801 329 931 389 48-49
1118 323 1181 389 109

120 487 218 546 ntiora.
257 485 363 547 deinde
386 505 495 549 oerum
522 504 591 548 com
618 490 814 549 conticuisset
836 505 873 546 m.
911 490 943 547 in
971 490 1075 561 infimo
1092 491 1183 565 spico

120 592 208 653 tldina
236 592 365 654 editione
394 587 546 674 receptum
575 604 630 655 est.
667 612 726 673 quo
754 595 872 654 nomine
905 603 1004 655 autem
1032 593 1125 655 Varro
1153 593 1181 654 id

120 755 121 758 ,
147 703 177 760 in
205 702 302 761 intima
331 703 411 780 spica
441 703 538 761 minus
566 719 655 781 quam
679 718 803 780 granum
827 709 873 761 est
896 699 1013 780 dixerit,
1041 709 1182 780 corrupta

120 809 191 888 etypi
219 810 366 887 scriptura
394 827 473 869 urrn
499 801 582 891 (nam
610 826 678 869 cum
710 807 745 868 ad
770 809 924 887 sequentia
952 800 1096 891 pertinet)
1122 825 1181 867 non

120 923 165 977 tat.
209 933 393 996 erroneum,
429 933 463 975 ex
493 917 627 994 principe
657 914 787 975 editione
816 923 969 994 receptum
999 921 1075 996 erat,
1103 913 1181 993 quod

120 1024 125 1082 i
139 1040 155 1082 a
170 1040 276 1100 graeco
291 1021 432 1082 vocabulo
448 1013 597 1104 ὅρογκος,
616 1024 771 1082 cacumine
790 1024 907 1102 montis,
926 1019 1039 1081 dictum
1059 1019 1181 1082 Schnei-

120 1128 294 1190 sdeiendit.
335 1129 414 1189 idem
439 1139 536 1189 tamen
560 1146 692 1204 oropum
717 1128 761 1188 rel
785 1145 915 1190 atrocum
939 1129 1075 1207 coniecit,
1099 1136 1130 1188 ut
1151 1127 1180 1187 id

127 1254 234 1316 graeco
267 1235 408 1297 vocabulo
448 1227 592 1317 οὐραχός
629 1236 740 1297 dictum
773 1245 865 1316 esset,
903 1233 982 1314 quod
1015 1233 1051 1294 de
1082 1234 1180 1294 infima

121 1360 138 1403 e
162 1353 192 1404 et
215 1361 352 1423 suprema
377 1343 466 1404 culmi
489 1354 573 1423 parte
597 1342 709 1404 dictum
734 1360 799 1404 esse
828 1343 977 1403 adnotavit
1002 1340 1038 1401 ab
1062 1340 1181 1402 Aeliano

133 1453 220 1511 anim.
244 1449 281 1509 vt
304 1448 348 1513 43
376 1450 413 1511 de
436 1452 583 1532 formicis,
611 1446 647 1511 oi
672 1442 709 1511 di
732 1440 892 1529 ἡγεμόνες
920 1439 1104 1528 ἀνέρπουσι
1127 1441 1181 1508 καὶ

139 1552 368 1637 καλουμένους
391 1547 556 1639 οὐραχούς
582 1553 651 1618 τῶν
674 1554 849 1638 καρπίμων
879 1547 1113 1637 διαφαγόντες
1136 1559 1183 1641 τῷ

120 1662 199 1749 pipi
217 1657 307 1725 κάτω
327 1660 512 1744 ῥίπτουσιν.
549 1664 585 1724 de
604 1664 708 1725 eodem
728 1663 872 1724 vocabulo
893 1661 1058 1724 Lobeckins
1072 1662 1183 1742 proleg.

120 1771 149 1832 si.
173 1790 269 1852 graec.
293 1791 320 1852 p.
341 1768 406 1834 333
431 1774 545 1833 monuit
568 1770 603 1832 ab
628 1763 711 1853 οὐρά
736 1770 858 1832 ductum
886 1789 951 1832 esse
980 1770 1069 1832 etde
1093 1773 1183 1850 spicis

120 1877 303 1940 nucronibus
326 1878 493 1959 plantarum
517 1878 574 1939 dici
598 1878 675 1958 apud
700 1877 901 1939 Dioscoridem
925 1876 962 1938 de
981 1886 1083 1939 mater.
1104 1868 1179 1938 med.

122 1983 171 2066 i6,
195 1985 246 2046 urbi
270 1985 306 2046 de
325 1986 426 2066 thymo
450 1988 560 2065 scripta
580 1995 650 2046 siunt
669 1985 750 2067 haec,
774 1983 840 2066 ἔχει
860 1977 896 2045 δὲ
919 1976 1062 2065 κεφάλου
1081 1977 1180 2046 λεπτὰ

120 2112 150 2153 ου
182 2082 349 2173 οὐραχούς
381 2091 498 2172 ἔχοντα
530 2082 575 2165 ὡς
597 2090 717 2172 τρίχας.
763 2091 839 2170 apud
868 2090 1029 2152 Varronem
1059 2091 1181 2153 latinum

120 2217 158 2281 an,
180 2201 259 2260 sicut
282 2203 312 2259 in
335 2199 468 2278 reliquis,
499 2201 642 2278 scriptum
667 2198 758 2259 fnisse
782 2206 918 2280 apparet,
947 2217 1005 2259 non
1033 2217 1182 2279 graecum.

120 2324 161 2367 ico
175 2325 272 2386 nuper
289 2305 504 2367 commendavit
519 2305 723 2366 Rothsteinius
743 2305 892 2385 ephemer.
908 2305 1030 2366 litterar.
1046 2305 1181 2366 German.

122 2411 169 2474 iin.
188 2431 203 2472 a
235 2409 318 2474 1889
343 2431 371 2492 p.
393 2409 477 2474 1678
501 2411 537 2473 de
558 2430 645 2472 versu
665 2410 812 2472 luvenalis
831 2408 861 2492 6,
877 2409 941 2473 276
966 2419 997 2472 to
1021 2414 1078 2472 tibi
1099 2421 1196 2486 tone,-

120 2538 149 2596 ο,
164 2524 270 2596 places
285 2522 449 2594 fletumque
468 2520 585 2580 todellis
599 2519 753 2580 Exsorbes
773 2518 936 2598 disputans.
973 2518 1088 2579 diversa
1103 2528 1182 2602 sunt,

144 2627 180 2686 de
209 2628 328 2686 nomine
358 2645 450 2687 urtica
477 2626 660 2705 grammatici
688 2625 823 2706 tradunt,
847 2625 938 2689 schol.
962 2624 1090 2686 duvenal.
1114 2625 1132 2685 l.
1157 2644 1181 2687 c.

120 2751 134 2791 s
162 2742 206 2794 est
234 2736 374 2795 animulis
400 2733 487 2809 foedi
510 2737 632 2810 spinosi,
660 2741 694 2794 ut
721 2737 843 2795 ericius.
880 2752 982 2795 croco
1011 2740 1111 2795 cutem
1139 2741 1182 2793 est

120 2844 163 2900 rie
186 2843 262 2901 illud
284 2843 365 2916 quod
388 2844 418 2901 in
439 2840 516 2916 sobo
540 2845 692 2915 noscitur,
720 2848 754 2901 ut
780 2844 933 2916 peractio.
970 2839 1058 2920 gloss.
1077 2839 1181 2901 latino·

120 2965 134 3008 ι.
156 2967 179 3007 v.
200 2946 225 3006 ΙΙ
245 2966 272 3026 p.
291 2945 366 3029 211,
381 2944 423 3008 59
443 2966 543 3009 uruca
562 2943 687 3028 κάμπη,
710 2946 797 3026 gloss.
817 2946 988 3027 graeco-iat.
1007 2966 1034 3027 p.
1049 2944 1124 3028 338,
1142 2944 1182 3008 10

120 3070 148 3134 τη
174 3047 323 3134 λαχάνου
346 3073 442 3114 eruco
466 3073 575 3115 uruca.

127 3159 254 3221 XLIXl
289 3159 406 3222 Dicam
431 3163 550 3240 inquit
573 3161 613 3220 de
645 3159 830 3221 fructibus
859 3161 1009 3219 maturis
1037 3163 1179 3240 capien-

120 3271 260 3328 srimum
276 3268 317 3328 de
337 3270 454 3348 pratis
469 3265 689 3343 summissis]
706 3266 1062 3341 Dic,inquitAorius,de
1072 3267 1182 3342 fructi·

126 3378 256 3436 motoris
287 3378 453 3452 capiendis.
492 3383 521 3436 et
548 3378 611 3449 ille,
646 3375 781 3434 Primum
814 3377 852 3434 de
880 3375 982 3450 protis
1017 3378 1182 3434 summissis

120 3483 200 3562 adue,
225 3481 276 3543 ubi
294 3485 394 3543 dicam
419 3484 516 3556 inquit
539 3484 577 3542 dc
596 3480 752 3556 fructibus
775 3498 790 3539 a
814 3479 944 3540 Victorio
968 3498 984 3539 e
1009 3479 1111 3540 codice
1136 3498 1180 3539 rc-

120 3607 191 3672 um,
220 3588 270 3649 sed
300 3597 328 3650 et
356 3593 405 3650 illc
432 3607 468 3648 ex
493 3586 597 3647 Aldina
626 3586 755 3647 editione
784 3586 920 3649 relictum
945 3595 1017 3647 erat.
1059 3599 1182 3667 apparet

120 3715 139 3756 n
167 3697 240 3758 haec
268 3697 365 3756 omnia
394 3694 509 3754 Stoloni
538 3694 643 3775 tribui,
675 3696 726 3773 qui
758 3713 825 3756 cum
853 3694 943 3753 tertio
971 3693 1063 3772 gradu
1099 3695 1181 3755 imito

120 3812 237 3885 ctasset,
261 3802 358 3882 siquid
383 3802 459 3862 forte
482 3820 498 3862 a
523 3801 647 3881 reliquis
671 3800 905 3880 desideraretur,
934 3801 991 3860 iam
1016 3800 1052 3861 de
1076 3811 1181 3880 quarto

120 3914 218 3994 n,qui
243 3920 288 3971 est
311 3910 346 3971 de
372 3907 519 3969 fructibus
546 3910 670 3969 maturis
698 3907 851 3986 capiendis
879 3925 911 3966 sc
935 3906 1085 3968 dicturum
1115 3926 1181 3967 csse

121 4021 223 4080 untiat.
260 4016 367 4078 deinde
390 4015 610 4076 distinctionem
635 4014 804 4095 verborum,
828 4031 902 4093 quae
927 4012 996 4072 oiim
1020 4020 1093 4086 erat,
1116 4031 1180 4073 cor·

134 4129 266 4202 primum
290 4128 328 4185 de
347 4127 448 4200 protis
466 4127 630 4185 summissis
652 4124 757 4196 terto,
780 4138 849 4182 cum
877 4137 1018 4181 cresccre
1041 4122 1131 4180 desiit
1153 4128 1182 4180 et

120 4252 127 4292 ι
156 4236 282 4308 crescit,
309 4233 471 4292 subsecori
493 4231 628 4307 falcibus
656 4231 750 4290 debet.
788 4229 945 4288 summissa
972 4235 1070 4287 autem
1099 4235 1180 4307 prata

135 4359 210 4420 qnae
235 4357 293 4400 non
317 4339 519 4417 depascuntur
542 4355 664 4417 pecore,
688 4335 752 4417 sed,
778 4343 812 4396 ut
835 4336 953 4395 faenum
981 4341 1117 4416 paretur,
1145 4333 1180 4394 ad

120 4447 238 4508 :endum
258 4445 488 4507 submittuntur:
511 4442 650 4526 uaa8,1
671 4451 796 4521 protum
818 4475 856 4485 -
878 4460 916 4502 ne
931 4439 1058 4518 foenum
1078 4444 1181 4516 desiet,
