2874 4994
243 157 247 162 .
360 106 492 163 RERVM
509 107 750 164 uvsmcnuvu
768 109 836 166 um.
855 111 894 166 ΙΙΙ
914 109 932 166 2
1151 104 1219 170 225

59 264 205 323 moneam
226 258 273 321 vel
295 265 466 323 armoniam
489 262 671 344 apographa,
694 268 864 325 armeniam
887 265 1038 328 iucundus
1062 285 1097 327 ex
1122 266 1217 328 Plinio

58 363 177 429 XXXV
197 364 241 430 30
260 371 370 444 floridi
389 377 461 430 sunt
483 388 558 445 qnos
580 373 719 433 dominus
743 374 885 448 pinnenti
906 381 1061 450 praestat,
1084 377 1218 449 minium,

58 478 254 550 mennam,
283 477 462 537 cinnabaris
490 495 553 556 sqq.
582 478 660 539 idem
688 496 812 554 aarum,
841 480 919 560 qnod
948 499 984 541 ex
1012 480 1218 560 superioribus

57 583 236 662 repetitum
258 592 333 664 erat,
356 582 473 644 delevit.
741 668 742 671 Ἴ

159 687 254 750 Maec
277 707 344 769 quo
368 691 566 752 succedant
585 711 601 752 e
624 710 748 771 campo
768 694 869 754 ciues
888 702 923 754 et
942 693 1076 773 reliqui
1096 712 1217 755 omnes

57 794 133 857 illa
156 813 226 876 quo
250 814 362 876 equae
386 806 422 859 et
444 796 528 876 sini]
548 799 618 859 Sini
639 800 737 859 omnia
761 799 937 881 apographa,
955 803 1038 861 asini
1055 800 1217 862 Politianus

55 903 94 964 in
132 904 270 982 principe
303 903 433 964 editione
465 922 524 965 uon
557 907 697 965 correxit.
742 908 805 966 sini
840 907 870 965 in
907 905 1067 986 archetypo
1101 906 1218 968 videtur

10 1084 20 1093 ,
56 1010 217 1090 scriptum
241 1009 344 1091 luisse,
362 1009 470 1071 deinde
494 1019 665 1072 correctum
689 1014 777 1073 asini.
813 1013 948 1073 bomines
967 1024 1065 1073 autem
1085 1012 1217 1074 scriben-

57 1115 142 1178 dum
166 1134 243 1197 esse,
266 1135 327 1177 nou
350 1135 460 1199 omnes,
483 1135 519 1179 ex
542 1118 590 1178 his
613 1119 686 1198 ipsis
711 1136 786 1198 quae
810 1118 944 1180 subiecta
967 1127 1047 1200 sum,
1070 1138 1167 1195 equae
1189 1128 1218 1180 et
1336 1121 1340 1129 '

57 1225 162 1298 asini,
185 1221 317 1302 intellegi
341 1229 471 1304 poterat3
501 1231 532 1285 et
555 1226 688 1303 ineptum
713 1234 759 1285 est
781 1224 881 1286 dicere
905 1224 1036 1304 reliquus
1060 1243 1163 1285 omnes
1186 1226 1217 1285 in

55 1328 167 1392 vanm
189 1327 340 1409 publicam
363 1329 534 1392 succedere.

158 1434 225 1497 Ubi
256 1436 425 1498 cohortes
458 1437 499 1499 ad
529 1437 704 1499 dilectum
732 1438 875 1500 consuli
897 1437 1072 1499 adductae
1100 1440 1217 1498 consi-

61 1540 172 1622 dant]
198 1547 224 1603 A
244 1545 356 1606 dilectu
375 1546 502 1605 coniecit
526 1545 687 1624 Madvigius
711 1545 823 1606 advers.
843 1563 868 1606 r.
887 1544 914 1604 ll
933 1563 960 1624 p.
978 1534 1054 1624 180,
1079 1546 1217 1623 quoniam

59 1658 137 1711 ante
160 1648 302 1712 dilectum
325 1649 464 1712 cohortes
487 1669 547 1711 non
570 1660 685 1732 essent3
716 1653 789 1713 item
820 1649 946 1712 Veriass.
975 1670 1003 1712 u.
1030 1650 1164 1712 Verwalt.
1188 1650 1216 1711 d.

60 1762 143 1820 rbm
169 1756 334 1819 Staates'v.
357 1757 385 1818 ll
407 1777 435 1838 p.
453 1754 529 1819 472.
1084 1819 1087 1823 ,

157 1861 224 1924 Ubi
247 1881 420 1926 censores
438 1883 548 1926 censu
569 1865 763 1926 admittant
785 1862 968 1944 populum]
987 1849 1123 1940 Consum,
1144 1859 1216 1924 ‘hoc

63 1979 116 2033 usi
139 1980 174 2032 ut
196 1966 380 2053 censeatur'‚
398 1971 535 2032 Ursinus.
573 1990 667 2034 censu
682 1970 808 2032 ablativo
827 1989 907 2047 casu,
927 1979 960 2032 ut
983 1978 1064 2031 esset
1082 1966 1217 2049 ‘quando

62 2095 179 2140 census
201 2073 325 2159 agitur'‚
348 2077 514 2140 Gronovius
544 2078 581 2140 de
608 2097 714 2158 pecuu.
738 2086 795 2139 vet.
814 2076 851 2136 lV
871 2075 888 2138 1
918 2076 1058 2138 defendit.
1104 2079 1217 2139 rectius

62 2185 234 2266 Uesaeuus,
260 2180 372 2266 ‘possit
403 2187 492 2247 etiam
528 2186 622 2247 videri
653 2203 745 2247 censu
776 2184 892 2245 dativus
924 2186 1065 2264 antiquus
1093 2202 1147 2263 pro
1175 2186 1219 2245 nd

62 2287 222 2356 ecnsnm'.

158 2395 180 2461 5
208 2397 427 2477 Tuainquid
452 2399 598 2461 scilicet
625 2401 752 2460 auxius
775 2398 861 2460 haec
884 2401 918 2458 in
943 2416 1064 2477 campo
1088 2399 1216 2457 martio

62 2513 230 2568 extremo
245 2504 362 2583 utilis]
374 2507 472 2584 Anias
483 2506 603 2568 Merula.
617 2510 734 2569 scilicet
748 2508 847 2568 omisit
857 2504 1018 2584 iucundus,
1032 2504 1098 2564 Axii
1109 2521 1217 2565 nomen

61 2611 216 2675 Victorius
239 2610 356 2673 delevit.
391 2620 553 2693 utrumque
576 2632 611 2675 ex
632 2614 792 2695 archetypo
811 2615 939 2694 restitui,
960 2610 1013 2672 sed
1034 2612 1216 2689 transposito

60 2722 187 2782 scilicet
207 2718 414 2798 perturbatum
438 2718 598 2782 verborum
621 2720 756 2781 ordinem
780 2722 911 2800 correxi,
941 2727 995 2780 tna
1018 2721 1148 2799 scilicet,
1172 2720 1215 2777 in·

62 2828 134 2902 quit
161 2827 272 2899 Αωὶυε,
299 2827 377 2887 baec
405 2843 470 2905 sqq.
499 2827 660 2905 respondet
687 2829 767 2887 enim
801 2825 872 2885 baec
900 2825 992 2884 Axius
1025 2841 1093 2883 cum
1122 2823 1216 2882 ironia

61 2931 103 2992 ad
136 2932 365 3011 praecedentem
392 2931 480 3011 Appii
508 2948 690 3011 sermonem,
719 2948 778 3008 quo
806 2928 855 2989 ille
885 2928 979 2989 villam
1009 2926 1156 3006 publicam
1186 2929 1216 2987 in

62 3054 173 3117 campo
201 3037 306 3099 Martio
333 3037 514 3099 laudaverat.
559 3036 642 3099 utilis
668 3041 767 3096 autem
797 3034 907 3095 dicitur
934 3032 1015 3114 villa,
1044 3051 1119 3112 quae
1152 3035 1217 3094 sine

64 3145 254 3206 ornamentis
277 3142 313 3205 ad
338 3145 430 3206 solam
453 3143 612 3205 utilitatem
636 3143 711 3204 iacta
735 3150 789 3202 est.

159 3249 415 3332 Sumptuosior
448 3268 549 3330 quam
582 3252 697 3311 omnis
734 3251 889 3310 omnium
917 3249 1111 3310 uniuersae
1140 3265 1216 3307 rea·

63 3360 169 3420 tinae
193 3367 265 3419 tum
289 3359 381 3427 enim
406 3356 541 3418 oblitae
564 3355 700 3418 tabulis
728 3358 837 3436 pictis
866 3374 931 3416 nec
959 3357 1075 3415 minus
1103 3356 1217 3431 signis

62 3464 107 3526 ad
132 3482 205 3525 mea
229 3466 429 3544 uestigium
453 3463 513 3525 nbi
537 3467 586 3524 sit
610 3462 744 3524 nullum
774 3461 907 3542 lysippi
930 3469 989 3522 aut
1012 3469 1093 3520 ante
1117 3458 1217 3539 philu

64 3578 104 3633 et
136 3568 265 3632 crebra
299 3573 454 3632 sartoris
486 3579 520 3631 et
552 3567 723 3649 pastoris]
758 3570 808 3629 Aa
838 3561 912 3650 (nou
941 3559 989 3648 at)
1020 3584 1087 3627 mea
1120 3568 1216 3627 omnia

63 3676 246 3760 apographa.
292 3680 386 3740 oblita
410 3685 440 3737 et
463 3676 570 3737 deinde
598 3683 632 3736 at
659 3679 690 3736 in
713 3693 751 3736 ea
774 3677 933 3750 oestipinm
957 3673 1070 3733 ubisit
1093 3672 1219 3748 Lysippi

66 3793 126 3846 ant
143 3785 310 3863 Anteplryii
331 3793 361 3848 et
382 3787 496 3846 crebra
518 3786 630 3845 satoris
653 3790 683 3843 et
701 3785 836 3860 pastoris
859 3779 980 3841 Merula.
1015 3781 1217 3854 sumptuosior
1250 3784 1254 3793 ’

65 3907 160 3967 quam
184 3908 285 3954 omncs
308 3894 439 3955 omnium
461 3893 621 3970 reatinae,
644 3896 706 3949 tnm
735 3896 765 3950 et
791 3890 884 3950 oblito
913 3887 1025 3947 tabulis
1048 3892 1094 3946 est
1117 3887 1217 3960 pictas,

66 4015 127 4060 nec
157 4001 257 4060 minus
285 4001 381 4076 sionis
412 4005 533 4059 ornata.
579 4003 613 4057 at
639 4014 736 4057 meam
769 3997 925 4070 oestipiam
953 3995 1008 4053 nbi
1032 3995 1073 4053 sit
1104 3995 1217 4054 nullum

67 4107 201 4186 Lysippi
222 4113 278 4167 ant
300 4108 459 4184 Antipbyli
484 4105 612 4177 uidebis,
639 4104 696 4164 sed
722 4102 864 4163 crebrum
890 4102 1003 4161 satoris
1030 4107 1060 4160 et
1083 4101 1218 4176 postoris

66 4211 233 4293 iucundus,
256 4210 309 4273 ubi
332 4210 481 4274 Victorius
505 4219 538 4272 at
560 4227 627 4272 mea
651 4217 683 4270 ei
711 4207 818 4269 deinde
842 4208 1000 4283 Antipbpli
1023 4207 1080 4266 sed
1105 4207 1218 4266 crebra

122 4323 205 4365 Vana.
217 4331 272 4366 m.
285 4333 354 4365 avan.
380 4321 412 4364 Π.
971 4309 1004 4357 16
