2874 4994
411 326 542 382 RERVM
560 323 802 383 RVSTICARVM
820 327 888 383 LIB.
907 328 946 382 lII
967 325 1007 383 16
1222 320 1286 385 283

136 489 222 543 sunt
269 481 383 562 reliqua
402 483 444 543 sic
464 480 620 544 scribenda
639 489 719 565 sunt,
733 483 865 558 Merula,
889 489 922 543 ot
940 490 1044 544 cetero
1064 483 1150 563 fecit,
1169 485 1288 545 ltietori·

139 606 196 651 cos
219 607 299 665 quoe
322 593 409 665 seori
430 593 621 665 metittorooe
643 594 760 652 soleant
782 591 1007 652 demonstrabit.

230 711 254 775 4
286 713 477 794 Pepianem
501 717 593 777 mina
617 713 739 795 tegna]
765 709 984 796 Πεποτημένα
1006 707 1106 777 τέκνα
1128 714 1287 777 Turnebus

141 820 259 882 advers.
279 819 308 902 8,
327 818 361 905 8,
389 823 468 902 quod
493 822 643 884 Gesnerus
666 832 697 883 et
721 821 923 885 Schneiderus
950 831 1137 903 receperunt.
1184 841 1286 884 verum

138 927 220 988 haud
244 927 334 990 dubie
358 938 404 990 est
422 931 501 1009 quod
522 928 653 1010 Scaliger
675 929 797 992 dederat
818 924 1051 1011 πεπλανημένα
1073 924 1181 991 τέκνα.
1220 937 1288 1007 post

140 1033 269 1097 alterum
288 1034 423 1098 Archelai
443 1055 561 1098 versum
581 1035 732 1099 iucundus
753 1037 905 1099 addiderat
923 1056 1042 1099 versum
1057 1036 1197 1098 Nicandri
1212 1034 1286 1096 ther.

141 1139 206 1203 741
232 1137 327 1204 innoc
350 1136 413 1224 plo
435 1141 573 1224 σφηκῶν
602 1139 746 1224 γένεσις,
774 1138 893 1225 μόσχοι
922 1137 958 1206 δὲ
986 1144 1169 1225 μελισσῶν,
1198 1160 1286 1222 quem

141 1267 263 1310 versum
279 1252 397 1330 saepius
412 1252 578 1312 citaverunt
592 1253 783 1333 grammatici,
798 1270 873 1330 quos
888 1250 921 1313 Ο.
937 1250 1139 1312 Schneiderus
1149 1249 1288 1310 Nicandr.

141 1374 169 1435 p.
188 1352 252 1417 146
280 1355 428 1418 indicavit.
465 1356 545 1418 hunc
569 1356 718 1419 Victorius
742 1359 875 1419 removit.
913 1357 1020 1419 deindo
1043 1375 1207 1439 pronomen
1232 1375 1287 1417 eae

141 1461 259 1525 inclusi.

232 1587 334 1658 Qtrod
362 1590 392 1648 si
419 1591 455 1650 in
478 1589 544 1651 hoc
569 1592 707 1651 iaciunt
735 1593 844 1651 etiam
872 1589 1013 1670 graguli
1043 1598 1077 1650 at
1104 1607 1171 1649 non
1196 1588 1288 1648 idem

143 1694 239 1775 quod
263 1694 320 1756 hic
344 1697 502 1757 societas
525 1700 646 1777 operis
669 1706 704 1758 et
727 1697 981 1758 aedificiorum
1006 1695 1099 1776 quod
1122 1696 1199 1756 illic
1220 1714 1287 1756 non

142 1799 216 1880 est]
241 1803 357 1876 Quodsi
374 1804 432 1864 ltoc
448 1802 572 1879 faciunt
590 1804 668 1865 edita
688 1804 757 1865 inde
777 1804 812 1864 ab
828 1804 930 1866 Aldina
952 1802 1081 1865 editione
1101 1802 1287 1882 exemplaria.

144 1909 263 1969 restitui
287 1911 549 1988 praepositionem,
580 1929 667 1990 quam
697 1910 766 1972 olim
791 1911 983 1991 incluseram,
1011 1913 1094 1986 qood
1119 1914 1148 1971 si
1174 1913 1204 1970 in
1231 1911 1289 1970 ltoc

140 2015 272 2092 faciunt.
319 2018 345 2077 si
367 2016 397 2077 id
421 2019 451 2078 in
475 2017 530 2078 hac
554 2036 586 2078 re
609 2019 698 2079 etiam
722 2019 837 2098 gregali
861 2018 985 2100 iaciunt,
1010 2027 1043 2079 ut
1065 2017 1201 2079 homines
1224 2017 1287 2075 imi·

145 2129 256 2198 lentur,
280 2140 347 2184 cum
371 2141 430 2183 non
456 2126 515 2186 sint
539 2125 668 2186 solitaria
694 2134 812 2207 natura,
835 2134 865 2187 at
890 2144 949 2186 non
973 2124 1050 2186 idem
1076 2126 1195 2203 iaciunt,
1219 2141 1286 2202 pro·

142 2238 246 2309 pterea
270 2230 347 2310 quod
372 2229 429 2306 liic,
453 2232 482 2292 id
507 2241 552 2293 est
571 2233 648 2312 apud
668 2252 747 2314 apes,
771 2235 898 2294 societas
917 2233 1016 2311 operis
1036 2240 1066 2294 et
1085 2231 1287 2292 aedificiorum

142 2348 198 2420 est,
221 2337 252 2398 id
276 2337 353 2417 quod
378 2336 438 2398 illic
462 2339 538 2418 apud
563 2341 701 2418 gragulus
725 2359 783 2400 non
808 2349 861 2401 est.

233 2466 254 2532 5
285 2471 367 2531 Tria
391 2474 482 2532 enim
506 2472 630 2533 harum
658 2472 761 2535 cibus
789 2473 912 2535 domus
936 2491 1026 2554 opus
1055 2490 1169 2552 neque
1193 2471 1287 2531 idem

142 2577 235 2656 quod
260 2577 362 2639 cibus
386 2598 467 2640 cera
490 2599 556 2642 nec
581 2581 673 2659 quod
698 2599 735 2640 ea
760 2579 826 2641 mel
850 2599 914 2640 nec
939 2579 1031 2660 quod
1056 2576 1199 2655 domus]
1226 2579 1287 2639 Nec

142 2688 227 2761 quod
249 2703 286 2745 eo
309 2690 368 2747 mel
389 2703 446 2747 nec
470 2690 552 2761 ortod
574 2691 632 2748 mel
654 2691 757 2748 domus
781 2687 858 2747 edita
881 2687 949 2747 inde
974 2685 1009 2747 ab
1031 2686 1134 2746 Aldina
1158 2684 1286 2745 editione

142 2790 331 2870 exemplaria.
377 2812 434 2854 neo
462 2797 600 2868 quodid
627 2797 731 2855 domos
755 2793 890 2855 Ursinus.
937 2795 991 2854 tria
1020 2812 1095 2872 quiae
1123 2794 1153 2852 in
1183 2790 1287 2871 apibus

142 2896 311 2979 laudantur,
335 2896 433 2974 cibus,
461 2899 581 2983 domus,
610 2920 699 2982 opus,
728 2900 763 2962 ad
795 2903 850 2962 tria
878 2901 925 2961 illa
954 2919 1029 2980 quae
1058 2897 1286 2960 abdominibus

142 3005 273 3087 discunt,
302 3024 377 3085 opus
400 3006 511 3088 iacere,
535 3007 703 3088 aedificare,
728 3006 837 3068 cibaria
866 3007 1007 3087 condere,
1039 3008 1197 3084 pertinent.
1235 3024 1286 3064 eae

141 3130 194 3172 res
217 3119 316 3173 autem
340 3130 399 3173 non
424 3113 542 3174 eaedem
567 3123 645 3194 snut,
672 3114 724 3173 sed
750 3121 852 3173 uatrrra
877 3132 929 3173 stra
949 3113 1095 3173 diversae:
1119 3129 1186 3171 nam
1207 3110 1285 3171 aliud

141 3227 191 3278 est
214 3218 312 3279 cibum
337 3238 451 3301 parare,
475 3219 553 3280 alind
574 3238 657 3299 opus,
682 3218 738 3278 hoc
757 3227 803 3278 est
823 3219 879 3279 mel
899 3226 1055 3300 eicerem,
1080 3218 1185 3297 iacere,
1207 3216 1285 3277 aliud

140 3324 264 3385 domum
293 3326 456 3386 aedificare.
503 3327 538 3386 ad
568 3326 642 3385 ltarrc
675 3327 852 3385 sententiam
880 3329 909 3386 in
938 3325 1018 3385 hunc
1049 3323 1168 3385 modum
1198 3323 1286 3384 verba

142 3432 334 3510 conformavi,
353 3452 450 3508 neque
469 3436 547 3493 idem
566 3436 648 3508 qnod
665 3451 739 3493 cero
759 3434 852 3507 cibos,
872 3452 928 3495 neo
946 3435 1029 3508 qood
1045 3436 1110 3506 mel,
1132 3451 1187 3493 nec
1206 3433 1289 3506 quod

141 3542 257 3599 domus.
302 3538 439 3599 similiter
463 3538 482 3615 ξ
502 3536 545 3600 24
574 3537 673 3599 cibum
706 3547 736 3599 et
767 3557 864 3599 ceram
897 3545 927 3600 et
960 3537 1017 3599 mel
1046 3537 1082 3598 ab
1112 3535 1217 3616 apibus
1250 3556 1285 3596 cx

140 3644 269 3706 diversis
293 3644 383 3706 rebus
407 3647 469 3724 peti
494 3646 660 3725 exponitur.

234 3775 254 3840 6
287 3778 386 3849 Quod
416 3785 590 3839 secuntur
618 3781 733 3839 omnia
758 3776 866 3858 pura]
896 3776 994 3838 Deleri
1023 3781 1111 3853 quod.
1159 3795 1226 3837 nam
1249 3775 1285 3837 ab

142 3884 309 3948 editoribus
329 3886 401 3946 hacc
421 3888 520 3965 inopte
540 3904 606 3947 cum
627 3885 840 3966 superioribus,
859 3887 1008 3960 quoditie
1027 3892 1071 3945 est
1089 3891 1119 3945 et
1137 3903 1195 3944 rec
1212 3902 1285 3965 sqq.,

145 3995 304 4054 coniuncta
329 4002 421 4054 erant.

232 4117 306 4178 Nou
327 4126 363 4180 ut
386 4136 527 4179 muscae
551 4118 776 4197 lingurriunt
798 4117 890 4198 quod
914 4135 1013 4178 nemo
1037 4112 1106 4178 had
1128 4115 1228 4176 uidet
1247 4123 1285 4176 ut

141 4224 226 4286 illas
257 4227 292 4285 in
325 4223 449 4303 carne]
484 4223 538 4287 Hic
572 4243 689 4305 quoque
719 4243 806 4305 prave
840 4226 936 4303 posita
964 4225 1174 4285 coniunctione
1206 4225 1288 4297 quod

143 4351 243 4393 veram
268 4332 426 4394 verborum
454 4335 630 4394 sententiam
655 4334 784 4411 peruerti
812 4340 941 4411 apparet.
985 4333 1087 4410 itaque
1114 4347 1174 4407 qno
1201 4347 1285 4391 nemo

143 4439 199 4501 lter
227 4443 309 4502 oldet
336 4441 451 4519 scripsi.
498 4456 568 4519 apes
595 4457 664 4501 eum
693 4441 745 4519 qui
769 4447 876 4501 unctus
904 4436 1019 4499 accedit
1045 4448 1196 4521 pungunt,
1226 4455 1285 4497 non
