2874 4994
256 331 321 396 206
599 313 1056 396 oonnnnnmvannoms

142 510 148 520 ·
257 513 345 557 eausa
376 495 479 573 pecori
512 493 635 575 dantur,
662 491 787 574 131,4
819 510 906 555 omne
932 494 1094 574 pabulum,
1117 494 1249 570 prim
1273 493 1365 553 σοιἀα

254 600 449 678 sorrnqinem
472 603 591 675 viciam,
614 603 773 661 nom'ssime
791 598 919 676 suenum
941 601 1053 661 secari.

349 705 390 769 15
421 707 468 768 Ne
502 705 742 769 unlnerentur
770 724 785 766 a
813 704 942 767 bestiis
974 707 1211 786 imponuntur
1237 703 1291 765 itis
1314 703 1367 765 esi·

258 815 348 875 loria
381 833 468 894 qnae
502 822 679 875 uocantur
711 811 855 874 melium
887 812 920 899 id
953 821 1010 874 est
1045 810 1231 893 singniun
1264 813 1369 872 ιίιιιιι

258 920 388 982 ooiium
413 941 452 982 ex
477 923 577 980 corio
601 919 707 980 iirrno
731 937 809 980 enm
828 917 985 980 olaunlis
1008 920 1284 999 ospitatisqnae
1300 917 1371 978 intra

259 1031 374 1108 eapita
399 1030 559 1089 insuitur
582 1025 693 1106 pellis
717 1025 849 1104 mollis]
875 1027 1077 1104 imponuntur
1097 1027 1149 1088 dis
1168 1028 1374 1102 comm

258 1144 408 1198 uocantur
440 1139 559 1197 metium
590 1133 712 1194 Merula.
758 1136 888 1195 mettium
917 1150 959 1215 m,
990 1135 1111 1194 melium
1144 1131 1252 1212 ration
1274 1128 1377 1208 eodm

258 1246 377 1304 metium
399 1241 564 1321 Iucundos,
593 1244 733 1302 maelium
757 1240 914 1302 Victorius.
961 1238 1060 1302 mitius
1087 1237 1194 1300 eidem
1221 1254 1271 1300 res
1291 1235 1376 1301 didi!

260 1349 341 1410 Paul.
366 1368 429 1410 exe.
452 1348 530 1409 Fest.
562 1366 590 1427 p.
612 1346 684 1429 151,
703 1344 738 1428 4,
772 1347 875 1408 Mitius
907 1350 1023 1408 enitare
1053 1362 1168 1408 eanum
1198 1347 1378 1406 omnim

255 1454 375 1532 suetum
395 1475 435 1516 ece
454 1458 539 1517 corio
559 1459 774 1530 confixumque
792 1447 888 1515 eineis
907 1452 1024 1530 [erreis
1041 1453 1244 1514 emineiuidus
1260 1453 1379 1513 udnersu

257 1567 397 1640 impetum
420 1567 574 1641 luporum:
598 1563 701 1639 Scipio
720 1565 907 1623 Aemilianus
925 1563 969 1622 ud
986 1565 1133 1638 populum
1151 1553 1275 1640 ‘oobn',
1296 1561 1379 1635 inerit,

259 1665 383 1746 ‘reique
410 1671 555 1747 ponticae
584 1671 743 1747 praesidio
775 1671 836 1729 erit
867 1671 893 1728 is
929 1671 1020 1743 quasi
1049 1670 1150 1728 militas
1186 1660 1284 1729 eeni’.
1323 1663 1382 1726 unde

258 1780 371 1838 miiinm
394 1775 532 1855 probavit
555 1774 766 1837 Schneiderns.
811 1774 919 1836 deinde
942 1776 1054 1850 quidus
1077 1777 1161 1835 intra
1184 1776 1315 1835 insuitur
1332 1790 1384 1833 eon

260 1885 332 1944 ieeit
360 1882 500 1965 Ursinus,
530 1886 583 1943 eui
612 1881 697 1959 infru
730 1885 834 1960 cupita
862 1885 996 1943 insuitur
1024 1879 1241 1943 Schneiderus.
1284 1877 1384 1940 canibm

261 1993 455 2069 imponuntur
479 1988 598 2050 collaria
622 2008 658 2050 ex
682 1991 764 2050 corio
788 1988 874 2048 firmo
898 1989 973 2049 iacta
996 1997 1028 2048 et
1049 1986 1172 2049 clavatis
1197 1987 1304 2048 ferreis
1325 1986 1384 2064 erpi

260 2098 337 2176 tatis,
357 2099 408 2176 qui
432 2099 462 2157 in
486 2098 634 2157 exteriore
658 2107 742 2175 parte
766 2105 915 2174 tamquam
935 2093 1049 2157 stimuli
1067 2096 1213 2175 eminent,
1230 2093 1385 2154 oondrmata
1409 2089 1416 2110 ¹

258 2206 336 2266 intra
360 2205 455 2284 capita
484 2212 583 2265 sutem
607 2203 803 2283 eiavuiornm,
826 2221 902 2282 quae
926 2205 956 2263 in
985 2203 1129 2264 interiore
1152 2209 1239 2280 parte
1261 2202 1324 2261 eins
1342 2200 1386 2259 eir

262 2311 324 2391 goii
347 2321 430 2391 sunt,
455 2328 491 2371 ne
515 2309 627 2372 collum
652 2313 733 2372 carris
762 2311 843 2370 ierro
870 2308 1017 2389 laedatur,
1040 2306 1126 2389 peliis
1150 2305 1249 2368 mollis
1274 2307 1388 2382 minim,

260 2418 367 2478 similia
387 2417 423 2478 de
443 2436 476 2478 ea
496 2437 530 2478 re
550 2427 708 2497 praecepta
728 2419 846 2478 suntin
866 2412 1203 2496 geoponicisX1X1,2
1222 2407 1387 2494 φνλαιιιέοι

261 2518 299 2585 dd
320 2516 398 2598 τοὺς
425 2528 495 2586 τῶν
522 2519 693 2607 ποιμένων
723 2516 875 2604 φύλακας
904 2515 1023 2602 κύνας,
1055 2512 1151 2602 ὠμὴν
1181 2513 1315 2602 βύρσαν
1338 2523 1389 2590 soit

261 2625 437 2712 τραχήλοις
465 2623 576 2692 αὐτῶν
599 2627 799 2714 περιθέντας
826 2623 966 2692 καὶτὸν
989 2621 1112 2710 λαιμὸν
1135 2622 1192 2690 καὶ
1215 2624 1325 2689 πᾶσαν
1343 2616 1389 2706 n'n

262 2730 420 2816 φάρυγγα
449 2729 735 2820 ἄσφαλιζομένονς
761 2733 881 2817 κέντρα
908 2756 943 2798 σε
971 2732 1093 2818 σιδηρᾶ
1121 2726 1179 2796 ἀπ’
1206 2726 1310 2815 αὐτῆς
1328 2722 1389 2795 α’νι·

263 2834 454 2922 στήσαντας.
499 2836 629 2905 τούτων
657 2837 722 2924 γάρ
755 2865 788 2906 τι
818 2840 886 2906 τῶν
919 2847 1031 2924 μερῶν
1064 2839 1096 2905 εί
1121 2840 1251 2923 θηρίον
1279 2833 1391 2918 ἄροιτο,

261 2938 436 3031 ἀναιρήσει
460 2940 519 3012 τὸν
541 2943 637 3013 κύνα.
683 2944 743 3013 ἐὰν
772 2945 812 3013 δέ
835 2971 868 3012 τι
891 2945 1007 3032 ἕτερον
1029 2944 1130 3031 μέρος
1153 2941 1260 3032 δάκῃ,
1281 2945 1392 3030 τραῦμα

234 3071 235 3074 ’
261 3049 393 3134 ποιήσει
416 3047 534 3135 μόνον.

352 3160 394 3225 16
428 3162 473 3223 Ue
501 3181 569 3242 quo
601 3181 749 3223 numero
779 3162 872 3223 alins
899 3161 1008 3223 alium
1040 3161 1182 3223 modum
1217 3161 1393 3224 constitnit

263 3269 353 3349 quod
378 3273 408 3330 si
431 3279 517 3331 sunt
535 3272 705 3349 regiones
726 3269 784 3330 ubi
803 3271 943 3330 nestiae
964 3270 1037 3330 sint
1054 3266 1205 3347 multae]
1225 3269 1285 3332 Uti
1300 3270 1395 3330 σασα
1427 3270 1429 3295 ¹

261 3385 332 3437 sunt
355 3395 392 3436 m.
438 3394 564 3437 numero
587 3375 747 3437 delendum
771 3395 837 3436 esse
860 3375 930 3436 olim
954 3376 1077 3456 conieci,
1102 3382 1137 3435 ut
1159 3377 1201 3437 de
1222 3384 1394 3453 ponamin

262 3502 371 3562 genere
405 3481 518 3544 dietum
551 3493 639 3544 esset.
684 3482 791 3544 deinde
816 3468 922 3562 rerba,
950 3500 1025 3561 quae
1058 3479 1095 3542 ab
1123 3481 1295 3545 editoribus
1324 3498 1395 3563 prara

263 3588 453 3650 distinctione
486 3598 620 3669 separata
652 3600 750 3670 erant,
778 3592 808 3651 in
841 3589 921 3651 hune
953 3587 1074 3650 modum
1102 3590 1263 3670 coniunxi,
1288 3593 1327 3653 de
1350 3604 1397 3666 σιν

264 3713 390 3756 numero
418 3699 497 3756 nlius
525 3701 618 3758 utinm
645 3700 765 3758 modum
793 3698 961 3778 constituit,
987 3697 1082 3771 quod,
1110 3698 1141 3756 si
1169 3704 1245 3758 sunt
1276 3701 1398 3774 renim

263 3803 318 3862 ubi
339 3804 454 3863 bestiae
476 3807 536 3864 sint
558 3808 679 3878 multae,
703 3807 813 3865 debent
834 3821 899 3865 esse
916 3806 1032 3881 plures.

352 3908 403 3971 lta
437 3912 530 3971 enim
562 3922 646 3972 sunt
679 3909 908 3972 adsidniores
941 3909 1034 3990 qnod
1067 3927 1146 3971 oum
1175 3909 1295 3972 attero
1322 3894 1399 3973 idem

263 4015 308 4077 iit
344 4020 463 4077 acrior
500 4027 535 4078 et
571 4020 602 4078 si
633 4018 725 4079 aiter
758 4017 875 4080 uidem
908 4017 996 4078 iiter
1027 4034 1136 4096 aeger
1168 4027 1230 4081 est
1263 4039 1304 4081 ne
1334 4021 1400 4080 sine

263 4142 351 4184 eane
374 4141 459 4201 grex
483 4123 543 4202 sit]
568 4125 609 4185 Et
629 4128 658 4186 si
680 4129 759 4186 ulter
782 4128 990 4186 indesinenter
1013 4141 1109 4200 nemer
1131 4131 1180 4186 est
1203 4127 1285 4189 edin
1306 4125 1403 4188 india

265 4230 399 4307 principe
423 4227 551 4289 editione
576 4232 762 4311 exemplaria.
808 4230 959 4310 archetypi
987 4230 1170 4309 scripturam
1195 4231 1345 4295 Vietorins
1369 4233 1405 4292 in·

266 4334 375 4393 dicavit
397 4343 428 4393 et
451 4333 486 4394 de
511 4338 716 4399 emendatione
744 4339 893 4398 adnotavit
920 4336 1006 4418 haee,
1028 4330 1080 4397 ‘nt
1101 4337 1178 4417 qnid
1210 4339 1250 4401 de
1276 4339 1332 4402 hoe
1352 4339 1408 4401 loon

267 4441 392 4501 sentiam
419 4441 512 4501 libere
541 4443 657 4525 loquar,
685 4447 821 4524 suspicor
848 4452 899 4505 aut
928 4445 1092 4506 identidem
1123 4463 1181 4525 pro
1213 4450 1412 4511 indamus
