2874 4994
362 291 411 346 libi
428 291 519 347 AGRI
538 291 710 347 CVLTVRA
729 292 870 346 LIBRVM
889 291 917 346 0.
933 291 1064 348 43-44
1245 285 1286 350 81

136 448 226 522 qaod
248 450 337 507 canes
361 450 508 509 constanti
532 464 589 508 usu
613 450 757 527 scriptum
781 458 827 509 est
846 445 875 528 3,
890 447 920 529 2,
945 448 995 509 ubi
1014 456 1086 524 quot
1105 451 1133 509 in
1154 451 1288 528 principe

136 553 273 614 editione
297 553 460 615 Politianus
484 574 541 633 666
567 557 709 635 correxit,
732 553 784 616 41.
810 553 859 617 13.
886 552 958 636 143,
974 553 1008 634 3,
1036 574 1095 616 666
1118 560 1289 631 quotannis,

138 662 214 720 item
240 658 327 743 14,4
350 665 433 737 qaod
454 671 552 742 eruat,
576 660 664 743 40,3
688 666 770 738 qaod
790 682 915 739 acuero,
940 661 983 724 62
1006 667 1088 738 quod
1110 667 1184 738 1666
1207 672 1238 723 61
1258 665 1288 724 iu

138 767 263 828 rubrica
287 777 317 830 et
340 771 371 829 in
395 770 492 830 indice
516 773 598 846 quod
617 774 748 850 plostra,
774 768 883 852 148,1
909 774 1086 846 66666166,
1114 767 1186 852 158,
1206 767 1226 829 2
1250 790 1289 831 ex

139 879 178 933 iis
204 883 248 936 tot
269 879 360 937 rebus
379 879 461 951 qaod
477 881 625 954 scriptam
644 886 696 959 est,
723 874 785 940 156
805 880 835 938 16
855 877 974 938 rubrica
995 887 1024 938 et
1043 880 1073 937 in
1093 877 1190 938 indice
1209 880 1291 953 qaod

138 977 431 1059 medicamenta,''et
458 982 529 1065 157,
547 982 586 1044 15
611 988 736 1060 aliquod
758 988 822 1046 dies
844 1003 900 1065 pro
923 994 994 1060 quot
1018 993 1048 1045 et
1071 988 1201 1059 6116666
1225 981 1288 1064 2,1

138 1093 185 1150 ad
204 1094 363 1169 postridie,
387 1089 439 1172 22,
453 1089 484 1152 2.
506 1089 559 1172 48,
576 1090 604 1153 1.
629 1088 670 1152 82
695 1095 803 1167 adque.
850 1101 952 1151 contra
976 1091 1006 1172 2,
1022 1089 1051 1151 7.
1078 1088 1147 1152 tot.
1175 1088 1245 1171 146,
1260 1087 1289 1151 2.

141 1194 216 1278 161,
230 1196 253 1259 4
266 1202 364 1273 61161,
389 1195 442 1279 46,
457 1197 477 1259 2
501 1208 583 1276 apat.
909 1280 912 1286 Ι

230 1305 327 1365 XLIV
347 1304 528 1366 Oiiuetum
548 1305 676 1366 diebus
691 1305 740 1364 XV
755 1313 836 1366 ante
855 1307 1124 1385 aequinoctium
1140 1324 1288 1367 uernum

137 1414 296 1492 incipito
320 1412 460 1494 putare]
491 1416 605 1475 Otetam
628 1413 772 1475 lordanus
795 1413 895 1474 Herm.
920 1434 944 1473 v.
965 1412 1014 1473 XV
1033 1433 1056 1474 a.
1080 1410 1165 1474 1880
1188 1433 1217 1493 p.
1240 1411 1288 1475 13.

137 1536 209 1578 uani
239 1523 381 1581 oliaetam
409 1520 465 1581 hoc
494 1540 553 1581 uuo
581 1521 645 1581 loco
669 1523 700 1582 in
724 1521 884 1600 archetypo
908 1524 1052 1601 scripturn
1077 1527 1154 1600 erat,
1181 1520 1288 1581 sedin

137 1624 263 1685 rubrica
291 1635 320 1687 et
347 1629 378 1688 in
406 1627 504 1688 indice
533 1629 729 1708 capitulorum
758 1633 824 1689 6166
852 1646 911 1704 ouo
935 1637 1068 1704 tempore
1087 1635 1230 1704 putatum
1258 1629 1288 1687 iu

137 1733 267 1811 reliquis
289 1738 398 1795 oletum
425 1733 452 1813 1,
465 1733 501 1822 6.
525 1733 555 1815 3,
574 1731 604 1797 5.
628 1733 658 1816 6,
678 1734 706 1796 2.
733 1733 828 1817 10,1.
851 1733 949 1817 61,1,
972 1745 1002 1796 et
1025 1739 1131 1796 oieitas
1155 1732 1212 1815 68,
1237 1733 1289 1794 651

137 1843 236 1901 cletas
260 1843 404 1919 scriptum
424 1849 497 1922 orat,
523 1840 630 1922 144,2
651 1847 789 1917 61661616,
813 1841 852 1903 ib.
871 1839 892 1903 5
912 1847 1028 1904 oietote.
1065 1844 1136 1902 item
1156 1845 1289 1903 olearias

137 1942 169 2024 3,
186 1943 215 2006 2.
243 1944 292 2021 10,
305 1946 336 2008 2.
362 1946 412 2029 13,
427 1946 455 2009 2.
482 1947 531 2028 18,
546 1947 574 2010 8.
601 1948 674 2029 144,
687 1948 716 2012 3.
743 1947 814 2030 153,
838 1960 868 2010 et
891 1954 1028 2025 ollarias,
1053 1946 1288 2028 256116νί661,

140 2050 229 2133 10,2
253 2058 394 2130 elicroca,
418 2056 457 2117 ib.
476 2054 497 2116 4
516 2066 546 2116 61
570 2053 611 2118 69
634 2061 755 2138 ultoria,
781 2054 888 2138 135,2
913 2061 1060 2128 oliariae;
1083 2066 1113 2117 et
1136 2061 1202 2118 6166
1226 2065 1288 2116 tan·

138 2169 219 2240 tum,
248 2161 299 2221 sed
327 2165 358 2222 in
386 2162 483 2223 indice
512 2164 708 2242 capitulorum
733 2184 759 2224 c.
781 2162 843 2225 128
868 2161 963 2245 (119)
992 2184 1032 2224 ea
1056 2167 1150 2224 olicis.
1197 2163 1289 2224 Varro

138 2269 170 2327 in
196 2269 234 2327 iis
258 2287 332 2346 quae
356 2288 392 2329 ex
411 2268 530 2331 Catonis
554 2270 629 2331 libro
649 2273 763 2349 recepit
782 2275 920 2332 olivetum
939 2272 1068 2349 scripsit,
1092 2274 1289 2346 nancietum,

137 2393 162 2434 r.
186 2393 208 2434 r.
229 2373 241 2433 1
262 2373 290 2457 7,
305 2373 334 2436 9.
361 2375 410 2458 18,
427 2376 453 2437 1.
475 2374 570 2458 19,1.
590 2377 642 2458 22,
657 2376 686 2438 3.
706 2374 758 2459 24,
776 2376 803 2459 1,
827 2389 857 2438 61
876 2377 930 2437 hac
950 2378 1009 2437 soia
1031 2377 1124 2437 torma
1145 2396 1215 2437 usus
1235 2387 1289 2456 est,

136 2480 150 2539 1
175 2477 226 2563 18,
240 2479 275 2562 33
298 2479 327 2543 5.
352 2481 453 2566 55,1;
477 2481 511 2564 33
535 2486 605 2545 item
625 2484 637 2544 1
657 2482 700 2546 60
719 2488 757 2545 de
776 2489 926 2555 olivitate;
949 2484 1000 2544 sed
1020 2489 1087 2545 olea
1106 2494 1136 2544 et
1155 2489 1289 2545 olearias

137 2598 265 2651 tantum.
296 2624 334 2633 -
369 2591 489 2652 Catonis
521 2599 679 2672 praecepta
711 2591 747 2652 de
780 2590 854 2652 oieis
884 2610 920 2651 ex
948 2593 1037 2651 variis
1065 2590 1138 2651 locis
1166 2591 1288 2652 collecta

136 2699 242 2775 posuit
260 2696 374 2758 Plinius
394 2697 471 2757 XVII
492 2696 564 2780 125,
587 2718 666 2775 qaae
689 2701 887 2760 custodienda
908 2703 938 2759 ia
958 2703 1094 2759 olearum
1113 2718 1193 2760 carc
1215 2701 1288 2760 Coto

137 2807 337 2882 iudicaverit,
371 2809 465 2882 ipsios
495 2809 594 2867 verbis
623 2812 732 2883 optime
754 2810 995 2885 praecipiemus,
1028 2799 1069 2889 (c.
1092 2800 1151 2890 45)
1180 2802 1289 2868 ‘taleas

137 2915 330 2988 oleaoiaeas,
354 2930 431 2987 qaas
455 2917 486 2973 in
509 2916 617 2974 scrobe
639 2923 764 2975 saturas
787 2917 857 2987 eris,
881 2916 1078 2989 tripedaneas
1098 2913 1196 2990 facito
1221 2917 1287 2973 diti-

134 3027 309 3093 aeaterqae
337 3026 484 3093 tractata,
512 3039 551 3080 ne
577 3023 655 3081 liber
682 3023 811 3094 laboret,
840 3019 913 3081 cam
938 3022 1053 3082 dolabis
1081 3029 1135 3080 aat
1161 3023 1287 3081 secabis.

138 3144 219 3200 quas
243 3130 275 3186 ia
297 3130 461 3187 seminario
485 3136 610 3189 saturas
634 3131 704 3202 eris,
724 3130 849 3204 pedales
867 3127 974 3204 facito.
1013 3147 1065 3188 eos
1084 3131 1130 3188 sic
1148 3131 1288 3189 inserita:

137 3236 226 3293 locas
249 3236 360 3310 bipalio
384 3236 528 3295 subactas
551 3238 590 3294 sit
613 3237 747 3310 beneque
767 3239 890 3311 plateas.
929 3253 998 3294 cam
1022 3239 1132 3296 taleam
1152 3239 1288 3296 demittas

138 3341 288 3412 (demittis
311 3341 402 3401 codex
423 3340 589 3422 Vaticanus,
613 3345 743 3402 dimittes
765 3342 920 3402 Parisinus
944 3337 1054 3416 6795),
1075 3345 1154 3418 pede
1178 3347 1288 3403 taleam

138 3451 311 3524 opprimite.
347 3452 376 3508 si
394 3467 507 3526 param
529 3451 701 3522 descendat,
724 3453 831 3510 661166
850 3455 904 3509 aat
923 3452 1052 3510 mateola
1072 3452 1187 3523 adicito
1207 3450 1287 3521 (adi-

138 3557 203 3614 cito
232 3555 364 3629 codices)
393 3564 559 3631 cavetoque
586 3575 625 3616 ae
647 3558 758 3617 libram
781 3558 918 3636 scindas,
947 3574 1015 3617 cam
1039 3559 1145 3631 adipes
1169 3558 1289 3629 (edices

139 3648 285 3735 codice‘s).
321 3666 395 3739 pato
415 3667 505 3741 prias
528 3667 625 3725 locam
649 3663 831 3741 refeceris,
855 3681 913 3738 qao
937 3667 1048 3724 taleam
1067 3660 1211 3724 demittat.
1245 3667 1288 3724 ita

139 3772 249 3828 melius
272 3772 356 3831 ciaet.
394 3775 484 3845 talea,
508 3778 538 3832 et
560 3768 616 3831 abi
635 3774 744 3832 trimae
764 3779 841 3846 suat,
867 3779 928 3831 tam
948 3773 1078 3846 denique
1097 3790 1193 3832 carae
1211 3778 1289 3845 suat,

139 3876 197 3935 abi
224 3877 300 3936 liber
327 3896 360 3938 se
387 3886 492 3939 certet.
536 3882 566 3939 si
592 3882 623 3938 ia
650 3880 808 3940 scrobibus
834 3886 888 3938 oat
911 3881 943 3938 ia
965 3881 1059 3938 salcis
1081 3897 1168 3939 seras
1190 3875 1290 3957 (seres

138 3982 237 4043 codex
260 3982 445 4065 Vaticanus),
474 3993 578 4046 teraas
601 3990 697 4047 taleas
716 3989 822 4063 ponito
846 4002 957 4059 easque
980 3986 1165 4058 divaricata,
1193 4003 1288 4060 sopra

138 4098 260 4151 terram
288 4109 327 4151 ae
349 4095 420 4169 pias
447 4100 592 4167 quattuor
621 4094 731 4168 diaitos
759 4099 913 4152 traversos
941 4093 1093 4150 emineant
1117 4093 1289 4151 relocatos

137 4201 242 4258 serito.
282 4189 322 4280 (c.
342 4194 399 4281 61)
424 4202 586 4273 diiiaeater
604 4203 740 4260 eximere
758 4203 854 4260 oleam
874 4205 992 4274 oportet
1009 4204 1039 4256 et
1056 4199 1180 4258 radices
1197 4215 1288 4273 qaam

133 4309 291 4382 plurimas
315 4324 382 4389 cam
406 4315 493 4367 terra
512 4305 608 4382 serre.
653 4309 706 4367 abi
728 4309 851 4367 radices
875 4307 950 4365 beae
972 4308 1141 4384 aperueris,
1164 4309 1290 4366 calcare

138 4415 225 4487 berte,
250 4432 289 4474 ne
312 4415 388 4488 auid
408 4422 525 4475 noceat.
562 4417 657 4488 siquis
680 4421 812 4488 quaerat
834 4415 977 4488 (quaeret
995 4412 1088 4472 codex
1108 4411 1289 4486 Vaticanus),

195 4523 252 4564 Gur.
267 4534 300 4564 na
317 4533 375 4564 noar
389 4533 458 4565 arur.
485 4525 516 4565 IL
1060 4520 1075 4568 6
