2874 4994
235 107 277 172 74
574 113 765 171 ΟΟΜΜΕΝΤ.
784 114 825 169 IN
843 112 1032 170 VARRONIS

236 289 324 352 opus
342 279 492 350 propter
511 267 674 331 trondem
693 269 841 330 maxime
861 270 938 330 sine
958 269 1343 352 detrimentopouuntur
1423 289 1424 293 ’

234 396 251 439 a
274 377 564 459 septemtrionali
587 376 707 457 parte]
732 378 810 438 Fros
832 378 863 438 in
888 379 1035 458 excerptis
1058 377 1126 440 lulii
1149 376 1271 441 Romani
1288 381 1345 461 rpud
1426 403 1437 418 ¹¹

234 486 399 548 Charisium
422 503 450 564 p.
472 483 544 566 130,
559 481 602 546 30
624 483 742 566 legitur,
762 483 830 560 sros
852 488 918 546 sine
940 504 961 546 n
983 488 1096 561 littera,
1124 505 1164 550 ne
1188 486 1294 563 saciat,
1313 493 1346 550 in·

234 596 299 670 quit
322 595 447 672 Plinius,
468 590 590 668 frontis,
613 595 704 667 quusi
725 609 784 653 non
808 594 933 654 dicutur
955 595 1017 654 nisi
1034 591 1124 668 frona
1145 583 1186 654 τὸ
1211 586 1348 672 ptimo,

234 702 316 776 quod
331 718 363 760 se
382 701 519 776 probare
542 701 625 778 dicit,
648 702 790 774 quonium
813 702 949 761 anticum
968 718 988 760 u
1007 717 1067 761 non
1086 700 1255 776 recipiebat
1270 703 1352 774 und

234 826 291 869 nec
314 825 382 869 enm
406 809 496 868 uertit
519 808 550 867 in
573 824 605 866 o:
635 806 734 867 Varro
753 824 857 867 rerum
880 809 1069 868 rusticarum
1087 808 1167 869 libro
1187 807 1214 882 I,
1232 809 1350 867 ulrnnet

228 919 365 993 populos,
389 916 469 975 unde
492 921 537 974 est
556 911 633 989 fros,
657 915 735 974 idem
754 916 969 989 antiquitatum
988 914 1200 975 Romanorum
1216 914 1291 975 libro
1303 913 1327 975 l
1330 911 1358 973 V

231 1022 298 1099 fros
327 1021 454 1098 suenum
486 1023 597 1081 messis.
635 1017 725 1095 frons
756 1029 803 1081 est
836 1022 866 1080 iu
898 1019 983 1080 libris
1015 1037 1105 1082 manu
1136 1021 1257 1099 seriptis
1285 1017 1359 1081 llonii

232 1147 260 1208 p.
281 1124 401 1209 114,1,
429 1126 480 1189 ubi
503 1125 665 1187 Muellerus
693 1128 826 1188 restituit
850 1126 931 1207 sros,
960 1127 1038 1206 quod
1067 1125 1138 1187 olim
1161 1125 1279 1207 Lipsius
1299 1145 1361 1188 eoo·

234 1237 358 1316 iecerat,
385 1237 463 1296 Fros
486 1251 546 1311 pro
567 1233 689 1309 frondis
720 1233 870 1310 Verpitius
896 1235 1117 1310 Georpicorum
1145 1235 1184 1296 11
1207 1237 1363 1312 maerim

232 1360 301 1405 cum
325 1339 393 1418 fros
423 1349 529 1402 tenero
559 1343 785 1418 inprudensque
812 1344 964 1424 laborum,
1004 1341 1104 1403 Varro
1135 1344 1234 1405 dere
1257 1344 1361 1403 runica

231 1450 322 1511 titul
344 1452 426 1524 quod
456 1450 530 1509 Coto
558 1451 614 1528 uit,
645 1450 764 1508 circum
788 1447 920 1524 [undum
947 1453 1042 1510 ulmos
1069 1454 1099 1510 et
1122 1451 1264 1530 populos,
1291 1449 1364 1509 unde

229 1554 296 1632 fros
320 1557 425 1617 ouibus
444 1565 474 1617 et
491 1557 587 1616 bubus
610 1557 657 1616 sit.
694 1557 766 1615 item
785 1554 859 1616 Nou.
879 1575 907 1635 p.
921 1552 1031 1637 486,9
1058 1555 1158 1616 Varro
1177 1557 1365 1628 Pammene,

232 1666 374 1727 caeditur
392 1667 466 1725 totos
484 1667 557 1737 altu,
573 1662 642 1739 [ros
661 1664 776 1723 decidit
795 1664 940 1738 Palladis,
959 1666 1106 1740 platanus
1124 1664 1230 1725 ramas,
1264 1664 1293 1723 in
1310 1680 1365 1723 uno

232 1770 334 1832 codice
366 1770 391 1830 Α
420 1768 488 1846 fros
521 1771 665 1849 scriptum
699 1779 744 1830 est
771 1769 797 1830 ll
822 1765 933 1850 5,11;
967 1772 998 1831 in
1030 1772 1095 1850 ipso
1126 1769 1287 1850 archetypo
1314 1769 1371 1830 luit

232 1880 337 1939 tondes
359 1894 414 1956 pro
438 1878 564 1938 tondens
587 1873 706 1952 137,2
730 1883 761 1938 et
781 1879 850 1953 plns
868 1875 909 1938 lll
927 1873 1026 1957 212.
1050 1874 1101 1958 13,
1119 1875 1147 1938 1.
1170 1906 1207 1919 -
1229 1875 1329 1938 deinde
1343 1895 1367 1938 a

231 1986 469 2061 septemtrionali
487 1990 579 2061 porte
603 1982 693 2044 editio
718 1985 857 2063 princeps
885 1982 1070 2044 aPolitiano
1099 2001 1159 2044 uun
1187 1991 1319 2045 correcte
1336 1992 1375 2044 et.

231 2089 397 2171 apographa
425 2088 579 2170 italorum,
612 2108 632 2151 u
664 2093 905 2167 septemtrionali
926 2094 1022 2168 plcpu
1050 2092 1073 2151 Α
1097 2108 1127 2150 m
1160 2099 1189 2152 et
1224 2099 1380 2153 corrector·

232 2197 344 2259 codicis
367 2196 531 2258 Florentiui
555 2215 589 2257 ex
614 2206 714 2258 vetere
738 2196 975 2280 interpolatione,
1004 2199 1133 2277 quaein
1157 2197 1291 2260 tioium
1312 2198 1383 2258 edi-

232 2306 342 2366 tionem
370 2313 490 2384 recepta
523 2313 553 2366 et
581 2303 688 2365 deinde
716 2306 747 2365 iu
778 2304 908 2384 reliquas
936 2315 1096 2385 propagata
1123 2313 1196 2366 erat
1238 2308 1269 2367 in
1295 2323 1397 2367 com-

231 2413 377 2490 positione
410 2410 570 2471 verborum
602 2411 712 2472 frustra
746 2409 954 2473 laboraverunt
985 2414 1180 2494 interpretes,
1215 2431 1283 2475 eum
1312 2429 1407 2474 uon

232 2515 501 2578 animadverterent
524 2515 597 2578 baec
621 2515 719 2599 rerba,
742 2520 798 2579 sed
814 2519 872 2578 boc
891 2550 931 2560 -
952 2522 1092 2594 maxime,
1111 2537 1127 2578 a
1146 2517 1272 2600 reliquis
1289 2538 1414 2600 sepu-

231 2631 294 2684 rata
322 2633 352 2683 et
382 2624 413 2682 in
440 2622 612 2702 parenthesi
640 2625 814 2703 interposita
842 2642 918 2688 esse.
957 2643 1024 2685 nam
1053 2643 1129 2705 quae
1156 2644 1172 2686 a
1198 2625 1306 2689 Catone
1331 2627 1421 2688 de

231 2729 319 2791 ulmis
349 2738 379 2791 et
401 2728 519 2810 populis
543 2729 656 2791 irondis
675 2749 762 2791 eausa
782 2732 896 2792 circum
920 2732 1043 2793 lundum
1063 2731 1199 2794 serendis
1217 2743 1429 2813 praecepta

114 2846 117 2851 '
234 2845 328 2919 erant,
351 2854 385 2897 ea
409 2838 449 2898 ita
472 2834 608 2917 probarit
626 2836 728 2918 Varro,
751 2848 785 2898 ut
808 2856 857 2898 eas
881 2837 1003 2899 arbores
1023 2841 1087 2900 sine
1107 2838 1285 2902 detrimento
1301 2838 1433 2923 pomi

231 2964 246 3005 a
270 2942 502 3025 septemtrionali
528 2953 610 3024 parte
635 2943 757 3025 diceret,
780 2954 938 3025 propterea
962 2945 1041 3026 quod
1065 2945 1107 3007 ibi
1134 2964 1194 3008 non
1218 2947 1432 3008 olilcerernt

231 3051 294 3112 soli.
332 3050 419 3112 simul
438 3051 588 3112 adnotavit
607 3068 702 3129 neque
722 3053 753 3112 in
774 3051 912 3112 omuibus
931 3053 1031 3114 lundis
1046 3052 1075 3114 id
1090 3071 1167 3133 opus
1181 3071 1257 3136 esse,
1275 3064 1430 3133 neque

232 3157 283 3220 ubi
310 3176 385 3237 opus
414 3166 506 3238 esset,
539 3167 662 3239 propter
691 3158 826 3220 lroudem
854 3163 979 3221 maxime
1007 3161 1081 3222 lieri.
1123 3162 1243 3239 saepius
1273 3167 1435 3222 sulen!

229 3265 399 3327 huiusmodi
424 3267 589 3346 sententiis,
613 3263 721 3344 quibus
745 3268 930 3347 interpositis
954 3286 1048 3328 nexus
1070 3266 1232 3329 verborum
1249 3281 1430 3349 suspen·

231 3374 320 3452 ditur,
345 3390 417 3432 usus
440 3379 495 3452 est,
522 3389 597 3451 quae
620 3391 680 3433 non
709 3371 858 3435 intellecta
885 3376 1100 3454 compositione
1129 3373 1289 3437 verborum
1310 3369 1430 3435 eti·

232 3478 346 3540 turibus
369 3477 573 3539 difficultatem
599 3488 786 3558 paraverunt.

319 3582 340 3645 4
372 3583 436 3646 llle
460 3585 575 3646 adicit
594 3584 633 3647 ab
653 3586 776 3648 eodem
795 3588 999 3669 scriptore]
1021 3587 1210 3670 Quicumque
1229 3591 1427 3652 rationem!¹

231 3695 376 3754 sermonis
399 3711 415 3753 a
434 3690 565 3754 Varrone
584 3695 713 3755 instituti
732 3694 807 3755 bene
827 3698 1021 3778 perspexerit,
1045 3715 1105 3758 non
1124 3696 1280 3780 dubitabit,
1298 3696 1426 3777 quin

230 3802 265 3862 ad
290 3800 424 3862 Scrofam
446 3799 519 3861 baec
542 3802 719 3880 pertineant,
743 3821 802 3862 non
826 3802 861 3863 ad
886 3802 1048 3885 Stolonem,
1071 3806 1151 3866 sicut
1173 3804 1320 3867 Gesnerus
1336 3795 1426 3860 εἰ

230 3908 430 3970 Schneiderus
454 3907 676 3969 adnotaverunt.
715 3907 835 3970 Scroiae
859 3912 938 3970 enim
958 3929 1047 3991 snpra
1071 3929 1096 3973 c.
1116 3909 1137 3974 3
1156 3919 1311 3992 praecepta
1329 3905 1416 3971 cle

229 4017 292 4093 agri
321 4013 436 4073 cultura
466 4014 607 4075 tradenda
635 4014 769 4076 mandata
794 4025 891 4098 erant,
920 4035 979 4096 quo
1008 4037 1133 4081 munere
1161 4021 1203 4081 in
1230 4019 1412 4098 fungitur,

231 4132 264 4181 ut
287 4122 350 4199 ipse
379 4104 546 4182 sermonem
575 4130 671 4202 regat,
699 4123 806 4202 reliqui
835 4123 1022 4186 brevioribus
1051 4125 1240 4189 sermonibus
1264 4119 1401 4188 addus

231 4245 263 4286 ea
289 4244 363 4304 qtrae
387 4226 495 4288 abillo
520 4229 667 4309 disputata
694 4238 779 4291 erant
802 4242 937 4310 augeant.
982 4234 1083 4313 itaque
1106 4241 1265 4314 postquem
1287 4225 1386 4293 Stolo
