2874 4994
242 333 305 397 102
527 322 530 329 '
600 336 791 393 couneus.
812 338 851 392 ru
871 335 1028 392 cunonis

240 515 315 576 quae
335 495 441 556 deiude
462 502 639 574 sequuntur,
659 497 712 570 qai
730 497 761 554 iri
781 495 951 554 torculario
966 498 1057 552 eruat
1070 508 1145 552 oasa
1155 508 1240 568 para
1255 490 1385 553 doleant

239 622 313 685 sqq,
337 602 372 663 de
397 602 542 681 operariis
566 603 666 680 potius
690 618 777 679 quam
801 599 837 659 de
862 597 986 659 custode
1006 597 1183 679 dictasunt,
1208 615 1384 677 quemqnam

239 710 357 771 illorum
390 727 509 789 quoqne
543 710 660 788 negotia
692 708 726 767 ad
756 726 859 767 curam
887 705 1021 767 custodis
1049 706 1208 785 pertinent.
1256 703 1310 765 sed
1337 723 1385 765 eu·

239 817 333 877 stadis
352 817 448 878 oflicia
467 824 570 895 postea
589 814 810 896 describuntur,
833 818 901 875 item
920 815 1054 875 custodis
1072 811 1193 888 ospicia:
1213 811 1385 888 factoribus

239 927 289 985 det
313 928 342 984 in
367 927 501 999 siuaulos
522 923 626 999 [octus
650 927 710 983 olei
731 925 883 982 sextarios
907 938 970 999 sqq.
995 936 1062 979 nam
1085 922 1227 994 siaaulos,
1252 918 1333 999 quod
1356 920 1384 979 in

239 1030 400 1111 archetypo
433 1033 577 1110 scriptum
612 1048 671 1090 non
703 1038 780 1104 erat,
813 1030 843 1087 in
871 1026 928 1088 hoc
957 1025 1076 1087 dicendi
1103 1044 1227 1108 genere,
1260 1026 1298 1087 de
1330 1044 1386 1107 quo

240 1156 329 1217 snpra
354 1157 378 1198 c.
399 1133 441 1199 58
465 1137 534 1217 dixi,
559 1138 654 1197 omitti
678 1154 738 1196 non
760 1137 866 1215 potuit.

329 1246 457 1306 LXVIII
484 1243 597 1304 Orbes
626 1242 760 1303 fibulas
789 1248 914 1303 nectes
942 1240 1106 1302 scutulas
1134 1239 1289 1303 fiscinas
1312 1258 1386 1302 eor·

241 1351 343 1413 bulas
367 1352 470 1433 quiala
495 1351 611 1413 scalas
635 1348 796 1429 patibula
821 1350 936 1410 omnia
961 1351 1042 1429 quis
1066 1366 1153 1410 usus
1171 1351 1244 1410 erit
1269 1350 1304 1410 in
1327 1368 1387 1411 suo

242 1459 400 1539 quidque
433 1459 511 1519 loco
544 1455 727 1537 reponite]
761 1458 910 1518 Saeculas
943 1475 997 1543 pro
1029 1461 1166 1518 scutulas
1198 1455 1388 1518 scribendum

242 1586 307 1629 esse
338 1565 495 1627 Turnebus
529 1565 642 1626 advers.
690 1561 723 1646 6,
750 1561 792 1626 23
827 1565 962 1624 coniecit.
1008 1582 1063 1643 pro
1097 1582 1131 1624 eo
1163 1566 1291 1625 suculas
1322 1562 1389 1624 olim

242 1677 357 1754 scripsi,
378 1672 456 1754 quod
477 1681 522 1733 est
542 1690 636 1751 genus
657 1670 808 1731 machinae
828 1673 858 1730 in
878 1679 1020 1750 apparatu
1040 1670 1193 1731 torcularii
1211 1670 1390 1751 appellatum

243 1801 267 1842 c.
295 1778 348 1860 12,
382 1783 451 1840 item
483 1777 537 1859 18,
557 1775 585 1838 2.
613 1775 666 1853 19,
688 1777 720 1859 13
749 1776 778 1840 2.
812 1777 945 1839 scutulae
974 1787 1072 1838 autem
1102 1788 1172 1840 sunt
1199 1777 1330 1859 celludri
1357 1777 1390 1839 ad

243 1906 332 1949 onera
362 1886 503 1947 irrorenda
533 1888 562 1946 in
593 1886 739 1946 vindemia
764 1893 793 1945 et
817 1888 847 1946 in
872 1885 991 1946 oleitate
1015 1884 1152 1960 adhibiti:
1185 1887 1223 1947 cl.
1248 1885 1334 1947 Caes.
1357 1886 1392 1947 de

243 1995 310 2057 bell.
330 1997 383 2055 eie.
403 1990 506 2055 11140
529 2000 674 2069 arrattuor
697 1996 825 2055 biremes
848 1996 992 2054 sitdiectis
1014 1997 1141 2055 scutulis
1165 1997 1303 2070 inpulsos
1327 2014 1391 2057 uec·

243 2106 322 2164 tilus'
346 2107 376 2163 ia
402 2105 577 2163 interiorem
597 2108 718 2178 portem
742 2103 890 2174 traducit,
917 2099 968 2160 nbi
987 2103 1058 2161 item
1078 2100 1114 2161 ab
1134 2100 1302 2162 editoribus
1326 2103 1393 2164 olim

243 2214 358 2271 suculis
386 2208 582 2270 substitutum
612 2216 683 2268 erat.
724 2206 811 2285 gloss.
831 2206 1000 2286 graeco-lat.
1019 2228 1045 2268 v.
1065 2206 1091 2266 ll
1110 2226 1138 2286 p.
1157 2205 1223 2269 434
1248 2206 1394 2291 σκυτάλη

243 2321 372 2379 scutario.
396 2335 464 2377 nam
479 2334 546 2376 rasa
562 2334 636 2395 quae
653 2315 794 2375 dicuntur
810 2314 943 2375 scutulae
958 2314 1034 2394 apud
1052 2314 1213 2376 Martialem
1228 2315 1296 2377 VIII
1313 2315 1393 2398 71,7

244 2432 274 2485 01
297 2422 337 2483 XI
352 2421 408 2503 31,
427 2419 478 2496 19,
503 2424 622 2483 nomine
647 2441 663 2481 a
686 2429 799 2498 scutra,
828 2439 936 2500 genere
961 2423 1037 2482 vasis
1061 2422 1178 2505 alienei,
1209 2433 1242 2484 ut
1267 2423 1395 2502 videtur,

246 2531 346 2611 ducto,
370 2528 406 2589 ab
430 2530 486 2590 hoc
511 2548 619 2607 genere
645 2530 912 2590 iustrumeutorum
937 2528 1031 2589 aliena
1056 2540 1134 2590 sunt.

334 2638 430 2697 LXIX
449 2637 579 2697 Postea
598 2654 775 2697 amurcam
796 2638 944 2697 eximito
964 2647 999 2697 et
1018 2637 1173 2698 arlacito
1195 2636 1256 2698 ubl
1276 2636 1395 2699 arebit

244 2747 409 2805 cummim
442 2744 561 2824 pridie
594 2745 629 2804 in
658 2762 780 2823 aquam
809 2743 993 2806 intendito
1022 2763 1095 2804 eam
1123 2743 1307 2823 postridie
1338 2744 1396 2806 de·

244 2852 336 2914 luito
366 2859 491 2931 postea
521 2850 655 2911 dolium
685 2850 868 2928 callacito]
893 2850 1034 2927 Arr'aeito
1058 2850 1224 2932 apographa
1249 2861 1281 2912 et
1304 2851 1396 2913 editio

247 2936 379 3019 Victorii.
426 2957 577 3033 aresocito
606 2960 636 3017 in
664 2958 800 3037 prIncipe
830 2957 958 3018 editione
982 2957 1146 3019 Politianns
1171 2977 1229 3019 non
1255 2961 1396 3034 correxit,

246 3065 297 3126 sed
322 3066 467 3141 calfacito
492 3083 527 3124 ex
552 3064 654 3124 codice
678 3063 837 3146 adnotavit,
861 3064 912 3125 ubi
936 3064 1099 3141 calefactio
1123 3068 1153 3126 in
1178 3068 1317 3145 principe
1338 3065 1396 3128 edi·

246 3172 326 3231 tione
351 3170 467 3248 legitur.
505 3173 644 3230 cummim
668 3169 817 3231 Victorius
842 3190 877 3231 ex
897 3170 1057 3251 archetypo
1076 3174 1218 3255 restituit,
1242 3176 1396 3235 cuminum

245 3281 275 3339 in
309 3279 443 3357 principe
479 3277 608 3337 editione
642 3276 806 3338 Politianns
840 3296 898 3338 non
928 3282 1066 3341 correxit.
1118 3280 1252 3357 arsacito
1286 3279 1397 3360 legitur

245 3404 270 3447 c.
293 3382 355 3447 125
380 3394 410 3446 et
433 3383 580 3460 arfacere
606 3380 918 3465 157,12,001[αι’110
945 3383 996 3468 76,
1015 3385 1044 3449 2.
1072 3384 1143 3448 110.
1168 3384 1240 3468 157,
1264 3385 1314 3469 10,
1340 3406 1397 3448 000

245 3493 410 3570 arefacere
434 3491 478 3552 vel
503 3491 686 3566 calefacere.
731 3490 837 3552 deiude
862 3512 899 3553 ea
919 3497 1068 3571 postridie
1091 3497 1197 3554 diluite
1221 3493 1303 3555 edita
1328 3494 1395 3555 iude
1428 3556 1434 3577 ,

245 3620 262 3661 a
281 3601 416 3679 principe
436 3597 565 3658 editione
585 3597 780 3680 exemplaria3
803 3617 870 3660 eam
885 3602 1035 3677 postridie
1054 3602 1160 3661 diluito
1175 3602 1292 3682 scripsI,
1314 3600 1393 3681 quod

247 3705 450 3767 Sclmoidctns
466 3706 731 3767 commendaverat.
755 3725 822 3767 nam
838 3707 874 3767 de
889 3706 975 3767 doliis
993 3705 1110 3768 oleariis
1130 3710 1213 3768 noris
1232 3707 1394 3769 iubuendis

247 3813 319 3873 haec
349 3814 580 3892 praecipiuntur.
628 3816 756 3892 primum
786 3813 862 3874 dolia
891 3833 944 3893 per
972 3823 1086 3894 septem
1110 3815 1174 3876 dies
1196 3834 1318 3878 aminea
1343 3818 1394 3877 itu·

246 3919 373 4000 plentur.
412 3920 519 3982 deiude
539 3929 673 4001 exempto
692 3940 821 4001 amurca,
839 3930 995 4002 postquam
1016 3922 1127 3984 dolium
1146 3922 1264 3985 aridum
1282 3922 1394 3986 iactum

246 4036 305 4109 est,
335 4030 459 4090 cummis
488 4032 518 4089 in
547 4047 652 4109 aquam
685 4028 860 4090 infunditur.
906 4048 939 4089 ea
968 4049 1036 4091 cum
1065 4049 1119 4110 per
1142 4049 1236 4092 unum
1259 4030 1340 4091 diem
1363 4033 1393 4091 in

247 4156 322 4217 aqua
348 4138 412 4215 tuit,
436 4135 560 4198 diluitur
584 4147 613 4198 et
636 4139 666 4197 in
689 4136 800 4198 dolium
820 4137 928 4198 leniter
947 4136 1103 4199 calfactum
1124 4139 1245 4200 inditur.
1282 4139 1324 4199 ita
1343 4138 1392 4199 do·

246 4243 320 4305 lium
344 4242 455 4303 linitur.
493 4243 628 4304 similiter
648 4244 683 4303 de
708 4243 794 4303 doliis
818 4247 901 4305 novis
925 4264 993 4306 cern
1019 4246 1061 4306 rel
1085 4247 1196 4307 cummi
1219 4245 1392 4324 perluendis

249 4344 411 4410 Columella
434 4346 557 4431 111152,
580 4348 619 4411 16
643 4353 802 4432 praecepit,
827 4351 946 4412 brevius
971 4353 1006 4412 de
1032 4361 1156 4414 metreta
1179 4371 1301 4415 amurca
1324 4373 1391 4416 con·

249 4457 355 4518 luenda
383 4455 597 4519 (10100100.
623 4460 740 4520 diluere
768 4466 882 4540 arttrm,
911 4464 1130 4535 morracium,
1161 4461 1272 4522 dicitur
1295 4461 1333 4523 de
1354 4463 1390 4521 iis
