2874 4994
242 308 303 373 108
598 317 788 373 COMMENT.
807 319 847 372 IN
866 316 1023 373 CATONIS

231 476 376 549 piculam,
400 492 434 535 eo
454 492 588 551 prunum
612 477 707 536 lenem
731 478 836 535 indito.
881 493 938 534 non
963 476 1055 554 magis
1078 470 1274 575 probabiliter
1296 471 1375 534 llott·

235 579 374 661 boellius,
402 580 536 641 rtldinam
560 581 673 642 scilicet
697 582 856 642 editionem
880 591 1011 661 secutus,
1035 579 1228 642 scribendum
1251 581 1376 643 coniecit

234 689 305 747 inde
329 692 426 762 ipuem
446 693 546 764 primo
570 696 802 766 temperatoque.

322 796 463 855 LXXVII
495 795 633 874 Spiram
666 797 717 856 sic
752 796 860 856 iacito
894 805 1063 875 quantum
1097 795 1198 877 uoles
1231 812 1297 875 pro
1325 814 1375 857 ra·

234 902 331 961 tione
361 904 409 962 ita
440 905 490 963 uti
521 902 685 983 placenta
716 905 759 965 lit
786 903 907 963 eadem
933 905 1048 963 omnia
1072 896 1196 983 facito]
1225 903 1375 976 Quantam

234 1012 312 1070 coles
340 1011 460 1089 scripsi,
493 1009 521 1071 b.
541 1029 566 1071 e.
599 1012 628 1070 in
657 1013 737 1089 spira
767 1009 899 1071 iacienda
927 1030 982 1090 pro
1012 1011 1136 1073 ratione
1154 1008 1376 1090 magnitudinis,

231 1126 370 1194 quantam
396 1119 462 1196 quis
486 1118 583 1178 lacere
609 1117 698 1198 volet,
731 1119 765 1177 ad
791 1117 1014 1178 similitudinem
1038 1116 1191 1196 placentae
1215 1119 1318 1179 omnia
1340 1120 1377 1178 la·

232 1223 336 1283 ciendo
365 1234 442 1284 sunt.
489 1224 626 1285 similiter
654 1224 690 1284 de
718 1224 845 1304 globulis
874 1227 1019 1303 scriptum
1042 1233 1089 1285 est
1111 1232 1216 1304 postea
1242 1222 1285 1287 79
1310 1228 1378 1288 inde

231 1340 360 1406 peroratus
387 1336 466 1392 voles
490 1332 601 1408 [arcere
626 1332 723 1407 facito
752 1341 783 1393 et
812 1332 848 1393 de
873 1331 1030 1393 arboribus
1053 1351 1174 1393 amurca
1196 1332 1379 1394 circumluu-

233 1437 337 1499 dendis
361 1435 403 1501 93
424 1458 483 1515 pro
506 1443 627 1500 ratione
651 1442 755 1501 indito.

322 1545 357 1605 ln
386 1546 461 1606 solo
490 1555 605 1606 tracta
639 1565 716 1607 cum
745 1547 848 1608 melle
877 1547 1031 1608 oblinito
1059 1546 1148 1607 bene
1177 1545 1264 1606 inde
1296 1555 1380 1607 tam·

232 1671 332 1732 quam
357 1656 481 1714 restim
506 1662 643 1715 tractes
667 1656 778 1715 tacito
802 1658 851 1715 ita
874 1656 1048 1733 imponito
1077 1656 1113 1714 in
1136 1653 1216 1732 solo
1240 1653 1380 1734 simpli·

232 1758 337 1820 cibus
357 1760 533 1840 completo
553 1760 642 1821 bene
662 1757 753 1842 arte]
774 1763 823 1822 ltu
843 1765 985 1838 imponito
1005 1765 1035 1821 in
1054 1765 1117 1821 sole
1135 1763 1174 1821 dc
1190 1763 1382 1838 simplicibus

231 1870 376 1943 completo
409 1869 483 1928 bene
515 1877 584 1930 crte
613 1868 738 1948 Merula,
771 1873 814 1929 ila
847 1872 989 1946 imponito
1022 1872 1053 1928 in
1082 1871 1159 1941 sole,
1192 1870 1265 1929 dem
1292 1871 1382 1946 plicis·

231 1978 375 2051 ‹umplcto
399 1977 475 2035 benc
498 1984 586 2036 orcle
609 1975 768 2037 iucundus.
804 1979 875 2037 iride
898 1984 1051 2050 tamquam
1073 1978 1177 2035 restim
1195 1974 1302 2050 facito
1320 1993 1383 2055 sqq.

231 2080 382 2159 Angelius.
417 2076 620 2160 ‘simplicibus
639 2082 807 2160 eompletis:
827 2083 859 2143 ln
879 2085 996 2143 excusis
1016 2091 1101 2142 antea
1116 2080 1190 2142 [lein
1204 2080 1311 2161 plicis:
1330 2100 1383 2144 nos

231 2206 294 2247 eam
319 2191 497 2267 scripturam
522 2192 719 2270 reposuimus,
743 2208 830 2269 quam
851 2192 882 2249 in
901 2191 1017 2250 cunctis
1037 2190 1251 2267 manuscriptis
1270 2190 1382 2251 inveni

231 2314 305 2377 mus,
330 2315 384 2357 nec
409 2305 506 2357 tamen
527 2316 590 2358 eam
609 2297 757 2377 explicare
777 2292 948 2376 possumus’
970 2294 1126 2357 Victorius.
1155 2314 1248 2374 pravo
1268 2296 1383 2357 iudicio

231 2401 431 2465 Sclmeiderus
468 2405 588 2465 Aldinae
626 2414 656 2465 ot
688 2403 823 2465 luntinae
861 2404 999 2464 editionis
1036 2402 1194 2463 lectionem
1232 2392 1382 2485 probarit,

229 2509 342 2589 reliqua
367 2513 408 2570 ita
432 2511 586 2572 scribenda
612 2530 677 2571 esse
702 2513 839 2591 coniecit,
864 2515 893 2571 in
918 2516 980 2571 solo
1004 2518 1107 2570 tractu
1131 2513 1297 2590 imponito,
1323 2522 1383 2571 lum

229 2621 314 2678 intelle
337 2621 460 2679 oblinito
485 2620 567 2678 berre.
609 2621 679 2679 iride
703 2626 854 2693 tuncquum
879 2622 980 2679 restim
1001 2617 1110 2698 facito,
1133 2620 1177 2677 iia
1195 2625 1307 2679 tracta
1332 2622 1383 2679 im·

225 2728 331 2799 protrito
356 2729 386 2784 iu
409 2730 484 2799 solo,
514 2728 583 2785 alcia
603 2729 694 2801 plicis
718 2729 862 2801 corripiare
886 2726 960 2786 benc
984 2733 1078 2786 arcte.
1123 2725 1277 2801 spirama
1304 2727 1385 2786 simi·

230 2830 354 2891 litudine
384 2833 462 2892 lunis
492 2831 535 2890 vel
565 2834 654 2891 restis
682 2831 790 2891 dictam
819 2850 884 2892 esse
913 2841 1047 2911 apparet:
1085 2829 1164 2890 Fest.
1188 2849 1218 2909 p.
1238 2828 1320 2913 330,
1343 2830 1384 2895 15

229 2940 322 3014 Spiru
346 2940 462 2998 dicitur·
485 2945 513 2999 ct
537 2940 617 2998 basis
641 2944 799 2999 columnae
823 2942 911 2999 acatius
931 2941 992 2998 lori
1010 2946 1064 2998 atet
1082 2940 1213 2998 dacorum
1233 2946 1265 2999 et
1281 2958 1384 3015 yellus

230 3048 330 3120 operis
349 3047 474 3120 pistorii
496 3056 525 3104 et
545 3044 630 3119 sunia
653 3050 798 3106 rauraticus
822 3049 852 3105 ia
876 3047 979 3106 orbem
1002 3047 1188 3118 caracciolus,
1211 3047 1252 3105 ab
1273 3048 1384 3107 cadem

229 3168 329 3211 omnes
357 3155 560 3212 similitudine.
608 3161 699 3212 tracta
729 3162 827 3212 antem
855 3155 885 3211 in
914 3169 1003 3231 opere
1031 3152 1156 3230 pistorio
1180 3168 1196 3209 a
1232 3151 1383 3214 trallendo

228 3256 306 3317 dicta
335 3266 422 3319 sunt:
455 3258 542 3337 gloss.
562 3257 763 3337 latino-graec.
788 3279 812 3318 v.
832 3258 857 3318 ll
882 3278 908 3338 p.
932 3255 1007 3338 199,
1026 3256 1069 3319 50
1102 3257 1216 3319 Tracta
1240 3254 1383 3339 λάγανα.

229 3365 300 3425 baec
330 3367 419 3445 igitur
449 3368 478 3426 io
507 3368 600 3445 spira,
629 3375 779 3444 tamquam
807 3367 833 3424 si
862 3367 929 3443 (piris
952 3367 1056 3425 restim
1081 3372 1202 3445 tractet,
1234 3365 1384 3448 iacienda,

230 3472 257 3533 b.
276 3492 302 3532 r.
327 3475 355 3533 in
382 3474 504 3532 sormam
529 3475 618 3532 restis
642 3471 844 3550 complicanda
868 3481 947 3532 sunt.
976 3475 1005 3531 iu
1027 3470 1151 3550 reliquis
1171 3473 1248 3532 ratio
1267 3475 1383 3553 operis,

229 3598 318 3657 eruam
351 3580 421 3639 Cato
450 3582 698 3659 praescripserat,
731 3597 790 3639 non
820 3581 891 3638 satis
920 3590 1049 3658 apparet.
1101 3577 1248 3657 simplicia
1277 3590 1382 3641 autem

228 3695 321 3745 tracta
347 3686 482 3744 cillentur
506 3704 571 3744 esse
596 3694 689 3746 tracta
714 3705 772 3746 non
793 3685 974 3765 complicata,
999 3705 1074 3765 qnae
1098 3687 1128 3745 in
1148 3688 1244 3765 ipsam
1264 3689 1381 3766 spiram

230 3794 431 3870 imponuntur.
478 3811 565 3852 unam
595 3804 624 3853 et
648 3792 813 3872 simplicem
837 3802 1000 3853 tractorum
1025 3795 1133 3853 seriem
1156 3795 1381 3874 interpretatur

228 3897 434 3960 llottboellius.
480 3900 531 3958 sed
562 3904 714 3976 imponere
743 3919 813 3960 num
847 3918 914 3960 cum
947 3902 1167 3978 praepositione
1201 3904 1233 3961 in
1267 3910 1301 3962 et
1329 3900 1380 3961 ab·

228 4004 316 4064 lativo
345 4023 414 4065 casu
439 4006 510 4066 Cato
539 4007 661 4085 dixerit,
691 4011 721 4066 in
749 4011 811 4067 solo
841 4011 988 4087 inponite,
1016 4005 1133 4086 dubito,
1163 4006 1200 4067 de
1230 4026 1293 4087 quo
1318 4009 1379 4070 dixi

228 4108 280 4190 52,
299 4109 327 4170 2.
365 4114 464 4190 itaque
488 4122 539 4172 aut
562 4118 721 4189 commuue
745 4112 937 4174 scribendum
961 4123 1016 4195 est,
1040 4113 1118 4193 quod
1142 4114 1180 4175 de
1204 4118 1325 4194 spaeris
1347 4119 1378 4178 in

228 4216 317 4275 simili
341 4235 373 4276 ro
397 4218 508 4279 (lictum
533 4230 579 4279 est
598 4217 640 4281 82
660 4239 712 4279 cus
736 4225 765 4280 in
789 4226 851 4281 solo
875 4225 1034 4298 corrpom'to
1059 4224 1178 4296 densus,
1203 4233 1256 4284 aut
1275 4227 1378 4304 potius

229 4321 382 4381 delendam
413 4327 442 4382 in
471 4330 547 4400 solo,
577 4326 655 4404 quod
685 4345 789 4404 parum
818 4335 885 4405 apte
913 4347 949 4387 ex
978 4329 1185 4408 superioribus
1211 4334 1375 4409 repetitum

229 4437 284 4508 est,
307 4432 349 4487 itu
374 4433 516 4505 imponito,
539 4434 723 4508 conplicibus
746 4438 881 4509 conplete
905 4437 980 4495 bcuc
1003 4444 1079 4495 urie.
