2874 4994
142 298 205 364 120
500 304 692 360 COMMENT.
711 304 750 359 IN
770 300 927 358 CATONIS

140 465 357 541 hipposelinum
387 462 503 521 Graeci
527 468 650 536 vocem,
683 463 740 522 elii
765 461 952 541 zmyrnium,
984 464 1016 520 et
1047 474 1135 520 usum
1161 458 1280 519 rimie

141 570 286 631 medicina
310 564 581 629 describitllllVll
604 563 675 628 133.
721 566 841 627 Catonis
868 573 1026 647 praecepta
1055 566 1086 627 ia
1109 565 1282 659 hippiatriee

140 697 170 758 p.
193 674 259 739 220
287 676 332 738 ed.
361 675 450 755 Gryu.
480 674 619 736 translata
648 692 713 735 esse
742 673 942 735 Schneiderus
970 674 1139 755 adnotavit,
1170 667 1230 735 ἐάν
1253 692 1284 743 ιι.

141 791 208 847 τῶν
236 777 327 869 ζῴων
354 778 419 844 ὑπὸ
447 778 595 863 reveritur
626 778 747 864 δηχθῇ,
770 781 954 862 μελανθίου
977 774 1148 864 ὀξύβαφον
1169 780 1283 864 τρίψας

141 887 179 955 ἐν
202 893 283 977 οἴνῳ
307 886 425 952 εὐώδει
450 887 547 951 δίδου
571 886 627 950 διὰ
650 897 717 951 τῶν
738 888 923 970 μυκτήρων.
951 882 1005 950 ἐπὶ
1023 880 1061 950 δὲ
1078 885 1141 969 τὴν
1157 886 1283 970 πληγὴν

141 992 268 1082 κόπρον
279 994 373 1060 ὑείαν
384 993 599 1059 καιάπλασσε.
619 1002 717 1059 τοῦτο
728 988 764 1057 δὲ
778 990 833 1058 καὶ
845 990 897 1058 ἐπὶ
908 990 1100 1079 ἀνθρώπων
1109 990 1283 1079 ὠφέλιμον.

232 1105 303 1167 ΟΙΠ
330 1103 372 1165 Et
400 1104 482 1165 dato
512 1114 678 1165 rarenter
702 1102 828 1165 bibere
852 1106 1076 1166 commixtam
1099 1122 1179 1165 eum
1202 1122 1283 1185 aqua

143 1212 385 1294 aequabiliter
413 1220 543 1292 quarto
574 1213 699 1291 quinto
734 1230 875 1291 quoque
908 1211 964 1272 die
996 1211 1063 1273 hoo
1091 1213 1146 1273 sie
1179 1211 1286 1275 laeies

145 1326 194 1384 ita
218 1320 329 1382 boues
353 1328 387 1381 et
411 1337 563 1398 corpore
587 1321 793 1380 curatiores
817 1327 924 1381 eruut
942 1329 976 1380 et
995 1317 1142 1381 morbus
1160 1312 1285 1405 aberit]

145 1430 258 1491 Charis.
277 1448 304 1509 p.
325 1427 400 1509 217,
421 1425 462 1489 14
486 1428 642 1489 Rurenter
669 1429 758 1501 Coto,
782 1435 816 1488 ut
839 1431 918 1489 idem
942 1428 1097 1488 illeximus
1120 1436 1215 1504 notet,
1233 1446 1285 1505 pro

144 1556 230 1617 rure,
263 1533 346 1597 ib.8
380 1537 466 1596 Bere
498 1536 605 1595 Cicero
636 1553 694 1611 pro
722 1552 812 1615 rure,
836 1542 872 1622 ot
904 1537 981 1595 idem
1009 1534 1167 1596 Maximus
1194 1542 1286 1605 notet·

149 1646 291 1705 Catonem
320 1661 438 1719 quoque
462 1645 505 1703 ito
529 1645 669 1702 locutum.
716 1658 792 1702 raro
816 1643 960 1720 scriptum
984 1648 1030 1700 est
1055 1636 1129 1723 157,
1150 1638 1193 1703 13
1216 1645 1286 1704 louet

144 1770 228 1813 rure.
275 1746 382 1810 deiude
406 1753 590 1811 commixtam
614 1767 682 1810 cum
707 1767 788 1824 uqoo
812 1752 962 1824 equaliter
990 1757 1101 1823 quarte
1130 1751 1285 1825 quintoque

145 1862 195 1920 elie
217 1860 275 1919 lroe
298 1862 326 1918 si
344 1857 444 1933 socies
467 1859 497 1917 ia
522 1856 623 1917 codiee
642 1855 774 1916 llediceo
794 1874 822 1916 m
843 1857 988 1934 scriptum
1007 1864 1062 1917 est.
1101 1858 1284 1917 commixtam

145 1983 214 2027 eom
246 1983 328 2040 equo
361 1966 564 2040 aequabiliter
596 1970 707 2039 quarto
740 1967 904 2038 eurumque
931 1966 989 2024 die.
1034 1965 1092 2025 leoo
1119 1966 1149 2024 si
1170 1962 1285 2039 seceris,

145 2078 189 2134 ito
213 2075 300 2133 eoves
324 2090 388 2150 sqq.
412 2069 533 2150 Merula,
558 2074 750 2131 coarmiotom
774 2088 842 2130 cum
862 2089 944 2146 aqam
963 2072 1167 2145 aequabiliter
1184 2078 1284 2146 quoru

145 2184 250 2257 quinte
283 2197 401 2255 quoque
434 2181 492 2239 die.
538 2178 595 2238 leee
631 2181 676 2238 sie
706 2176 820 2257 sorim,
853 2180 896 2237 ito
930 2179 1017 2238 beees
1044 2196 1109 2256 sqq.
1138 2175 1284 2239 Victorius.

145 2294 258 2363 quarto
283 2304 401 2362 quoque
425 2288 474 2345 (lie
496 2283 624 2345 Ursinus
648 2285 783 2344 coniecit.
830 2284 1104 2362 antiquissimarum
1131 2284 1284 2345 editionum

146 2392 303 2455 lectionem
335 2391 537 2453 Schneiderus
571 2380 718 2470 exhffioit,
751 2397 862 2450 mutata
897 2391 1106 2451 coniunctione
1137 2390 1286 2453 verbomm

146 2503 177 2561 iu
206 2500 272 2581 his,
305 2502 362 2561 ltoc
392 2503 420 2560 si
442 2498 543 2574 [ecies
572 2501 628 2573 ito,
661 2499 748 2559 boves·
779 2505 807 2558 et
839 2515 970 2574 coemere
997 2502 1172 2561 emeliores
1199 2508 1288 2561 erum.

147 2609 286 2668 restituta
310 2605 437 2666 lectione
460 2605 627 2687 archetypi,
657 2624 745 2685 quam
770 2603 917 2666 Victorius
941 2604 1077 2686 dederat,
1109 2625 1231 2685 pravam
1253 2605 1287 2667 li·

148 2715 338 2774 stinetionem
369 2712 542 2794 verborum,
569 2731 644 2792 quae
674 2712 770 2773 adhue
799 2714 829 2772 iu
857 2710 945 2772 editis
974 2711 1195 2792 exemplaribus
1225 2722 1289 2795 emt,

148 2823 281 2902 correxi,
309 2829 339 2882 et
367 2824 438 2885 doto
466 2830 611 2882 rarenter
640 2822 744 2882 bibere
771 2824 955 2882 commixtum
984 2839 1052 2882 cum
1077 2839 1161 2896 oque
1185 2839 1288 2899 aequo·

149 2929 259 2988 blitter.
306 2936 416 3001 qarorto
444 2931 548 3002 quinto
577 2946 695 3003 quoque
717 2931 768 2989 die
790 2930 848 2989 lroe
870 2931 915 2988 sie
936 2927 1043 3003 socies.
1091 2931 1135 2989 ita
1159 2930 1247 2992 boues
1267 2938 1292 2991 et

151 3053 281 3111 corpore
304 3037 477 3095 correctiores
500 3042 598 3109 eruat,
622 3042 651 3094 et
674 3036 926 3095 mormoreium.
962 3052 1027 3095 nam
1048 3035 1084 3095 de
1103 3033 1208 3098 loturo
1226 3046 1292 3098 tem

149 3160 221 3222 poro
241 3143 271 3201 iu
291 3144 457 3221 praeceptis
477 3143 535 3202 lroe
553 3145 598 3202 sie
614 3140 715 3216 socies
735 3141 929 3203 dubitandum
949 3152 1081 3203 nonest.
1114 3143 1167 3205 sed
1188 3152 1293 3222 quarto

150 3246 255 3325 quinto
279 3267 396 3324 quoque
419 3252 469 3310 (lie
493 3268 552 3309 rma
577 3248 675 3309 addita
695 3248 800 3328 copula
820 3268 891 3310 num
911 3248 1015 3310 Catoni
1034 3249 1230 3314 tribuendum
1252 3254 1295 3333 stt,

149 3357 253 3418 drtbito
283 3366 312 3417 et
341 3364 451 3432 quturto
479 3364 533 3416 aut
561 3360 664 3432 quinto
693 3375 811 3432 quoque
840 3360 889 3417 die
917 3359 1017 3436 potius
1045 3357 1205 3438 legendum
1234 3378 1295 3420 esse

148 3472 231 3544 puto.
277 3462 427 3543 pabulum,
452 3463 529 3542 quod
554 3461 652 3524 billius
676 3463 771 3544 (latur,
796 3482 915 3523 amruca
939 3466 1097 3543 spargitur.
1137 3465 1172 3526 ad
1197 3464 1295 3527 bibeu·

150 3572 221 3632 dum
245 3589 364 3631 aururca
389 3588 455 3629 cura
480 3588 555 3648 aqtta
579 3573 682 3649 aequis
706 3570 841 3650 partibus
865 3573 1023 3631 commixta
1047 3571 1225 3651 praebetur,
1248 3573 1297 3635 sed

150 3697 218 3738 raro
248 3677 349 3737 lubere
378 3677 473 3737 datter.
521 3687 625 3756 quarto
654 3688 705 3739 aut
734 3681 838 3758 quinto
868 3697 987 3758 quoque
1011 3679 1058 3739 die
1083 3679 1156 3742 haee
1180 3682 1241 3762 sie,
1267 3689 1298 3742 ut

151 3785 263 3845 ‹lietum
297 3793 373 3866 erat,
407 3785 539 3845 iacienda
573 3795 650 3847 sunt.
698 3787 834 3846 similiter
867 3787 903 3847 de
937 3786 1038 3851 eorlem
1071 3804 1104 3847 ro
1138 3787 1297 3850 Columella

151 3889 277 3973 v1-t‚4
300 3894 467 3973 praecepit,
495 3897 627 3954 maxime
656 3901 755 3969 tumen
779 3896 909 3955 liabetur
931 3898 1079 3957 solutoris
1102 3914 1248 3972 amurca,
1273 3899 1300 3957 si

152 4004 327 4062 luutrrndem
356 4020 461 4077 oqrrue,
480 4005 608 4062 misceor
632 4010 660 4063 et
683 4022 720 4063 eu
740 4022 836 4079 procus
860 4007 1031 4085 insererem,
1058 4022 1138 4079 quoe
1157 4008 1298 4082 protinus

152 4112 226 4169 duri
252 4127 310 4169 aon
337 4116 450 4185 potest,
477 4112 533 4169 sed
555 4113 656 4185 petrae
684 4112 748 4170 eibi
774 4112 1014 4187 adsererqoatur,
1044 4114 1155 4173 deinde
1183 4116 1299 4189 emique

148 4220 289 4294 portione
317 4218 489 4277 meele‘cotor
517 4235 611 4291 oqrtu,
640 4235 710 4277 mex
736 4221 812 4294 puri
838 4235 981 4279 mensuro
1011 4222 1108 4279 mixto
1136 4221 1299 4281 daturae

104 4346 107 4353 ·
152 4326 330 4383 sutietatem.

243 4425 352 4489 CIVl
387 4428 493 4491 Musti
527 4433 733 4511 quartarios
767 4431 790 4491 x
825 4434 857 4492 io
894 4432 1026 4494 dolium
1055 4432 1174 4494 indito
1206 4435 1296 4495 aceti
