2874 4994
352 330 400 386 Du
419 331 508 387 num
527 332 699 390 cvuuvut
718 333 858 388 amavit
877 333 906 391 0.
928 333 966 390 11
1189 328 1247 409 37,
1327 336 1331 347 “

85 496 149 570 331,
168 507 271 550 errore
289 489 428 564 editionis
445 492 611 551 silvaticae·
624 490 651 550 V
665 491 809 550 omissum
827 499 899 550 erat.
932 490 969 552 dc
989 509 1112 552 numero
1133 499 1231 553 autem

85 595 287 658 silvaticarum
316 596 434 658 falcium
462 595 508 657 vel
536 597 614 675 apud
638 596 779 658 Catonem
807 596 852 657 rel
880 598 956 678 apud
981 595 1142 659 Varronem
1168 616 1232 660 cor·

86 711 179 783 rupto
212 721 270 765 uon
304 711 432 785 constat,
469 704 630 764 vineaticos
662 713 693 765 et
725 704 870 765 rustariae
903 712 1005 783 postea
1037 704 1231 784 appellantur.

85 809 197 872 deinde
234 820 302 891 post
336 828 470 873 vomeres
502 809 637 871 lacunam
669 810 810 892 indicari,
848 829 906 890 qua
938 829 1081 872 numeros
1114 812 1231 875 excidit.

85 936 222 980 vomeres
241 919 280 979 ΙΙ
294 917 486 979 scribendum
508 936 575 979 csse
598 919 713 979 monuit
732 917 945 980 Schneidcrus:
969 936 1037 979 nam
1056 918 1114 978 duo
1134 927 1232 981 aratra

85 1024 232 1106 appellata
251 1034 336 1086 erant
353 1042 444 1104 supra
460 1024 480 1103 ἓ
496 1021 526 1107 2,
544 1032 575 1085 31
593 1024 730 1085 similiter
746 1023 797 1108 10,
810 1022 831 1087 2
846 1031 956 1086 aratra
975 1043 1043 1086 eom
1063 1030 1232 1090 vomeribus

83 1152 150 1194 sex.
187 1134 287 1212 itaque
311 1131 502 1194 scribendum
526 1140 572 1192 est
590 1132 793 1215 ferramento,
812 1132 912 1209 falces
934 1135 1150 1211 sirpieviasV,
1170 1134 1230 1211 fol·

84 1258 138 1302 ees
164 1243 319 1302 silvaticos
343 1240 396 1320 VI,
427 1241 610 1301 arborarias
633 1241 698 1315 III,
725 1257 850 1301 secares
875 1240 906 1316 V,
935 1258 1046 1302 evaeos
1070 1243 1153 1320 IIII,
1181 1261 1230 1304 vo·

83 1365 184 1410 meres
207 1348 254 1423 II,
278 1346 403 1423 ferreos
425 1348 470 1423 X,
490 1351 584 1424 ‘potas
609 1347 658 1408 VI.
689 1379 727 1390 -
758 1365 881 1409 seeores
899 1342 964 1408 'hoc
992 1346 1057 1408 loco
1085 1351 1229 1429 scriptum

83 1463 141 1535 est,
165 1455 236 1517 item
257 1450 373 1537 135,1.
410 1452 480 1514 olim
501 1457 619 1516 securis
643 1455 764 1533 scripsi,
788 1454 865 1534 quod
890 1456 920 1515 in
945 1453 1098 1516 codicibus
1121 1454 1229 1536 legitur

85 1561 138 1647 10,
151 1559 181 1625 3.
218 1561 369 1641 archetypi
392 1563 550 1643 scriptura,
574 1563 600 1622 si
623 1560 791 1641 apographa
815 1570 845 1622 et
863 1560 1039 1623 Politianum
1065 1566 1228 1646 sequimur,

82 1674 116 1733 in
138 1669 186 1731 bis
209 1669 313 1729 lormis
332 1670 492 1729 accusativi
511 1672 537 1730 is
555 1669 631 1730 flulti
650 1677 789 1729 constans
808 1685 868 1728 nou
888 1667 952 1729 suit.
986 1671 1016 1729 in
1036 1667 1228 1732 substantivis

82 1774 255 1838 nominibus
277 1774 351 1836 haec
375 1774 508 1855 exempla
532 1777 639 1856 notari,
665 1772 714 1855 18,
729 1770 764 1856 5,
788 1771 808 1836 8
827 1778 954 1854 canolas,
976 1772 1065 1859 48,2
1085 1782 1180 1839 eratis
1200 1789 1230 1841 31

46 1934 65 1960 χ
85 1882 138 1965 10,
157 1881 187 1946 2.
214 1880 262 1965 11,
280 1881 302 1944 4
325 1890 440 1957 crates,
466 1879 516 1962 10,
535 1878 555 1942 3
576 1881 706 1959 forpicis
729 1890 760 1941 et
785 1878 836 1962 11,
853 1878 875 1943 5
895 1881 1045 1964 forpices,
1072 1880 1114 1945 26
1135 1883 1229 1967 sono,

83 1992 206 2071 saepius
225 1990 330 2070 sones,
360 1986 449 2067 11,5
478 1993 601 2063 lontris,
628 1985 680 2065 20,
700 1985 729 2050 2.
757 1985 857 2068 21,1.
888 1985 959 2069 135,
979 1987 1012 2071 63
1042 1987 1059 2049 7
1089 1993 1171 2052 orbis
1199 2001 1230 2053 et

86 2095 139 2178 10,
157 2096 187 2159 4.
211 2094 263 2160 68.
289 2093 400 2178 135,6
423 2099 524 2179 orbes,
552 2093 582 2156 4.
607 2093 692 2176 14,1
716 2099 889 2174 praesepis,
918 2093 958 2157 27
983 2098 1100 2158 scrobis
1123 2107 1153 2157 et
1176 2095 1228 2159 40.

83 2202 129 2267 43
147 2207 278 2287 serobes,
301 2201 396 2287 32,1.
421 2199 509 2285 37,5
527 2205 603 2277 vitis,
627 2204 744 2282 saepius
767 2207 850 2264 vites.
888 2222 923 2263 ex
943 2202 1065 2282 reliquis
1085 2223 1227 2265 memora·

82 2310 155 2372 bilia
179 2320 249 2372 sunt
271 2309 352 2391 baec,
378 2307 463 2391 13,2
486 2327 599 2372 concas
620 2312 745 2370 maioris
769 2310 809 2369 II
828 2317 857 2370 et
879 2312 1004 2371 minoris
1029 2311 1067 2370 II
1087 2319 1116 2370 31
1143 2310 1227 2393 14,2

82 2422 223 2498 maioris,
251 2415 303 2498 21,
322 2415 351 2479 2.
379 2415 437 2501 40,
458 2415 487 2480 3
503 2420 650 2495 primoris
678 2418 800 2492 dicitas,
830 2411 1041 2493 sarecenos,
1067 2414 1117 2494 10,
1139 2417 1169 2496 13
1198 2416 1227 2480 2.

86 2521 138 2600 13,
152 2523 183 2586 2.
209 2521 258 2606 18,
272 2521 302 2584 9.
327 2521 399 2607 115,
414 2521 443 2586 2.
468 2521 574 2604 127,1
600 2527 664 2586 tras.

175 2626 196 2692 5
220 2631 241 2690 F
248 2630 368 2691 aculas
391 2631 587 2692 uiniaticas
605 2629 656 2690 XL
680 2630 816 2691 faculas
838 2631 1015 2691 rustarias
1034 2628 1074 2708 X]
1094 2633 1227 2693 Foevias

82 2742 235 2801 vinaticas
250 2740 358 2813 viqinti
370 2744 399 2798 et
412 2742 597 2799 rusticorios
607 2741 710 2800 decem
719 2737 840 2817 Merula,
851 2737 975 2814 facoios
985 2741 1153 2800 vineaticos
1160 2740 1194 2799 X
1193 2740 1226 2815 L,
1237 2724 1239 2729 ⁵

79 2845 208 2922 saevias
230 2847 391 2905 roscarios
408 2845 443 2904 X
459 2842 607 2905 Victorius
629 2846 661 2904 in
679 2843 822 2906 editione:
846 2861 913 2905 uam
932 2845 963 2904 in
982 2843 1226 2924 explicationibus

84 2954 241 3013 rosierias
263 2949 358 3031 dedit,
381 2951 460 3011 sicut
482 2951 513 3010 in
536 2949 696 3030 archetypo
720 2952 864 3030 scriptum
887 2952 1049 3013 invenerat.
1092 2951 1226 3028 saivalos

82 3062 252 3121 vineaticos
271 3058 328 3118 XL
352 3065 382 3118 31
401 3057 536 3134 folcoino
559 3061 712 3119 rosierias
730 3059 766 3119 X
786 3057 857 3136 legit
879 3057 971 3119 Varro
990 3058 1008 3119 1.
1027 3077 1052 3119 3.
1076 3058 1112 3119 33
1137 3059 1225 3122 13133-

81 3167 178 3227 larum
200 3183 257 3226 usu
276 3166 307 3225 iu
326 3165 473 3226 vindemia
492 3164 596 3227 scribit
615 3164 774 3227 Columella
794 3164 847 3226 1111
870 3163 953 3247 18,2
977 3184 1033 3227 nee
1052 3169 1150 3228 minos
1165 3167 1225 3243 sol·

81 3278 172 3336 coloe
194 3281 224 3334 et
247 3291 362 3349 vopoes
382 3272 484 3349 ferrei
505 3290 596 3349 qvam
611 3276 739 3351 plorimi
753 3275 891 3351 parandi
908 3281 938 3333 et
956 3277 1225 3356 enarmonicum,

80 3401 120 3444 ae
151 3383 353 3442 vindemiator
385 3399 477 3441 manv
509 3383 680 3457 destrinpot
706 3399 781 3441 vvos
808 3388 838 3441 et
864 3397 924 3441 non
951 3382 1075 3440 minima
1100 3376 1225 3456 fructos

77 3491 181 3568 portio
205 3490 350 3564 dispersis
374 3491 473 3549 acinis
495 3491 526 3549 in
550 3495 665 3550 terrum
689 3491 855 3563 dilabatur,
878 3486 929 3548 ubi
952 3488 1023 3548 item
1043 3486 1170 3563 socoioe
1194 3492 1224 3550 in

82 3595 332 3676 Saugermancusi
351 3594 454 3655 codice
473 3596 618 3675 scriptum
637 3602 691 3656 est
725 3595 844 3672 solonio
863 3594 940 3675 apud
956 3592 1097 3655 Catonem
1115 3594 1224 3675 legitur

80 3699 169 3785 54,3
193 3704 276 3778 qvod
293 3701 412 3778 folonia
435 3705 579 3774 serveris,
602 3704 674 3763 item
694 3702 844 3779 falcicula
867 3698 1113 3782 Pallad.143,3
1134 3702 1224 3779 falci·

78 3814 168 3872 colas
200 3811 390 3871 brevissimos
422 3811 589 3884 tobolotos,
621 3812 729 3885 qvibvs
756 3813 869 3884 filicem
899 3814 1026 3871 solemus
1056 3799 1243 3872 abscidere*

79 3915 193 3979 1333133
221 3933 237 3975 3
264 3913 379 3977 lacibus
403 3915 496 3976 dictas
520 3915 590 3976 Cato
614 3913 705 3997 37,3
729 3924 758 3976 ct
781 3913 873 3976 Varro
897 3916 932 3976 de
956 3914 1024 3994 ling.
1049 3915 1097 3976 133
1117 3915 1140 3973 V
1160 3915 1222 3979 137

79 4021 238 4104 appellant.
275 4022 326 4082 sed
346 4041 398 4083 333
418 4025 448 4083 13
468 4022 655 4084 ferramentis
678 4022 776 4084 locum
795 4040 854 4083 non
874 4021 992 4102 babent,
1015 4022 1066 4082 sed
1091 4022 1222 4086 13133133.

79 4131 229 4193 rostariae
252 4138 350 4190 autem
374 4129 464 4191 ialces
488 4148 563 4211 quse
587 4131 655 4210 sint,
678 4148 738 4191 uon
761 4137 885 4192 constat.
927 4128 1086 4191 Turnebus
1109 4130 1222 4193 advers.

81 4234 134 4319 13,
154 4234 197 4298 26
225 4239 440 4317 interpretatur
468 4237 558 4299 falces
581 4233 706 4318 ‘quibus
735 4240 799 4299 ruri
823 4246 960 4298 secantur
983 4235 1065 4320 rubi,
1094 4241 1146 4318 qui
1168 4257 1222 4318 per

79 4364 167 4425 agros
191 4339 333 4424 serpunt'
356 4343 419 4405 coll.
444 4343 522 4405 Fest.
545 4363 573 4424 p.
593 4341 669 4426 265,
684 4342 727 4407 34
750 4346 878 4406 Rostom
902 4363 941 4405 ex
963 4347 1059 4406 rubos
1074 4393 1080 4405 .
1096 4392 1124 4405 ..

171 4446 776 4531 0333353133333331333111133313
796 4453 928 4512 sataria
949 4451 1006 4513 uel
1020 4451 1142 4513 alueos
1156 4451 1221 4531 XL]
