2874 4994
148 300 212 363 292
491 303 680 359 COMMENT.
699 304 739 357 IN
758 300 946 358 VARRONIS

148 464 188 522 ita
213 459 359 542 supplevi,
382 463 437 520 sea
459 467 488 520 et
511 463 542 519 ia
566 477 656 534 ariam
686 461 877 519 transiturae
903 459 967 517 siat
988 472 1076 532 apes,
1099 472 1135 514 en
1155 457 1257 531 apiastro

145 569 360 646 perfricanda.

239 675 287 734 Ne
311 693 387 735 cum
413 673 740 734 animaduerterint
759 679 819 732 aut
842 671 1000 750 inopiam
1025 686 1105 730 esse
1127 666 1259 729 habuisse

149 782 276 843 dicitis
309 783 358 841 ait
391 800 467 841 oum
506 783 578 840 siut
615 798 697 859 apes
731 777 913 839 morbidae
945 784 1098 857 propter
1127 777 1261 856 primorie

149 907 280 949 uernos
311 897 435 967 pastus
467 888 528 966 qui
557 906 596 946 ex
627 884 784 946 iloribus
812 886 916 946 nucis
943 900 1095 963 graecae
1122 891 1156 944 et
1180 899 1261 944 cornu

148 996 245 1057 iiuut
282 994 460 1055 coeliacos
499 994 582 1054 lieri
620 1001 727 1072 atque
765 994 869 1053 urina
902 1001 1006 1071 potas
1039 990 1146 1051 reiici
1175 988 1208 1050 dc
1231 991 1261 1049 iis

147 1100 324 1182 propolim
349 1099 492 1177 runcant]
517 1099 549 1159 ln
574 1101 708 1179 principe
729 1099 858 1160 editione
881 1098 954 1159 haec
978 1099 1018 1159 ita
1043 1098 1122 1159 edita
1144 1105 1263 1178 eranam

149 1227 218 1270 cara
248 1211 532 1282 animadverterint,
557 1215 610 1267 crat
639 1209 772 1284 inopiam
800 1223 889 1267 escae
911 1206 1057 1266 babuisse
1080 1205 1206 1284 dicatur,
1226 1212 1264 1264 art

148 1335 216 1378 cara
239 1324 311 1377 sant
333 1334 404 1392 apes
427 1317 585 1375 morbidae
604 1322 733 1391 propter
752 1316 900 1390 primoris
918 1330 1033 1374 aeraos
1052 1312 1226 1391 pastas-qai
1237 1328 1263 1370 a

144 1426 274 1499 floribus
307 1427 395 1485 aucis
424 1441 561 1497 praeeae
594 1431 623 1482 et
655 1440 751 1483 cornu
783 1424 877 1500 fiant,
908 1423 1065 1481 coeliacus
1092 1421 1176 1495 ficri,
1199 1424 1265 1492 aaa

148 1534 242 1591 arira
263 1539 336 1607 pota
360 1533 455 1603 refici.
493 1532 531 1589 de
554 1531 601 1589 bis
621 1531 771 1606 propolim
794 1536 913 1608 rorant,
936 1527 989 1588 ubi
1012 1529 1159 1588 dicantar
1180 1521 1265 1586 derod-

148 1637 213 1717 dus,
229 1640 381 1714 primores
402 1635 560 1716 lucuudus,
575 1655 622 1716 ae,
637 1639 665 1696 si
682 1653 742 1696 aaa
762 1636 1045 1710 animadverterint,
1061 1636 1188 1710 inopiam
1202 1647 1266 1692 escae

149 1746 293 1805 habuisse
316 1747 470 1804 dicantar.
509 1751 541 1802 at
560 1761 628 1803 eam
646 1750 717 1802 sant
740 1761 812 1819 apes
831 1743 989 1802 morbidae
1007 1749 1039 1801 et
1058 1738 1164 1801 deinde
1181 1740 1265 1799 caelia·

150 1869 203 1911 eas
223 1854 297 1923 fieri
315 1853 461 1911 dicantar
480 1849 629 1928 Angelius.
668 1848 789 1909 Aldinae
813 1847 952 1908 editionis
970 1847 1132 1909 lectionem
1150 1845 1266 1905 Victorius

149 1964 181 2015 et
208 1955 314 2016 deinde
343 1956 451 2034 reliqui
484 1957 615 2017 editores
648 1964 836 2035 receperant.
885 1955 1038 2034 archetypi
1071 1955 1265 2033 scripturama

151 2061 280 2123 Victorio
311 2062 469 2123 iudicatam
500 2062 631 2140 Scaliger
662 2062 820 2123 emendare
852 2063 967 2123 studuit
996 2062 1026 2122 iu
1059 2061 1139 2122 huuc
1169 2057 1266 2133 moduu,

147 2188 212 2243 nec,
236 2187 304 2229 ram
330 2171 603 2229 animadverterint
626 2172 712 2230 baad
734 2173 867 2246 inopiam
890 2188 967 2250 esse,
991 2170 1122 2229 abluisse
1145 2169 1216 2227 dicit.
1250 2165 1266 2221 is

148 2279 201 2356 ait,
226 2294 293 2335 eam
317 2285 386 2337 sant
406 2296 478 2354 apes
498 2278 655 2337 morbidae
674 2286 739 2357 etc,
762 2276 790 2337 h.
806 2296 832 2337 e.
851 2272 923 2336 ‘nec
947 2292 1027 2354 apes,
1047 2275 1153 2356 iuquit,
1169 2271 1265 2332 elisisse

148 2383 228 2463 dicii,
253 2401 321 2443 cum
345 2383 608 2443 animadverterint
631 2402 690 2443 uon
715 2402 781 2444 esse
804 2385 934 2462 inopiam
958 2377 1043 2461 cibi’‚
1069 2390 1102 2442 ut
1126 2379 1193 2441 haec
1212 2394 1263 2457 quo·

143 2510 208 2569 quc
233 2490 267 2549 ad
288 2489 487 2550 Menecratem
513 2491 689 2550 reserantur.
727 2491 837 2550 maiore
861 2488 980 2550 licentia
1000 2506 1073 2548 usus
1097 2486 1266 2561 estAUrsious,

147 2597 198 2675 qui
232 2597 355 2657 eandem
385 2599 562 2657 seutentiam
592 2598 631 2656 ita
663 2600 822 2677 expressit,
850 2615 900 2672 ae,
929 2594 1267 2656 camantmaaaeraria

150 2706 213 2763 cibi
236 2707 367 2779 inopiam
387 2724 458 2777 esse,
479 2706 598 2764 abeant.
638 2704 830 2764 sileaecrates
849 2707 894 2763 ait
913 2722 986 2779 apes
1001 2711 1132 2779 propter
1147 2703 1267 2778 primores

148 2827 256 2868 rrerrros
276 2819 383 2884 pastus
407 2829 446 2869 aa
466 2812 596 2883 (loribus
619 2813 707 2870 araris
728 2829 865 2886 praecae
888 2817 917 2870 ct
940 2827 1038 2869 corna
1061 2812 1160 2870 solere
1180 2807 1265 2866 raetia·

149 2933 202 2974 aas
223 2918 303 2988 fieri,
323 2934 435 2990 easque
455 2919 547 2976 arina
565 2915 647 2990 sutas
667 2921 762 2991 retici.
799 2915 877 2976 idem
897 2915 1057 2994 posthaec
1077 2913 1167 2975 multa
1184 2914 1266 2972 omissa

149 3040 215 3081 esse
235 3021 404 3082 adnotavit.
451 3021 554 3082 lacrum
586 3032 726 3102 corrupta
757 3041 823 3083 esse
854 3021 943 3083 rerba
971 3021 1124 3083 Gesnerus
1153 3028 1181 3080 et
1207 3015 1266 3076 aaut

145 3127 264 3189 ieldtius
284 3138 396 3208 quaest.
417 3130 482 3190 crit.
504 3132 532 3189 in
554 3127 635 3190 Varr.
652 3148 708 3190 rer.
724 3139 798 3191 rust.
818 3128 883 3189 libr.
900 3126 1183 3208 praemonuerunt
1219 3140 1267 3183 uau

147 3253 214 3294 cum
239 3236 368 3313 primum
393 3234 429 3295 do
455 3236 668 3296 transferendis
697 3236 815 3315 apibus,
844 3235 951 3296 deinde
983 3234 1019 3295 de
1051 3233 1186 3296 sanandis
1210 3246 1267 3291 ruor-

149 3338 224 3400 lridis
248 3344 461 3422 praecipiatur,
486 3346 564 3403 inter
587 3341 661 3403 haec
686 3342 744 3403 duo
769 3361 877 3421 genera
901 3350 1130 3422 praeceptorum
1153 3338 1269 3420 quaedam

146 3447 338 3529 exciderunt,
366 3451 396 3507 in
426 3448 535 3527 quibus
564 3467 673 3509 nomen
702 3453 767 3511 eius
797 3453 884 3510 cuius
906 3458 1066 3528 praecepta
1090 3447 1193 3508 deiude
1213 3444 1270 3505 rele

145 3563 253 3613 rantur
277 3553 455 3631 appellatum
479 3564 550 3616 erat.
597 3557 696 3635 itaque
722 3556 855 3617 lacunam
879 3563 946 3635 post
973 3559 1108 3633 inopiam
1132 3573 1192 3616 esse
1212 3549 1269 3612 iudi·

144 3662 216 3736 cavi,
241 3659 353 3736 reliqna
385 3663 413 3720 in
444 3660 524 3722 huuc
552 3663 672 3723 modum
702 3666 824 3745 scripsi,
847 3682 898 3738 ae,
922 3681 991 3724 curn
1018 3660 1272 3723 animadverterint

144 3771 199 3825 aut
223 3767 354 3841 inopiam
382 3770 633 3829 esseebnbaisse
662 3772 744 3829 dicit.
791 3773 817 3829 is
845 3772 901 3844 ait,
931 3787 999 3831 eam
1026 3772 1089 3830 siat
1116 3785 1186 3845 apes
1210 3782 1272 3825 aar·

144 3872 235 3932 bidae
263 3881 390 3949 propter
421 3877 566 3949 primoris
599 3893 707 3936 aeraos
736 3883 857 3954 pastas,
890 3878 944 3950 qai
975 3893 1015 3936 ea
1043 3877 1174 3950 floribus
1202 3871 1274 3933 naris

139 3997 276 4053 praeeae
304 3987 333 4039 et
360 3998 472 4040 corma
497 3984 589 4055 artat,
614 3985 765 4042 coeliacos
791 3984 867 4054 fieri
888 3989 980 4056 atque
1002 3985 1097 4043 arina
1118 3990 1189 4059 pata
1217 3979 1273 4050 refi-

142 4088 275 4146 ciendas.
319 4090 468 4161 propolim
492 4094 601 4148 nocant
624 4106 687 4167 sqq.
713 4120 753 4129 -
778 4089 869 4149 corni
891 4086 1094 4149 Solrneiderus
1125 4091 1155 4149 in
1177 4085 1274 4149 Colum.

144 4189 181 4249 lX
203 4187 253 4269 13,
272 4188 301 4249 2.
344 4209 398 4267 pro
422 4191 477 4252 hoc
501 4212 614 4254 coraus
637 4197 757 4273 scripsi:
783 4212 848 4255 narn
873 4203 955 4255 certa
981 4194 1117 4275 exempla
1143 4193 1273 4257 secundae

141 4294 347 4356 declinationis
370 4299 399 4356 in
425 4299 566 4376 singulari
591 4319 716 4360 numero
741 4321 799 4362 nou
824 4304 931 4362 inveni.

231 4397 273 4462 23
293 4401 316 4462 Ε
336 4423 404 4484 quo
425 4406 562 4466 iaciunt
581 4407 619 4466 ad
643 4408 800 4469 foramen
825 4410 1002 4470 introitus
1025 4418 1224 4488 protectum
1241 4408 1269 4465 iu
