2874 4994
227 321 288 385 186
583 327 774 383 COMMENT.
794 328 833 382 IN
852 327 1009 384 CATONIS

222 485 253 543 in
282 485 497 562 antiquissimis
520 483 701 544 editionibus
722 486 927 563 praescriptus
950 491 997 544 est
1020 484 1200 561 Asparapas
1223 488 1370 561 quomodo

222 598 355 652 seratur.
376 593 484 652 omissa
494 593 728 671 praescriptione
736 591 887 652 lucundus
897 593 1014 652 initium
1025 593 1131 671 capitis
1141 593 1182 653 ita
1192 592 1370 673 immutarit,

223 699 345 773 Locum,
370 700 423 759 abi
445 717 632 776 asparagum
654 718 750 779 seras,
776 701 852 761 bene
874 701 1016 775 subigere
1038 707 1156 776 oportet
1178 716 1245 779 sqq.
1293 699 1369 761 codi-

222 825 289 866 cum
314 808 492 885 scripturam
517 804 667 867 Vlctorius
690 808 831 867 restituit.
874 814 941 885 post
963 806 1043 867 bunc
1063 806 1215 868 Gesnerus
1238 824 1367 886 eaquae

221 915 404 992 praescripta
424 921 508 974 erant
527 915 557 974 in
577 921 690 973 textum
712 913 869 975 verborum
889 917 1010 995 recepit,
1030 915 1066 975 de
1082 933 1141 995 quo
1155 933 1246 995 supra
1261 934 1290 977 c.
1306 912 1365 978 106

222 1021 291 1081 dixi.
338 1039 417 1081 ntrnc
441 1019 606 1081 adscribam
631 1039 705 1100 quae
725 1020 874 1083 Victorius
897 1021 953 1083 hoc
977 1021 1041 1083 loco
1065 1024 1096 1082 iu
1120 1021 1366 1101 explicationibus

222 1128 258 1187 de
291 1127 457 1207 codicibus,
490 1127 598 1207 quibus
631 1147 703 1189 usus
737 1136 813 1209 erat,
847 1139 877 1189 et
904 1128 940 1190 de
969 1147 1022 1189 sua
1051 1128 1182 1191 editione
1210 1129 1362 1191 adnotavit.

222 1231 345 1296 ‘Locum
370 1235 508 1315 subigere
532 1244 651 1315 oportet
674 1235 763 1296 bene:
787 1235 874 1297 Plura
898 1236 946 1298 hic
970 1245 1055 1298 autea
1077 1236 1165 1298 verba
1185 1237 1360 1319 legebantur,

223 1360 297 1420 quae
323 1344 390 1422 quia
415 1344 445 1402 iu
469 1361 557 1403 manu
582 1344 702 1421 scriptis
724 1361 783 1403 non
802 1345 911 1424 iuveni,
934 1353 1041 1405 cuncta
1061 1342 1166 1405 delevi:
1192 1343 1240 1405 illa
1260 1352 1358 1425 autem

221 1459 254 1510 ut
277 1469 312 1510 ex
336 1449 438 1510 multis
462 1449 535 1510 locis
559 1448 672 1529 liquido
696 1458 826 1530 apparet,
850 1449 948 1510 addita
972 1451 1090 1512 fuerant
1111 1449 1147 1511 ab
1167 1453 1214 1533 iis,
1238 1455 1290 1532 qui
1307 1454 1353 1513 sin·

219 1555 355 1634 gulorum
385 1558 516 1636 capitum
544 1559 755 1637 inscriptiones
785 1556 976 1618 sustulerant.
1022 1577 1089 1619 cum
1114 1561 1194 1619 enirn
1219 1576 1306 1638 saepe
1325 1577 1351 1620 er

220 1663 314 1724 titulis
347 1666 420 1743 ipsis
453 1682 552 1724 sermo
580 1665 700 1725 Catonis
732 1664 890 1745 penderet,
921 1664 965 1724 illi
995 1675 1094 1726 autem
1123 1664 1233 1726 sublati
1260 1666 1349 1748 loreut,

221 1773 372 1832 necesario
397 1771 558 1850 adiungere
582 1771 692 1851 aliquid
718 1771 882 1852 oportebat,
906 1771 984 1851 quod
1009 1772 1046 1833 de
1071 1791 1127 1853 qua
1147 1790 1180 1833 re
1200 1775 1296 1853 capite
1313 1773 1352 1835 illo

220 1888 372 1959 ageretur,
404 1879 584 1940 ostenderet.
636 1882 700 1958 ipse
728 1879 875 1940 diversam
903 1881 1048 1940 rationem
1077 1889 1201 1941 secutus
1229 1899 1308 1963 sum,
1331 1892 1370 1946 et

221 1985 467 2066 quemadmodum
497 1988 526 2046 iu
555 1985 692 2047 omnibus
721 1988 851 2066 antiquis
878 1986 1097 2066 exemplaribus
1119 1988 1233 2069 inueni,
1262 1991 1380 2051 inscri-

220 2095 337 2173 ptiones
360 2101 428 2153 ante
451 2092 565 2172 singula
589 2096 684 2172 capita
709 2092 845 2174 adposui,
872 2102 900 2154 ot
925 2112 1120 2174 quaecunque
1144 2112 1242 2173 nuper
1266 2097 1295 2156 iu
1318 2115 1394 2158 ca-

221 2199 331 2279 pitibus
363 2201 436 2280 ipsis
468 2201 675 2280 adcreverant,
708 2200 811 2261 abieci.
863 2211 946 2261 erant
981 2211 1079 2261 autem
1111 2201 1178 2262 illae
1206 2201 1404 2265 rubricatis

219 2306 314 2367 literis
342 2309 496 2388 formatae,
528 2316 561 2368 ut
589 2306 704 2369 facilius
733 2308 989 2386 dignoscerentur.
1046 2309 1123 2386 quod
1153 2311 1249 2389 siquis
1281 2329 1410 2371 accu-

220 2424 284 2475 rate
312 2414 444 2476 attendat
467 2433 636 2474 sermonem
658 2417 805 2493 ipsarum,
833 2414 952 2494 elegans
976 2423 1022 2476 est
1045 2423 1075 2474 et
1098 2414 1135 2474 ab
1158 2415 1280 2478 Catonis
1300 2434 1413 2477 ora-

220 2524 299 2583 tione
328 2542 386 2583 non
414 2522 568 2582 abhorret:
588 2520 696 2581 'multis
725 2530 806 2582 certe
834 2521 908 2582 locis
932 2524 971 2582 ita
995 2524 1197 2583 nescessariae
1221 2531 1304 2607 sunt,
1332 2526 1417 2583 ut

220 2632 283 2690 sine
303 2632 376 2708 ipsis
396 2633 492 2690 omnis
510 2637 612 2709 postea
632 2647 730 2688 sermo
748 2628 943 2707 perturbatus
961 2631 1197 2708 imminutusquc
1215 2632 1263 2692 sit.
1292 2630 1419 2711 quot

220 2737 404 2797 incommoda
425 2755 459 2796 ex
480 2737 605 2797 aliorum
625 2744 830 2797 correctorum
850 2736 967 2796 licentia
982 2738 1159 2817 extitissent,
1178 2745 1213 2798 ut
1227 2737 1404 2805 arbitmr‘,

221 2844 400 2925 intelligent,
429 2846 481 2923 qui
509 2844 665 2923 diligenter
694 2861 768 2923 quae
795 2843 831 2903 ab
855 2845 985 2922 antiquis
1009 2843 1092 2904 libris
1115 2843 1159 2904 illi
1184 2847 1344 2906 variaretur
1359 2838 1402 2895 l

221 2951 376 3012 ridebunt:
396 2970 463 3011 uam
483 2953 512 3011 in
534 2953 644 3011 uostris
663 2969 834 3029 expressam
855 2959 982 3011 retorem
999 2953 1179 3030 scripturam
1195 2943 1380 3013 invenieut'a

222 3088 260 3101 -
290 3058 410 3119 Catonis
442 3065 600 3136 praecepta
628 3057 664 3116 de
693 3075 834 3136 asparago
863 3057 977 3119 Plinius
1005 3056 1072 3118 xlx
1098 3055 1160 3119 147
1192 3077 1251 3120 non
1277 3058 1355 3139 plane

219 3176 356 3226 accurrate
376 3165 500 3245 rettulit,
519 3167 603 3226 Niliil
620 3168 795 3240 diligentias
814 3168 1042 3242 comprehendit
1059 3165 1140 3240 Cato,
1159 3170 1348 3229 novissimum·

218 3291 277 3347 que
299 3275 373 3334 libri
394 3282 446 3355 est,
469 3281 504 3333 ut
526 3279 678 3349 appareat
701 3280 853 3348 repentem
877 3291 915 3333 uc
938 3276 1088 3334 noviciam
1112 3270 1192 3352 (rem
1210 3283 1350 3352 repentem

219 3398 257 3441 ae
289 3384 437 3442 noviciam
472 3378 660 3458 Mayboiiius,
693 3387 845 3441 recentem
876 3382 958 3441 banc
989 3383 1127 3441 notitiam
1160 3378 1352 3465 Deileisenus)

216 3485 320 3562 saissa.
373 3491 471 3548 iocum
503 3489 605 3562 subipi
636 3489 718 3547 iubet
749 3490 883 3548 umidum
918 3496 972 3547 aut
1004 3505 1155 3561 crassum,
1187 3492 1356 3567 semipedali

218 3596 352 3668 tradique
376 3596 534 3653 interuallo
557 3597 629 3668 seri,
652 3613 690 3654 ne
713 3598 860 3673 calcetur,
879 3603 1047 3671 praeterea
1070 3597 1113 3654 ad
1130 3597 1244 3656 lineum
1260 3616 1356 3673 pruno

220 3701 292 3758 bina
312 3708 366 3760 aut
385 3708 474 3760 ternu
490 3704 607 3776 paxillo
627 3704 744 3762 demitti
761 3695 916 3783 (uidelicet
934 3705 1046 3763 semiue
1065 3710 1127 3761 tum
1146 3709 1266 3764 tuntum
1283 3724 1356 3768 sere·

218 3800 358 3884 bantur),
401 3807 434 3864 id
469 3809 545 3879 fieri
584 3812 749 3868 sectandum
787 3812 1011 3883 aequinoctium
1044 3826 1184 3889 uernum,
1226 3819 1359 3874 stercore

217 3915 336 3992 satiari,
356 3915 465 3974 crebro
481 3919 625 3995 purgari,
644 3919 750 3976 caueri
765 3935 803 3976 ae
818 3934 885 3976 cum
900 3917 1003 3976 uerbis
1017 3919 1165 3976 evellatur
1179 3932 1361 3995 oaparapus.

213 4022 313 4095 primo
346 4039 426 4082 anno
454 4029 619 4084 strumento
648 4025 687 4083 ab
714 4026 810 4084 bieme
835 4027 969 4100 protegi,
1002 4042 1073 4084 vere
1101 4027 1234 4100 aperiri,
1267 4030 1364 4088 sariri

217 4132 360 4201 runcari,
388 4132 477 4188 tertio
505 4132 630 4190 iacendi
652 4148 752 4190 verno.
798 4148 857 4205 pao
880 4134 1030 4191 maturius
1054 4134 1196 4191 incensas
1219 4140 1277 4207 est,
1305 4135 1363 4196 boe

217 4237 322 4294 caelius
352 4238 499 4309 prouenit.
555 4239 657 4310 itaque
688 4239 901 4298 harundinetis
934 4242 1065 4299 raaxime
1098 4242 1251 4313 conuenit,
1283 4257 1364 4315 quae

215 4341 362 4414 festinant
390 4344 520 4402 iacendi.
565 4347 664 4403 sariri
690 4345 771 4404 iubet
795 4347 873 4405 idem
896 4364 956 4406 noa
980 4354 1051 4406 ante
1074 4363 1165 4420 quam
1187 4363 1364 4423 aspurupus

218 4456 307 4507 iratus
335 4445 445 4528 suerit,
477 4468 515 4510 ae
547 4453 579 4510 in
610 4453 755 4512 sariendo
787 4454 911 4513 radices
944 4461 1101 4514 vexentur.
1153 4470 1194 4514 ea
1226 4468 1263 4516 aa
1295 4458 1367 4517 aelii
