2874 4994
140 316 183 382 56
481 280 936 381 conusen'mv‘uenoms

141 489 186 541 tes
210 479 269 540 dici
292 497 342 541 eos
366 481 418 559 qui
438 497 546 559 ‚magna
565 479 719 541 latifundia
736 479 855 541 habent.
882 496 974 555 quom
989 486 1112 557 portem
1128 483 1158 542 tc

142 590 242 648 dicitis
265 589 446 648 domesticae
465 590 572 664 copiae
594 589 790 665 suppeditare
807 590 904 648 solent
926 588 1055 648 coniecit
1074 585 1158 648 Schn

142 694 193 755 sed
212 691 303 754 Varro
328 712 363 754 eo
386 697 505 755 nomine
529 697 649 755 omnino
668 713 741 756 usus
761 713 820 756 non
839 701 895 776 est,
913 694 966 755 sed
989 697 1048 756 loti
1064 693 1158 772 fundi

142 801 283 861 dicuntur
315 802 366 879 qui
398 818 488 880 supro
520 800 592 861 dieti
620 810 704 862 erant
737 805 862 862 diuitem
888 804 1006 878 copiosi
1036 804 1122 879 cori,
1148 819 1158 862 s

142 909 254 970 domini
280 907 407 968 latorum
434 907 593 968 fundorum
621 910 780 970 instituere
813 915 1046 989 consueverunt,
1074 915 1109 969 ut
1140 926 1158 969 o

142 1034 233 1095 opera
255 1013 436 1076 conficienda
460 1014 651 1076 domesticam
675 1015 823 1076 artificum
847 1016 962 1094 copiam
984 1012 1158 1096 habeanta

142 1122 250 1182 fundos
273 1122 461 1182 transfertur.

212 1226 253 1290 ·6
286 1226 421 1301 Quibus
454 1231 620 1308 utrisque
653 1229 762 1291 rebus
798 1227 904 1290 euehi
940 1235 1048 1319 atque
1085 1229 1158 1288 inus

144 1334 252 1396 murita
275 1333 420 1414 praedia
444 1335 590 1413 scimus]
610 1338 719 1398 Iacchi
739 1339 833 1397 multo
853 1338 896 1396 od
912 1337 1047 1412 praedio
1070 1342 1138 1414 apto

145 1433 353 1502 Schneiderus.
400 1458 467 1501 nam
500 1460 558 1502 non
592 1442 647 1502 hoo
678 1441 808 1503 voluisse
842 1442 959 1503 videtur
990 1439 1098 1522 Varro,
1127 1440 1158 1501 ad

143 1548 262 1626 praedia
294 1556 325 1608 et
357 1549 411 1607 viis
443 1555 474 1608 et
500 1547 672 1609 fluminibus
700 1548 811 1610 aditum
844 1556 960 1630 patere,
988 1548 1041 1609 sad
1074 1548 1122 1610 his
1153 1567 1158 1608 ι

144 1653 251 1715 multas
274 1672 323 1714 res
346 1654 381 1715 ad
405 1654 525 1733 praedia
547 1655 646 1717 invehi
670 1663 700 1716 et
723 1674 759 1716 ea
782 1656 819 1715 iis
843 1654 937 1715 evehi.
1045 1709 1050 1712 .

234 1760 301 1823 Sed
334 1763 439 1821 otiam
468 1762 606 1842 fugiant
630 1770 668 1823 ut
695 1763 895 1824 introrsum
926 1763 962 1823 in
993 1762 1140 1823 iundum

147 1867 298 1945 atinent]
323 1870 386 1930 Sed
407 1872 498 1930 etiem
518 1846 644 1946 socient
666 1877 696 1930 et
719 1871 885 1930 introrsum
908 1873 1058 1930 reclinent
1082 1867 1158 1930 Ursis

145 1975 174 2037 h.
193 1993 218 2036 e.
242 1992 337 2053 usque
361 1975 434 2036 adeo
459 1983 500 2058 ut,
524 1977 595 2036 item
619 1974 665 2036 bis
688 1977 820 2055 positum
843 1983 889 2036 est
912 1972 1053 2059 1115,1t
1079 1978 1123 2036 ito
1146 1994 1158 2036 r

146 2090 179 2144 ut
201 2098 269 2144 eum
291 2088 400 2158 teneat
423 2089 541 2144 centurn
563 2086 618 2158 qui
634 2086 697 2158 liet,
720 2089 756 2142 ot
778 2085 858 2144 intus
880 2085 963 2144 scire
982 2085 1089 2160 posses.

234 2186 351 2249 XVIII
386 2188 431 2248 De
460 2187 562 2249 tundi
590 2196 760 2268 quattuor
787 2186 952 2267 partibus
986 2206 1076 2269 quae
1109 2207 1152 2250 cu

145 2295 307 2373 haerent]
341 2294 488 2367 Quattuor
522 2303 592 2356 sunt
623 2295 706 2356 tundi
733 2303 847 2376 partes,
875 2295 910 2355 de
940 2294 1048 2374 quibus
1081 2295 1158 2357 dictu

147 2422 173 2465 c.
192 2398 314 2483 6-15,
338 2401 444 2481 torma,
473 2408 591 2482 natura,
614 2400 733 2477 modus,
757 2420 832 2481 quae
856 2401 940 2463 tundi
968 2401 1072 2462 tuendi
1096 2420 1158 2463 caus

144 2508 199 2570 hae
227 2527 276 2569 res
300 2509 439 2588 quoniam
463 2507 660 2568 indivisione
686 2510 814 2588 partium
834 2503 900 2590 5‚4
922 2507 1067 2570 discretae
1092 2526 1158 2570 eran

146 2634 225 2691 quoe
243 2622 400 2677 morentur
414 2621 505 2691 etque
524 2619 555 2676 in
571 2614 670 2691 [sendo
689 2618 797 2677 debent
811 2635 875 2678 esse
893 2621 1035 2679 culturae
1049 2634 1156 2697 causo,

148 2740 217 2783 cum
245 2721 337 2783 tundo
360 2721 501 2783 dicuntur
525 2741 560 2788 eo
583 2741 640 2784 usn
664 2720 760 2802 verbi,
784 2742 842 2802 quo
866 2723 903 2785 de
926 2714 1088 2786 stramento
1112 2724 1158 2785 dic

146 2824 231 2909 150,
249 2826 270 2889 2
298 2831 381 2905 quod
401 2847 470 2891 cum
494 2837 581 2891 terro
604 2833 713 2891 teneret
735 2838 765 2890 et
788 2832 870 2906 quod
891 2849 959 2892 curn
980 2834 1067 2909 spico
1097 2837 1158 2891 stro

147 2938 261 2996 liceret.
307 2953 477 3011 quaecum
499 2940 561 2998 solo
585 2939 751 2998 cohaerent
774 2938 902 2998 coniecit
924 2937 955 2998 C.
969 2936 1001 2998 F.
1015 2936 1061 2996 W.
1080 2935 1158 2997 hiuei

148 3040 302 3104 annalibus
325 3044 545 3123 gymnasiorum
568 3041 812 3103 berolinensibns
835 3062 860 3106 a.
886 3040 971 3105 1866
994 3060 1023 3122 p.
1041 3039 1118 3105 488.

236 3147 257 3210 2
289 3148 523 3211 Mercenariis
556 3167 634 3210 cum
667 3150 911 3212 conducticiis
943 3148 1144 3211 liberorum

147 3276 205 3318 res
246 3259 398 3318 maiores
440 3265 478 3318 ut
519 3255 719 3317 uindemias
756 3275 793 3318 ac
831 3257 1001 3317 ienisicia
1040 3254 1156 3317 admin

147 3364 248 3443 iique
272 3381 361 3444 quos
385 3362 595 3425 obaererios
622 3366 739 3425 nostri
767 3365 978 3425 uocitarunt
1005 3369 1040 3424 et
1068 3364 1158 3424 otior

148 3476 234 3530 sunt
262 3471 296 3530 in
326 3466 413 3546 asia]
438 3470 477 3529 Et
500 3472 591 3530 otiam
614 3471 711 3530 omnia
736 3468 902 3549 apographa
927 3477 1016 3530 etex
1042 3471 1109 3550 ipso
1136 3488 1158 3531 ar

149 3574 306 3657 Victorius,
325 3581 359 3637 ut
381 3577 472 3636 etiam
495 3575 640 3637 editiones
668 3583 735 3637 ante
755 3574 928 3657 Victoriam,
952 3575 1031 3655 quod
1050 3575 1158 3638 Politia

149 3683 289 3743 correxit.
339 3684 539 3744 mercenariis
575 3690 605 3743 et
641 3685 843 3745 conducticiis
879 3684 1044 3745 liberorum
1081 3701 1156 3760 oper

152 3790 291 3863 maioris,
315 3795 349 3848 ct
371 3791 538 3850 vindemies
565 3797 594 3850 et
619 3789 783 3867 socnisicio
810 3792 1025 3850 administrant
1048 3793 1085 3866 ii,
1108 3809 1158 3865 qus

151 3901 236 3955 ratos
269 3897 368 3955 nostri
398 3899 584 3971 vocitarunt,
614 3905 649 3958 nt
679 3899 772 3959 etiarn
805 3914 887 3957 nunc
915 3904 986 3957 sunt
1016 3899 1047 3957 in
1075 3899 1150 3958 Asin

150 4000 303 4082 archetypi
331 4001 488 4062 lectionem
517 4000 665 4063 Victorius
694 4003 840 4083 restituit,
869 4001 921 4062 scd
950 4004 1113 4065 obaeratos
1147 4022 1158 4064 ε

151 4107 368 4187 exemplaribus
392 4110 524 4169 retinuit.
571 4127 625 4188 pro
649 4108 704 4169 hoc
733 4111 912 4171 obacrorios
936 4128 979 4170 ex·
997 4107 1158 4170 Victoriis

151 4213 353 4274 Schneidorus
377 4216 498 4295 recepit,
517 4218 676 4292 operarios
700 4217 869 4276 coniecerat
888 4215 1040 4276 Mercerns
1064 4218 1095 4276 in
1114 4214 1158 4278 Ta

150 4316 261 4379 11142.
308 4322 469 4383 obaeratos
501 4320 671 4383 detenditur
702 4322 873 4383 definitione
906 4321 1047 4384 Varronis
1080 4322 1117 4383 de
1149 4320 1158 4381 l

151 4421 284 4487 v11105
316 4428 393 4488 liber
419 4431 474 4504 qui
498 4446 571 4489 suos
598 4446 708 4504 operas
735 4432 766 4489 in
796 4432 970 4491 servitutem
999 4432 1055 4491 dot
1077 4448 1138 4508 pro
