2874 4994
207 82 268 146 162
387 118 390 123 ·
563 89 754 144 ΟΟΜΜΕΝΤ.
773 88 813 142 IN
832 86 990 142 cannula

203 244 318 305 ductus
340 242 459 322 lineola,
489 262 577 321 quiam
604 242 653 304 illo
683 243 718 304 ad
743 251 755 303 l
781 241 910 302 litteram
935 243 965 301 in
988 242 1125 321 principe
1148 240 1274 302 editione
1293 250 1392 317 ad

205 351 328 412 diderat.

294 455 335 521 15
358 456 400 518 El
424 461 454 518 si
476 457 619 538 polipus
639 460 673 518 in
695 476 779 518 naso
798 459 895 517 intro
914 459 986 518 erit
1004 455 1204 517 brassicam
1222 464 1362 531 errati
1384 510 1428 525 ,

203 585 276 626 cam
300 565 433 626 aridam
459 568 580 625 tritam
605 567 640 626 in
660 564 786 626 malum
807 562 981 642 conIcito]
1003 564 1091 626 Intro
1109 566 1172 625 erit
1188 560 1420 643 Politianug

203 682 233 733 et
257 672 424 752 apographa
448 672 602 752 Italorum,
627 676 708 733 latro
732 676 803 732 ierit
826 671 904 732 edita
929 670 996 732 indo
1021 689 1036 731 a
1059 670 1199 750 principe
1221 668 1409 747 editione

203 779 381 859 exemplaria
410 787 440 840 et
468 798 502 838 er
531 781 743 858 manuscriptis
771 777 856 840 libris
879 777 902 838 I
926 787 956 838 et
979 795 1017 838 m.
1064 780 1147 841 intro
1170 781 1244 853 erit,
1269 790 1387 859 anu

203 890 233 947 In
257 887 417 966 archetypo
441 887 505 965 linit,
528 889 657 947 restitui.
703 890 784 947 nitra
808 885 946 946 similiter
969 884 1083 946 dIctum
1106 891 1154 946 cst
1176 902 1264 965 sopra
1283 884 1304 963 ἦ
1323 891 1368 955 r

204 998 285 1056 iutra
308 1012 387 1070 qaae
406 996 583 1067 delirabant,
607 996 679 1054 ilem
698 992 775 1072 apud
796 991 957 1053 Varronem
976 1010 1000 1053 r.
1020 1010 1043 1052 r.
1062 988 1185 1073 140,6
1208 1010 1249 1055 eu·
1264 1000 1353 1057 utre-

204 1121 262 1177 que
286 1109 378 1178 parte
405 1103 487 1176 quod
513 1104 593 1161 intro
622 1109 666 1161 est
690 1100 775 1177 falsa
797 1107 1008 1180 extenuatum,
1035 1106 1141 1160 contra
1164 1098 1204 1160 ib.
1226 1096 1341 1183 Ill?

200 1228 259 1286 per
291 1227 367 1270 aera
397 1212 477 1268 intras
506 1212 536 1268 in
565 1226 676 1284 carpus
701 1227 760 1284 per
787 1226 820 1268 os
847 1225 886 1268 ac
913 1225 1007 1268 nares
1029 1210 1224 1284 perveniunt.
1268 1208 1321 1287 apd

203 1315 344 1376 Catonem
373 1318 453 1375 intras
482 1317 625 1393 scrIptum
654 1322 700 1374 est
726 1312 787 1395 bis,
816 1311 868 1394 38,
890 1312 904 1374 I
930 1317 1074 1375 lacunam
1097 1316 1182 1375 inlus
1200 1312 1320 1391 socilcct

206 1419 278 1501 rol,
298 1417 318 1481 6
345 1425 448 1496 siquid
470 1429 561 1482 antea
585 1425 659 1481 mali
682 1423 762 1481 intus
782 1420 888 1496 suerit.
935 1419 1043 1480 deinde
1067 1423 1098 1481 in
1122 1438 1245 1483 monum
1264 1426 1320 1485 aa

204 1532 264 1589 cita
288 1536 354 1606 apto
379 1530 507 1588 coniecit
530 1528 689 1608 Gesnarus,
714 1531 745 1588 in
769 1531 918 1588 calamum
943 1530 1075 1589 conicito
1098 1526 1293 1591 lloltbocllina

295 1633 336 1696 16
370 1634 597 1714 llopctiginis
627 1653 757 1713 porcas
786 1634 983 1696 brassicam
1011 1632 1201 1713 opponito]
1233 1634 1323 1697 aeuo

205 1745 374 1819 impetiaini
396 1761 494 1818 parce
522 1744 691 1802 brassicam
719 1746 862 1818 apponiia
890 1740 1055 1822 lircnndns,
1086 1744 1200 1804 deiude
1223 1744 1324 1819 petroni

201 1868 299 1926 panace
313 1852 481 1909 brassicam
496 1852 636 1925 appamia
651 1848 741 1908 editio
752 1847 883 1930 VictorII,
899 1848 948 1909 nbi
960 1851 1030 1910 dein
1045 1851 1215 1926 depetlpiui
1226 1846 1354 1919 Ursum,
1418 1890 1425 1907 .

204 1969 234 2017 ct
257 1955 366 2035 Popma
390 1954 546 2034 legendum
571 1957 773 2034 coniecerunt,
797 1958 964 2032 dapctiaim'
984 1973 1118 2032 spurcae
1142 1953 1325 2017 Scbnddcras

204 2064 341 2140 dapetiao
370 2061 478 2140 legitur
505 2063 535 2121 In
565 2061 717 2140 glossariis
746 2061 975 2139 latino-grachs
1003 2081 1028 2121 r.
1052 2061 1078 2121 ll
1101 2080 1130 2142 p.
1154 2059 1208 2139 44,
1225 2059 1265 2125 27
1283 2062 1325 2123 ba

201 2174 303 2247 pelian
331 2162 436 2250 λέπρα
464 2167 593 2249 λειχήν,
626 2171 656 2228 in
690 2168 919 2247 gracco-latinis
950 2168 988 2229 ib.
1016 2187 1044 2248 p.
1072 2165 1153 2250 359,
1177 2166 1221 2231 32
1246 2163 1326 2249 liupr

203 2280 289 2352 lepra
323 2278 474 2351 depretias,
509 2273 627 2354 λεπρός
654 2278 791 2351 leprosus
819 2277 1034 2355 depetiaiosus,
1067 2273 1157 2353 gloss.
1185 2274 1235 2337 lat
1260 2295 1280 2335 r.
1300 2272 1326 2335 ll'

204 2401 231 2460 p.
256 2379 364 2462 351,8
390 2382 535 2456 Impetiaa
560 2384 705 2457 depellas.
744 2381 822 2441 idem
846 2381 924 2460 apud
947 2380 1096 2442 Lucilium
1119 2381 1251 2461 Scaliger
1267 2380 1325 2461 apoll

204 2487 331 2548 llousam
360 2506 387 2566 p.
413 2484 452 2547 61
484 2489 627 2567 restituit,
658 2487 731 2548 Non.
760 2509 787 2568 p.
819 2486 890 2567 160,
912 2485 951 2549 19
982 2491 1088 2565 Pelian
1114 2508 1214 2566 penus
1239 2490 1326 2551 mab:

205 2595 341 2655 Lucillus
366 2596 415 2654 lib.
440 2595 538 2655 XXX
560 2596 691 2656 Inluaies
719 2596 837 2657 scabies
864 2599 967 2656 oculos
989 2598 1063 2657 buia
1087 2598 1185 2672 deque
1208 2591 1330 2679 (deniare

202 2698 335 2781 colicas)
355 2704 458 2777 pelian
480 2702 705 2762 Conscendere:
728 2701 767 2762 ib.
787 2720 814 2780 p.
836 2698 908 2783 125,
923 2699 976 2763 29.
1014 2721 1114 2779 parca
1133 2702 1170 2763 do
1190 2721 1259 2783 agro
1274 2702 1331 2763 dici·

202 2814 253 2869 tnr
277 2826 301 2868 c.
326 2805 368 2869 48
393 2815 423 2866 ot
446 2805 528 2867 Varr.
552 2825 575 2867 r.
595 2826 618 2867 r.
639 2806 648 2866 l
670 2806 721 2889 29,
737 2805 770 2888 33
795 2811 824 2869 In
849 2808 1018 2887 depatigIno
1042 2808 1142 2871 locum
1162 2810 1268 2873 habore
1282 2826 1328 2871 nan

202 2914 328 2995 rldetnr,
352 2924 381 2973 et
400 2922 467 2992 apta
485 2933 619 2990 spurcae
637 2914 718 2975 dedit
734 2914 944 2998 SchneIderns,
963 2917 1043 2996 quod
1059 2916 1097 2978 dc
1111 2936 1223 2979 cancro
1237 2917 1329 2979 dicim

204 3030 251 3081 cst
274 3038 363 3099 snpra
383 3019 402 3096 ἓ
422 3018 452 3101 3,
474 3025 589 3081 saniem
612 3038 756 3097 spurcam
779 3026 877 3084 mittit.

290 3128 413 3188 CLVIII
443 3126 458 3188 1
494 3126 619 3188 Aluum
652 3128 797 3190 deiccra
829 3128 894 3190 hoc
926 3131 1027 3191 modo
1060 3142 1209 3212 oportet
1237 3135 1266 3194 si
1287 3132 1330 3194 nis

201 3233 290 3294 hene
310 3232 375 3292 noi
396 3232 540 3293 deicere
560 3253 659 3295 sume
679 3234 747 3296 tibi
761 3235 879 3314 ollam]
896 3240 1001 3297 Aluum
1015 3241 1044 3297 si
1057 3242 1102 3299 ais
1117 3240 1331 3311 benadeiicere,

200 3358 284 3400 sarrire
305 3342 363 3401 tibi
384 3343 472 3400 ollam
497 3339 617 3423 Merula,
642 3346 740 3403 aluum
764 3346 898 3404 deiicere
921 3346 978 3405 baa
1001 3348 1089 3406 moda
1109 3355 1238 3424 oporiet,
1258 3351 1284 3409 si
1297 3350 1332 3407 ais

201 3448 277 3506 bene
294 3446 436 3519 deiicere,
455 3464 538 3507 sume
557 3450 613 3508 tibi
630 3453 717 3509 ollam
737 3448 896 3511 lucundns.
929 3452 986 3512 tibi
1003 3453 1103 3530 priore
1124 3451 1192 3515 loco
1206 3457 1334 3516 omissum

201 3550 349 3612 Vlctorius
372 3554 513 3614 restituit.
551 3573 617 3614 cum
637 3557 810 3634 imperativo
829 3575 993 3636 pronomen
1008 3557 1118 3636 legitur
1134 3569 1248 3644 postca,
1264 3580 1335 3624 sume

201 3658 257 3718 tibi
277 3663 456 3741 scalarium,
478 3657 571 3742 40,2
594 3666 701 3723 sumito
725 3664 782 3723 tibi
802 3667 968 3744 surculum,
993 3661 1102 3744 133,3
1127 3670 1258 3729 calicem
1275 3687 1326 3745 per

201 3776 299 3826 iusum
321 3771 428 3827 sumita
452 3768 509 3827 libi
531 3775 585 3828 arri
607 3773 779 3850 quasillum,
806 3766 859 3849 40,
878 3766 898 3828 2
923 3774 1024 3847 capilo
1048 3773 1105 3833 tibi
1127 3776 1255 3836 scissam
1276 3779 1319 3837 sal

201 3891 277 3945 carn,
306 3872 346 3933 ib.
369 3871 389 3933 3
418 3877 519 3950 capito
547 3877 603 3934 tibi
626 3880 796 3956 surculum,
825 3874 890 3937 160
917 3879 1125 3939 harundinem
1148 3885 1272 3957 prende
1294 3891 1309 3942 l

203 3982 342 4052 r·ir·idem,
370 3998 437 4039 cnm
466 3981 567 4040 lutura
592 3979 704 4062 104,2
731 3984 789 4044 bac
817 3986 917 4044 uirium
946 3987 1074 4046 durabit
1100 3989 1159 4048 tibi
1185 4007 1281 4065 usque

202 4087 367 4144 solstitium.

290 4188 337 4249 Eo
361 4190 480 4255 addito
506 4192 688 4254 brassicae
712 4196 888 4256 colicolos
912 4197 1001 4258 dnos
1026 4199 1107 4260 beta
1132 4198 1283 4262 coIIcoIt
