2874 4994
230 110 294 174 104
574 116 763 171 COMMENT.
783 117 822 171 IN
841 113 1028 173 VARRONIS

234 272 393 351 disputatio
417 271 530 332 Licinio
555 271 670 332 Stoloni
697 270 830 332 debetur.
867 270 946 332 hunc
969 271 1060 350 igitur
1088 268 1124 329 ad
1152 285 1217 329 eam
1239 265 1386 349 disputa·

234 382 345 440 tionem
373 381 480 458 Agrius
507 378 680 441 adhortatur
713 381 814 440 loturo
848 388 980 457 tempore
1014 381 1137 438 dicetur
1167 393 1236 437 cum
1264 371 1392 437 riad-

234 485 383 566 monendi‚
406 504 465 545 non
489 487 708 566 interrogative,
732 495 765 547 ut
789 485 858 546 olim
882 485 1032 546 dederam.

325 590 346 653 4
380 595 590 668 Prueqnuntiu
613 592 775 653 politianus
800 595 829 653 in
853 594 988 672 principe
1012 590 1141 653 editione
1160 609 1220 652 nou
1238 592 1402 669 correxit,

235 700 285 760 sed
307 703 502 776 praepositio,
527 701 606 779 quod
630 700 756 779 plurima
781 698 947 779 apographa
971 698 1091 780 habent,
1113 697 1192 759 baud
1211 696 1296 759 dubie
1312 698 1403 759 tuit

235 808 265 867 in
288 806 456 886 archetypo.

325 914 463 995 Spicam
484 917 537 976 sic
556 915 623 976 alia
640 934 658 975 a
674 934 741 995 quo
756 916 959 994 proiectum
978 914 1074 975 redit
1094 911 1227 992 semen]
1244 914 1401 992 Spicum,

235 1026 280 1083 sic
304 1026 367 1083 olio
390 1026 486 1083 sinriie
505 1027 541 1102 ei,
565 1041 584 1082 o
608 1041 667 1097 puo
683 1022 856 1100 profectum
875 1032 927 1098 est,
949 1024 1082 1084 reddunt
1099 1039 1201 1084 semen
1219 1019 1399 1103 iucundus,

235 1132 359 1206 spicum,
382 1132 427 1189 sic
451 1133 514 1190 olio
536 1133 632 1190 simile
656 1133 697 1209 ei,
725 1148 744 1188 o
768 1147 826 1203 quo
847 1128 1028 1210 profectum,
1050 1132 1133 1190 redit
1159 1146 1259 1190 semen
1280 1126 1394 1191 Victo-

237 1237 308 1317 rius,
339 1253 426 1314 quem
455 1235 561 1296 deinde
590 1234 719 1296 editores
748 1237 843 1296 secuti
871 1244 942 1296 suot
969 1253 1074 1315 parum
1106 1234 1282 1314 prudenter:
1307 1253 1387 1302 uam

237 1346 334 1404 simite
357 1346 387 1403 ei
408 1345 472 1422 ipso
496 1345 597 1423 invito,
620 1351 653 1404 ut
677 1343 803 1424 ridetur,
828 1362 864 1402 ex
883 1342 1005 1403 Aldinae
1028 1351 1058 1403 et
1081 1340 1219 1403 luminae
1241 1341 1382 1408 editionis

237 1449 365 1510 lectione
389 1448 526 1510 relictum
550 1457 622 1510 orat.
660 1451 797 1511 restituta
821 1458 921 1511 vetere
951 1449 1078 1510 lectione
1107 1457 1137 1510 et
1159 1448 1310 1510 emendata
1332 1451 1376 1513 di·

238 1559 397 1617 stinctione
421 1555 592 1637 verborum,
620 1560 749 1634 spicam,
777 1561 822 1618 sic
850 1560 927 1619 otia:
956 1576 975 1617 a
1003 1575 1062 1632 quo
1087 1556 1273 1634 profectum,
1298 1562 1373 1622 redit

237 1683 346 1739 semen,
371 1682 438 1724 vera
462 1667 608 1741 sententia
632 1664 716 1725 lacile
740 1672 875 1744 apparet:
905 1683 1005 1726 semen
1035 1663 1114 1725 redit
1141 1663 1177 1724 ad
1208 1662 1251 1744 id,
1279 1682 1365 1744 aquo

238 1771 405 1850 proiectum
429 1780 482 1834 est.
522 1782 589 1834 nota
609 1781 707 1835 autem
727 1774 757 1833 in
778 1772 908 1834 relativis
927 1770 1153 1850 pronominibus
1172 1770 1246 1832 baec
1263 1770 1363 1833 dicendi

239 1877 367 1939 brevitas
391 1888 445 1959 est,
469 1898 544 1958 quae
568 1882 686 1958 saepius
706 1898 726 1947 ,ε
745 1881 944 1959 grammaticis
964 1882 994 1940 in
1014 1877 1164 1939 veteribus
1184 1877 1363 1957 scriptoribus

239 1985 441 2046 animadversa
464 1995 523 2067 est,
549 1986 628 2066 quod
652 1986 847 2066 praecedente
872 1986 992 2047 relativo
1016 1987 1195 2065 pronomine
1218 1995 1248 2046 et
1268 1988 1364 2046 omisso

239 2093 346 2155 deinde
373 2093 604 2155 demonstrativo
634 2094 709 2154 duae
738 2095 950 2154 enuntiationis
981 2102 1080 2171 partes
1113 2094 1213 2154 minus
1244 2102 1370 2154 accurate

239 2201 318 2260 iuter
342 2220 373 2260 se
402 2209 609 2263 conectuntur.
647 2199 848 2262 memorabilia
876 2203 940 2261 eius
968 2201 1087 2279 generis
1116 2198 1248 2280 exempla
1273 2202 1299 2260 io
1318 2198 1375 2258 bis

238 2306 324 2367 libris
348 2316 417 2368 sunt
440 2306 521 2368 haec.
568 2327 633 2368 nam
658 2309 722 2388 alia,
746 2326 820 2387 quae
844 2306 974 2386 vulgaria
999 2315 1029 2366 et
1052 2305 1193 2368 omnibus
1216 2316 1279 2368 nota
1295 2314 1383 2385 suot,

240 2417 354 2495 omitto,
378 2432 555 2494 quamquam
580 2433 615 2475 ex
638 2414 685 2474 his
709 2432 826 2494 quoque
852 2413 995 2494 quaedam
1019 2412 1055 2473 ab
1079 2413 1244 2474 editoribus
1269 2415 1386 2492 impun-

240 2521 346 2581 deuter
369 2505 480 2581 mutata
511 2531 603 2582 erant.
641 2520 763 2602 tate
792 2540 862 2582 uere
889 2525 1021 2582 sationes
1048 2539 1128 2596 quoe
1148 2525 1239 2595 fiuent,
1264 2528 1389 2582 terrim

236 2631 439 2705 proscindere
461 2637 586 2705 oportet,
610 2626 694 2708 38,1
716 2647 795 2703 qrrne
818 2633 886 2689 loru
906 2632 936 2688 in
955 2646 1032 2703 apro
1050 2631 1260 2703 stercoranda,
1277 2627 1391 2687 uiden·

241 2739 311 2795 dum
335 2739 440 2811 etqui
461 2744 571 2811 etque
592 2755 708 2811 uenere
727 2739 913 2813 potissimum
934 2735 1046 2815 sacius,
1069 2732 1122 2818 41,
1141 2733 1162 2796 2
1186 2754 1262 2811 quoe
1277 2740 1391 2796 utitem

240 2851 355 2904 nutura
378 2846 476 2904 minus
494 2850 565 2904 sunt
582 2847 691 2918 mollio,
711 2862 764 2903 erus
783 2847 908 2919 aliquod
925 2861 1021 2919 supro
1040 2846 1177 2922 ottranni,
1197 2839 1277 2923 521
1293 2852 1394 2916 quae

240 2970 326 3026 sepes
347 2953 554 3025 prandissinra
574 2959 665 3025 utque
683 2953 794 3026 optineo
810 2949 917 3025 suerit,
935 2967 1070 3011 seorsum
1089 2952 1120 3009 in
1140 2968 1245 3011 areum
1260 2941 1398 3010 secerni

244 3066 361 3134 oportet
384 3061 497 3135 spicas,
530 3056 555 3116 ll
580 3055 609 3138 2,
631 3054 670 3118 12
694 3059 802 3131 quihus
826 3061 856 3116 iu
880 3060 954 3117 loeis
976 3074 1085 3116 messes
1112 3065 1183 3117 sunt
1202 3056 1303 3133 sector,
1318 3055 1394 3111 in·

242 3168 328 3239 inere
359 3173 402 3224 est
432 3168 517 3242 ratil’,
546 3160 619 3243 6,2
646 3167 801 3224 crsiuorum
827 3181 950 3238 areperti
978 3161 1161 3237 qrrisucere
1184 3165 1397 3225 cultiorum,

237 3276 371 3349 primum
400 3273 574 3343 uidendum,
604 3267 638 3350 l,
660 3269 696 3331 11
733 3274 859 3331 alternis
886 3273 940 3343 oui
970 3272 1145 3343 udruittunt,
1179 3270 1400 3331 diuturniores

241 3397 348 3454 equas,
378 3380 516 3438 meliores
539 3381 639 3453 pullos
664 3380 737 3450 lieri
764 3380 884 3458 dictent,
911 3376 939 3437 b.
964 3395 988 3437 e.
1012 3377 1049 3436 iis
1077 3377 1129 3455 qui
1158 3375 1299 3438 admittant
1318 3357 1402 3428 tel

242 3487 322 3565 siqui
345 3484 512 3565 admittant,
543 3481 637 3564 11,5
664 3489 718 3559 qui
746 3488 875 3561 osporqi
900 3488 1110 3557 solemmter,
1137 3487 1242 3546 melior
1259 3476 1403 3560 foruli-⁶2

243 3590 281 3651 lll
302 3588 368 3670 2,1
394 3593 501 3653 honrem
530 3596 700 3666 eonsilium,
724 3596 778 3669 qui
804 3596 934 3654 consulit
961 3599 990 3651 et
1017 3594 1072 3665 qui
1098 3595 1277 3671 consulitur,
1297 3576 1404 3664 otff‘

244 3716 322 3758 mum
341 3701 521 3772 babendum,
543 3695 593 3779 13,
611 3697 625 3758 1
643 3717 730 3773 quero
745 3698 876 3774 [undum
896 3702 926 3759 iu
946 3697 1115 3758 Tusculano
1135 3701 1207 3759 emit
1218 3700 1265 3760 iric
1281 3692 1409 3756 roro

243 3826 262 3866 u
291 3807 332 3865 M.
363 3808 458 3881 dupio
491 3807 612 3879 Pisone,
644 3809 747 3865 uidisti
776 3809 819 3866 ud
845 3808 986 3866 bucinum
1015 3808 1192 3879 conuenire,
1227 3798 1304 3885 16,6
1323 3788 1407 3857 5¹⁶5

244 3922 351 3975 unctus
375 3916 428 3987 prii
445 3916 575 3972 [accessit
590 3921 739 3989 prorepunt,
764 3909 848 3995 16‚t
874 3921 906 3972 ut
930 3931 999 3986 reon,
1017 3915 1072 3986 orti
1089 3914 1155 3971 eius
1174 3905 1271 3994 (opus)
1286 3912 1401 3969 Μεθ’

243 4030 294 4083 tur
318 4020 504 4098 disturbare,
529 4023 667 4090 resistot;
696 4029 724 4078 et
744 4019 841 4080 addito
861 4021 980 4079 nomine
1008 4017 1053 4078 rel
1075 4021 1249 4098 pronomine
1270 4009 1324 4091 ut,
1350 3992 1395 4058 9

245 4131 354 4187 contro
380 4129 449 4185 illae
472 4128 503 4185 iu
525 4127 652 4186 coitibus
671 4145 750 4200 qttoe
768 4135 943 4204 poscuntur
966 4134 994 4186 et
1017 4144 1037 4185 u
1056 4129 1143 4187 tectis
1162 4128 1267 4188 obsum
1281 4124 1387 4193 ioue&

241 4240 367 4310 portant
389 4250 489 4293 seeum
516 4240 626 4305 crates,
651 4231 678 4292 h.
704 4252 728 4293 e.
753 4235 781 4293 in
807 4231 863 4293 illis
892 4252 966 4313 quae
995 4240 1159 4310 pascuntur
1186 4205 1382 4312 portant,1¹1
