2874 4994
143 328 209 394 286
486 335 676 392 COMMENT.
695 336 734 390 IN
753 334 941 392 VARRONIS

142 493 237 551 inter
261 509 297 550 se
321 492 420 569 signa
444 492 544 570 pacis
568 509 606 551 ac
629 490 718 551 belli
738 488 913 568 habeant]
932 491 1034 566 Hique
1052 492 1146 552 duces
1161 489 1253 573 llemls,

141 601 260 672 uaeque
282 599 371 658 ducis
389 597 541 658 Gesncrus
560 600 696 678 coniecit,
715 597 743 657 5.
763 616 787 659 e.
808 592 890 677 ‘apes
913 599 1032 677 negotia
1055 596 1189 677 quaedam
1203 617 1254 659 con·

143 705 247 765 ficiunt
270 704 305 765 ad
329 722 431 765 rocem
455 705 540 766 ducis
564 701 636 786 sui',
661 708 832 780 irarumque
850 707 945 766 duces
964 703 1171 766 Schneidcrus.
1200 707 1255 766 scd·

143 812 273 873 bendum
302 814 401 892 potius
434 814 534 887 ibique
563 816 656 874 duces
688 815 863 886 conficiunt.
908 829 976 872 nam
1008 811 1104 874 duces
1135 819 1196 873 suut
1220 814 1258 891 qui

144 938 213 1000 apes
236 921 322 999 quasi
345 921 375 978 in
400 919 530 980 colonias
554 919 667 980 ducunt
695 928 724 980 et
747 921 778 979 in
802 918 860 979 illis
888 917 1031 998 quasdam
1054 936 1106 980 res
1127 918 1257 980 adracen

143 1044 227 1088 suam
251 1026 449 1086 conficiendas
472 1028 558 1105 quasi
580 1025 681 1087 tubam
708 1028 858 1086 imitantes
886 1035 999 1087 curant
1048 1025 1153 1087 deinde
1172 1027 1259 1087 uram

143 1134 250 1212 scripsi
280 1151 313 1192 ex
343 1133 548 1193 emendatione
578 1132 762 1193 Schneideri.
809 1150 877 1194 nam
905 1140 982 1210 tum,
1012 1151 1083 1194 cum
1111 1135 1185 1195 inter
1206 1148 1257 1212 apat

143 1243 225 1320 signa
250 1242 330 1319 pacis
354 1257 388 1299 ac
412 1237 480 1299 belli
504 1241 665 1300 constituta
689 1246 769 1319 sunt,
792 1238 923 1300 colonias
945 1241 1078 1301 mittunt

233 1346 299 1406 Sed
329 1364 346 1405 o
374 1344 510 1406 merula
538 1348 592 1405 axi
624 1355 753 1407 noster
780 1364 822 1407 ne
849 1345 932 1407 dum
959 1345 1047 1408 haec
1076 1345 1173 1408 audit
1196 1343 1256 1425 phy·

143 1456 252 1515 sicam
276 1451 457 1527 achiscat]
485 1453 583 1513 Axius
611 1461 714 1513 noster
740 1470 791 1528 me,
820 1455 890 1513 dum
918 1455 976 1514 iac
1003 1456 1105 1529 audit,
1129 1455 1257 1530 pausiam

143 1563 286 1622 addiscat
308 1557 434 1639 Merula,
462 1561 540 1620 lraec
563 1557 714 1621 iucundus
742 1562 882 1622 restituit.
927 1579 979 1635 ue,
1007 1563 1078 1620 dum
1104 1562 1177 1620 haec
1197 1559 1258 1619 audit

139 1670 284 1744 physica,
307 1669 457 1727 maciscat
476 1664 620 1745 Scaliger,
648 1685 694 1748 ue,
719 1670 788 1727 dum
812 1669 889 1727 llaec
913 1669 1001 1727 audit
1024 1669 1169 1744 physica,
1189 1668 1259 1740 mapa

143 1776 244 1835 hiscat
267 1772 385 1853 Popma,
407 1791 453 1851 ae,
477 1775 547 1832 dum
571 1775 648 1833 llaec
672 1777 759 1833 audit
773 1776 912 1850 physica,
931 1772 1062 1849 fatiscat
1080 1771 1259 1834 Schneidcms

148 1899 245 1942 reram
280 1880 457 1941 sententiam
492 1881 640 1958 expressit
671 1879 810 1959 Scaliger.
857 1898 923 1940 nam
955 1879 1078 1960 physica
1112 1888 1181 1941 strat
1208 1895 1260 1958 quae

143 1989 258 2068 Appius
279 1989 495 2067 disputaverat3
518 1986 554 2045 ad
577 1987 708 2048 fructum
732 1989 884 2066 pertinent
906 2005 939 2046 ea
965 2005 1040 2065 quac
1063 1984 1175 2046 Merula
1196 1982 1261 2044 addit

144 2095 179 2156 ad
194 2095 270 2156 hanc
286 2096 377 2174 igitur
393 2092 602 2172 disputationis
617 2102 740 2175 partem,
751 2111 838 2173 quam
848 2094 940 2154 Arius
952 2092 1038 2173 longo
1049 2093 1137 2173 Appii
1151 2106 1261 2153 sermone

143 2202 297 2263 coniectus
322 2199 480 2276 desiderat,
505 2203 648 2262 transitus
672 2209 802 2279 paratur.
848 2200 899 2261 sed
929 2209 1117 2276 marcescat,
1144 2217 1200 2260 non
1217 2214 1261 2256 ma·

145 2317 255 2384 cescat,
276 2306 468 2369 scribendum
488 2326 552 2368 osse
572 2308 631 2368 diri
651 2306 663 2366 l
683 2304 735 2388 55,
755 2307 782 2388 l,
801 2311 863 2389 sed,
882 2326 899 2368 a
919 2307 1051 2382 Merula,
1072 2308 1169 2367 Axius
1185 2311 1262 2366 noster

143 2435 191 2491 me,
214 2413 284 2477 darm
309 2416 386 2475 itaer
405 2417 494 2474 audit
509 2416 650 2491 physica,
668 2422 849 2475 marcescat.
886 2412 923 2473 de
944 2430 976 2473 re
996 2415 1058 2493 ipsa
1078 2412 1178 2474 eadem
1196 2407 1260 2472 tradit

145 2523 304 2584 Columella
324 2521 364 2581 lll
383 2518 412 2601 2,
427 2518 457 2601 5,
481 2527 636 2600 postquam
661 2518 697 2579 de
721 2521 835 2599 origine
859 2537 947 2599 apum
971 2519 1085 2580 dictum
1110 2527 1183 2599 erat,
1205 2519 1259 2578 laec

144 2633 222 2692 euim
246 2638 275 2690 et
302 2631 349 2690 lu's
375 2631 486 2689 similia
509 2630 606 2702 magis
635 2630 838 2687 scrutantium
866 2645 971 2689 rerum
994 2633 1129 2687 naturae
1154 2624 1258 2686 latelrar

143 2754 233 2811 quam
257 2739 442 2796 rusticorum
462 2742 506 2795 est
526 2737 690 2809 inquirere.
728 2737 870 2794 studiosis
889 2751 1007 2809 quaque
1025 2736 1193 2794 litterarum
1205 2745 1255 2804 pra·

144 2845 226 2903 tiara
249 2850 319 2902 sunt
343 2845 400 2901 ista
425 2844 455 2901 iu
479 2844 539 2901 otia
563 2844 730 2916 legentibus
752 2858 844 2916 quam
867 2843 1029 2917 negotiosis
1054 2842 1200 2914 agricolis.

177 2948 181 2954 '
234 2945 275 3009 10
308 2949 499 3008 ductorem
523 2945 634 3006 habeo
665 2965 732 3006 non
762 2946 875 3006 solum
904 2947 964 3025 qui
993 2945 1130 3007 aluaria
1152 2940 1253 3006 sualo-

142 3064 220 3117 cata
249 3053 374 3132 habet]
405 3056 470 3115 Nau
499 3057 593 3114 salum
623 3055 724 3113 Seium
754 3054 868 3132 scripsi.
915 3069 981 3112 nam
1013 3070 1122 3113 nomen
1148 3047 1252 3125 auctorit

143 3165 195 3244 qui
218 3162 383 3242 appellatus
407 3170 480 3242 erat,
504 3159 649 3220 excidisse
670 3167 800 3239 apparet.
839 3158 901 3220 Seii
924 3168 1024 3220 autem
1042 3159 1149 3220 alvaria
1166 3153 1251 3218 laudan·

143 3279 193 3331 tur
216 3267 375 3351 1112,st

233 3375 379 3447 Quidam
409 3374 590 3435 mellinem
614 3372 818 3456 appellant]
853 3373 1005 3435 Melliuem
1032 3372 1113 3434 haud
1136 3369 1210 3433 dubie
1231 3363 1251 3422 il

144 3484 305 3561 archetypo
329 3484 474 3560 scriptum
498 3490 570 3562 erat,
599 3500 657 3541 non
681 3483 835 3556 mellicam,
864 3480 942 3560 quod
971 3483 1068 3541 errori
1091 3476 1202 3540 Victorii
1218 3469 1252 3532 til·

143 3588 294 3650 buendunr
315 3597 368 3648 est.
406 3581 542 3667 μέλινον
563 3587 714 3648 lucundus
735 3596 765 3646 et
784 3586 890 3647 deinde
910 3564 1019 3666 rellqui
1038 3587 1175 3667 editores,
1189 3576 1253 3643 melli·

144 3713 215 3756 uam
245 3693 388 3775 Scaliger,
422 3699 557 3756 melinem
590 3694 699 3755 scholia
729 3693 867 3755 Vaticana
897 3695 926 3754 im
957 3691 1042 3772 Verg.
1067 3712 1164 3774 georg.
1184 3675 1254 3750 llll

143 3803 332 3879 melisphylla
355 3804 452 3863 larda
475 3810 527 3882 esi,
551 3820 654 3880 quum,
683 3808 717 3860 ut
738 3805 783 3861 ait
814 3801 921 3873 Varro,
945 3804 1002 3861 alii
1022 3803 1197 3878 apiastrum,
1217 3785 1256 3852 ill

144 3887 279 3970 malinam
304 3914 470 3985 appellant,
498 3907 551 3968 ubi
574 3912 725 3969 mellinum
748 3907 834 3967 Thilo
863 3925 897 3967 er
922 3905 1054 3967 Varrone
1084 3908 1196 3986 recepit
1229 3892 1254 3954 di

144 4015 261 4077 mellina
290 4015 381 4076 herba
406 4014 477 4076 nihil
508 4017 667 4075 memoriae
696 4014 845 4095 proditum
874 4023 933 4096 est,
961 4021 992 4074 et
1021 4031 1160 4092 graecum
1183 4005 1255 4092 potius

144 4141 251 4183 nomen
285 4140 373 4200 quam
403 4121 527 4184 latinum
560 4142 575 4183 a
604 4121 736 4184 Varrone
764 4123 893 4201 positum
922 4121 1015 4182 luisse
1043 4113 1256 4183 verisimilem

142 4231 243 4309 itaque
267 4233 469 4289 melittaeuam
498 4232 618 4310 scripsi,
647 4229 725 4308 quod
755 4246 862 4288 nomen
891 4246 960 4289 cum
989 4225 1199 4307 melissophyla
1219 4231 1255 4293 il·

143 4333 254 4413 pellant
276 4334 390 4397 Plinius
409 4335 476 4395 xxi
498 4333 560 4397 149
592 4339 813 4412 melissophyllo
835 4339 900 4396 siue
922 4338 1098 4397 melittaena
1119 4338 1147 4396 si
1167 4336 1254 4410 perti·

141 4450 280 4518 guantur
303 4447 371 4518 alui,
395 4441 544 4503 Nicander
564 4441 639 4505 tlrer.
657 4438 724 4504 554
741 4433 803 4521 τὴν
822 4431 896 4522 ἤτοι
919 4415 1128 4522 μελίφυλλοιῖ
1148 4422 1254 4502 ἐπιπλεῖ·
