2874 4994
146 330 207 395 192
483 339 674 396 COMMENT.
694 341 734 395 IN
751 339 941 397 VARRONIS

143 496 172 554 in
197 496 330 574 principe
355 494 486 556 editione
510 492 673 557 Politianus
697 514 755 557 non
778 497 911 557 mutarit.
957 500 1117 557 exactores
1135 500 1163 555 et
1178 511 1242 570 pree

142 620 243 677 onnus
263 607 322 676 not
341 622 377 663 m.
415 606 542 665 alternis
565 606 619 679 qni
642 606 812 682 admittunt,
835 603 1047 664 diuturniores
1063 616 1149 677 qnos
1165 606 1192 662 et
1205 617 1244 662 tte

143 711 234 770 liores
254 714 353 786 pullos
373 714 448 785 fieri
469 714 583 773 dicunt.
626 714 729 786 itaque
751 718 785 772 nt
807 711 956 772 restibiles
978 690 1095 785 render
1114 713 1200 769 merl
1213 724 1248 769 et·

143 819 289 890 notiores,
321 821 367 879 sic
398 825 470 893 perot
502 820 591 878 annis
623 835 703 893 qnae
731 823 942 894 procreantes
970 817 1053 889 nane
1079 811 1194 895 Beroia,
1214 812 1251 875 aii

139 941 318 999 proeonons
342 929 400 998 tint
433 943 468 985 ex
498 923 652 986 codicem
686 926 800 1003 recepit
822 912 988 1004 Iucundos,
1014 924 1163 984 molliores
1182 922 1252 999 prdit

143 1028 233 1090 editio
257 1029 497 1093 commeliniana.
534 1033 697 1092 admittunt
718 1048 754 1091 ex
777 1028 854 1092 libro
872 1028 1019 1111 Politicni,
1042 1045 1137 1105 εαααε
1157 1044 1190 1089 ex
1205 1044 1254 1089 nr

143 1140 257 1199 iectura
284 1137 467 1200 Pontederae
496 1157 523 1217 p.
543 1134 609 1199 435
639 1136 840 1199 Schneidcrus
869 1138 1010 1199 restituit
1053 1137 1153 1215 itaque
1176 1134 1257 1215 scripti

143 1248 272 1308 alternis
295 1249 349 1321 qni
371 1248 547 1320 admittunt,
571 1248 780 1307 diuturniores
803 1263 910 1321 equor,
937 1247 1080 1307 meliores
1096 1244 1194 1320 pullos
1207 1243 1259 1316 ieri

144 1355 258 1427 dicunt,
282 1351 310 1411 h.
330 1370 355 1412 e.
379 1354 457 1432 siqui
481 1351 603 1412 alternis
627 1353 712 1412 annis
734 1369 828 1431 eqtros
848 1350 1013 1431 admittant,
1037 1347 1085 1410 his
1110 1364 1198 1429 eques
1214 1345 1259 1409 do

144 1461 303 1540 turniores,
325 1457 422 1538 pullos
446 1457 583 1520 meliores
606 1459 672 1520 lieri
701 1457 820 1541 dicunt,
849 1467 960 1520 mutuo
989 1458 1132 1519 nimirum
1155 1454 1261 1518 subiecto

142 1569 173 1627 in
197 1565 288 1627 altera
312 1572 396 1645 parte
420 1567 595 1646 sentcntiae,
620 1567 705 1626 cuius
724 1566 843 1645 generis
862 1563 995 1644 exempla
1019 1565 1053 1624 iu
1072 1563 1200 1625 relativis
1213 1580 1262 1643 pro

143 1672 314 1734 nominibus
338 1672 406 1732 dedi
429 1671 442 1731 Ι
460 1670 512 1753 44,
527 1669 558 1733 4.
601 1672 775 1733 femininum
799 1671 893 1751 genus
917 1679 1016 1732 autem
1037 1688 1134 1747 eonas
1152 1688 1213 1732 con
1229 1687 1264 1730 rer

143 1782 207 1859 ipsa
231 1792 294 1840 turn
318 1779 389 1840 iilud
414 1779 493 1859 quod
518 1781 655 1858 sequitur
676 1798 756 1855 quoe
774 1786 963 1856 preconator
983 1783 1066 1852 finnt
1089 1776 1221 1858 postulat
1234 1807 1263 1819 -

144 1891 328 1968 exactiores,
352 1884 431 1965 quod
455 1894 524 1966 post
547 1885 687 1947 Merulam
713 1885 749 1947 ab
773 1885 911 1948 omnibus
934 1895 1093 1967 receptum
1117 1893 1193 1964 erat,
1211 1885 1264 1963 quin

143 2011 247 2054 verum
275 2000 355 2054 esset
382 1992 512 2054 dubitari
540 2011 600 2055 non
628 1992 763 2054 debehat.
805 1995 1001 2056 ecsocciores
1025 1993 1048 2054 1.
1070 1991 1105 2054 λ’.
1124 1991 1265 2054 Gronovius

143 2100 221 2181 apud
246 2099 471 2161 Schneiderum.
508 2102 607 2162 eructi
630 2108 747 2179 segetes
771 2108 843 2161 sunt
865 2102 916 2179 qui
937 2103 1062 2162 remotis
1080 2101 1181 2161 succis
1196 2096 1267 2160 nord

143 2209 213 2269 lacti
236 2217 316 2289 sunt,
338 2215 373 2267 ut
396 2205 523 2268 luvenal.
543 2215 597 2269 sat.
617 2204 646 2288 8,
662 2203 706 2268 90
728 2225 797 2269 osso
818 2209 900 2268 older
923 2225 1030 2269 rerunt
1053 2210 1162 2270 ononis
1178 2212 1266 2267 eructo

143 2319 289 2377 medullis.
333 2314 384 2375 scd
413 2316 634 2377 coniunctirurn
669 2323 767 2377 essent
799 2316 830 2376 iu
860 2314 915 2375 hac
942 2314 1075 2377 dictione
1104 2313 1200 2375 locum
1223 2328 1266 2372 nor

145 2422 255 2483 hahere
280 2421 351 2483 vidit
375 2422 535 2505 Gesnerus,
558 2425 610 2502 qui
634 2423 810 2484 concinnius
834 2422 927 2483 rideri
955 2425 1018 2483 sint
1040 2421 1198 2483 adnotavit
1227 2435 1266 2498 pn

143 2528 200 2590 hoc
228 2530 405 2590 infinitivum
435 2549 500 2591 esse
528 2532 627 2612 posui,
654 2531 711 2590 nisi
739 2531 839 2609 potius
867 2528 964 2590 deleto
992 2537 1072 2591 esset
1100 2525 1266 2589 scribendum

144 2645 207 2697 erat
237 2643 271 2697 nt
298 2638 448 2697 restibiles
475 2645 591 2713 repetes
618 2639 805 2713 erectiores,
832 2638 877 2697 sic
905 2639 1070 2712 ααολαιιπὶε
1097 2653 1177 2712 quoe
1195 2649 1267 2711 pror

142 2749 251 2817 unctes
271 2747 358 2816 nont.
404 2746 581 2805 sententiam
610 2743 772 2804 Varronem
800 2742 836 2804 ab
867 2741 1027 2805 Aristotele
1055 2742 1127 2804 hist.
1148 2735 1267 2803 ninii

143 2846 197 2927 22,
215 2845 276 2909 156
305 2851 455 2929 accepisse
484 2849 633 2911 Victorius
665 2849 827 2932 adnotavit,
856 2842 938 2911 ὅταν
968 2841 1007 2910 δὲ
1034 2842 1113 2931 τέκῃ
1137 2839 1158 2929 ἡ
1181 2844 1268 2919 ἵππος,

144 2947 206 3017 οὐκ
228 2946 332 3029 εὐθὺς
355 2947 435 3036 μετὰ
458 2951 557 3017 τοῦτο
576 2953 770 3036 πίμπλαται,
793 2946 877 3017 ἀλλὰ
903 2951 1066 3018 διαλείπει
1090 2947 1213 3037 χρόνον
1227 2946 1268 3015 rui

141 3061 242 3124 τίκτει
266 3053 408 3143 ἄμεινον
430 3053 574 3145 τετάρτῳ
598 3051 618 3143 ἦ
642 3059 776 3146 πέμπτῳ
800 3061 864 3124 ἔτει
887 3056 967 3143 μετὰ
991 3054 1054 3124 τὸν
1077 3054 1188 3125 τόκον.
1223 3056 1269 3122 ἕνα

143 3161 174 3229 d‘
195 3161 357 3231 ’ἐνιαυτὸν
380 3163 435 3230 καὶ
458 3161 597 3250 πάμπαν
619 3161 746 3250 ἀνάγκη
767 3167 950 3232 διαλείπειν
968 3162 1025 3230 καὶ
1048 3177 1161 3231 ποιεῖν
1179 3159 1269 3246 ὥσπερ

143 3271 244 3338 νειόν.

232 3384 268 3444 ln
296 3383 417 3444 decem
446 3382 573 3444 diebus
601 3382 798 3445 secundum
827 3393 968 3465 partum
1000 3402 1081 3445 cum
1116 3383 1272 3449 matribus

142 3493 176 3550 in
201 3488 368 3569 pabulum
392 3490 653 3570 prodigendum
676 3510 717 3552 ne
743 3490 896 3571 ungulas
920 3500 1123 3554 commorat
1146 3500 1273 3554 stercus

131 3594 308 3687 trauehat]
343 3594 385 3656 Ite
418 3587 563 3658 Politiano
595 3596 667 3657 salsa
700 3596 815 3659 rettulit
851 3598 1016 3659 Gesnerus:
1049 3616 1121 3660 nam
1154 3603 1273 3661 conurnt

142 3709 261 3762 stercus
283 3705 416 3778 teneoot,
445 3722 505 3764 non
534 3708 658 3765 tenellos
681 3706 821 3787 nereum,
849 3705 1015 3766 Politianus
1045 3722 1084 3766 ex
1114 3705 1215 3767 codice
1238 3702 1276 3764 ad·

144 3811 270 3890 orontii,
297 3813 457 3882 comburet
479 3820 597 3872 stercus
626 3815 750 3873 tenellos
777 3831 812 3872 ex
838 3831 891 3873 sua
919 3814 1097 3873 coniectura
1126 3812 1278 3891 adscripsit

142 3933 180 3975 ne
203 3920 333 3991 πετραῖαι
361 3919 521 3977 comburat
548 3926 667 3978 stercus
694 3922 861 3981 cauendum
890 3938 925 3980 ex
950 3918 1056 3980 Aldina
1087 3919 1216 3982 editione
1241 3935 1278 3978 re

142 4033 262 4100 ceptum
292 4030 363 4083 erat.
404 4043 442 4085 ne
469 4028 601 4100 nnnnlos
628 4025 787 4085 comburat
813 4033 933 4087 stercen
965 4029 1143 4089 carendum
1168 4028 1280 4089 torellus

142 4127 352 4189 Schneiderus.
389 4132 420 4190 in
444 4132 592 4210 scriptura
615 4131 781 4211 archetypi,
810 4150 898 4211 quam
922 4131 1056 4194 editores
1086 4142 1281 4215 corruperint,

143 4237 270 4310 primum
304 4244 371 4294 aute
405 4239 510 4297 decem
538 4240 787 4317 praepositionem
817 4242 863 4313 in,
891 4257 967 4318 quae
995 4241 1028 4300 in
1063 4239 1123 4304 hac
1150 4241 1282 4320 temporis

142 4338 312 4399 ‹iestrritione
342 4339 439 4402 iocum
468 4362 527 4403 non
561 4343 663 4424 habet,
690 4344 798 4426 deleri,
832 4345 939 4406 deinde
966 4353 1100 4411 teneros
1130 4349 1236 4429 scripsi
1260 4354 1285 4405 st

143 4463 260 4523 {travam
286 4447 443 4507 verborum
467 4448 689 4511 collocationem
713 4454 839 4535 correxi,
863 4455 968 4515 decern
991 4456 1107 4518 diebus
1128 4456 1286 4518 secundun
