2874 4994
243 279 306 345 152
601 285 791 343 commu.
810 287 851 342 IN
869 285 1027 342 CATONIS

239 446 387 524 scriptura
412 444 468 505 luit
490 453 592 523 postea
612 439 633 504 5
657 446 688 503 in
712 448 776 504 tote
795 445 905 504 oletote
919 442 1004 504 ἢν
1017 450 1049 504 et
1067 446 1099 504 in
1116 444 1233 505 modios
1252 446 1378 520 sinodice

234 552 355 614 ΜΕ
375 553 540 628 deduntur,
566 546 675 631 145,2
700 554 730 611 in
753 554 890 626 sinpulos
912 554 1096 628 sumptiones
1114 550 1271 612 ffiled
1294 552 1378 613 mtu-

240 667 357 735 centur,
384 654 489 738 146,1
516 661 716 735 praeconium
736 676 886 735 praesens
905 658 990 719 SSL.
1036 661 1066 718 in
1090 658 1137 719 bis
1160 656 1301 719 omuibus
1323 654 1380 719 Vic-

241 769 335 828 torius
359 773 459 826 nomm
477 766 533 825 HS
552 784 588 825 ex
607 764 711 826 Aldina
735 765 859 825 editioni
881 766 913 826 in
936 782 1020 826 sumn
1040 765 1200 827 editionem
1219 772 1383 845 receperat;

240 875 291 934 sed
317 875 347 933 in
370 871 468 933 indice
493 880 674 950 erratorum,
703 890 791 951 quem
822 872 945 933 editioni
968 870 1109 953 subiecit,
1137 874 1319 953 scripturam
1340 890 1384 933 oo

240 981 329 1060 dicis,
360 997 448 1059 quam
481 979 552 1039 (lare
582 977 710 1059 volebat,
742 979 892 1041 indicavit
944 979 1013 1040 binc
1041 982 1071 1040 in
1099 980 1230 1041 secunda
1258 979 1384 1041 editione

242 1087 363 1149 Victorii
383 1096 414 1147 et
432 1086 539 1146 deinde
559 1088 588 1146 in
608 1084 732 1165 reliquis
752 1086 933 1148 editionibus
948 1087 996 1147 SS
1013 1104 1070 1147 oon
1091 1086 1189 1148 addita
1209 1087 1297 1168 linea,
1315 1104 1385 1167 quae

241 1205 287 1256 est
309 1197 339 1255 in
363 1212 452 1255 manu
476 1195 597 1272 scriptis
621 1193 719 1268 libris,
743 1212 918 1274 expressum
943 1203 998 1255 est.

330 1300 352 1362 4
388 1300 522 1381 Nequis
554 1300 729 1362 concedat
761 1319 829 1380 quo
861 1300 939 1362 olea
973 1300 1125 1380 legunda
1157 1310 1193 1363 et
1225 1300 1387 1363 iaciendo

242 1411 362 1470 carius
389 1407 530 1469 locetur
554 1417 655 1469 extra
680 1426 781 1488 quam
805 1410 943 1487 siquem
968 1411 1101 1469 socium
1126 1410 1388 1488 inpraesentia·

242 1535 317 1577 rum
346 1516 481 1577 dixerit
509 1517 625 1595 siquis
654 1515 844 1576 adaaersum
872 1534 909 1575 ea
934 1516 1067 1576 lecerit
1090 1518 1120 1576 si
1142 1516 1311 1577 dominus
1333 1524 1387 1576 aut

243 1631 367 1686 custos
392 1622 517 1684 uolent
540 1625 662 1684 iurent
686 1641 808 1684 omnes
826 1621 930 1700 socii]
955 1624 1103 1700 dependo
1122 1631 1152 1685 et
1166 1622 1318 1699 socienda
1336 1621 1387 1683 boc

243 1731 308 1793 loco
327 1733 357 1790 in
377 1729 537 1810 archetypo
557 1740 629 1810 eret,
649 1728 701 1789 sed
721 1738 824 1808 postea
839 1748 899 1806 pro
917 1749 954 1791 eo
970 1734 1036 1791 olen
1051 1733 1184 1807 lepundo
1199 1738 1228 1791 et
1238 1728 1387 1805 faciundo

243 1840 388 1916 scriptum
421 1846 492 1897 erat.
543 1840 673 1912 tenendo
701 1845 731 1896 ct
754 1835 904 1911 faciendo
932 1846 1060 1916 utroque
1088 1836 1152 1897 loco
1181 1835 1273 1897 babet
1300 1835 1385 1897 codex

243 1943 394 2005 llediceus
418 1962 461 2024 m,
489 1946 623 2020 tepitudo
651 1951 680 2004 et
702 1942 855 2019 socienda
880 1941 1070 2004 Florentinus
1094 1943 1109 2002 i
1128 1951 1158 2004 et
1180 1942 1261 2003 edita
1285 1942 1386 2003 iudea

243 2052 378 2131 principe
402 2051 530 2111 editione
555 2049 742 2129 exemplaria.
784 2059 941 2129 praecepta
966 2050 1002 2110 de
1026 2049 1090 2110 olea
1114 2049 1257 2130 iacienda,
1281 2049 1318 2110 de
1336 2067 1386 2128 qua

243 2166 346 2238 postea
374 2158 571 2237 praecipitur,
599 2155 635 2217 ab
663 2156 720 2216 hoe
748 2156 813 2217 loco
837 2156 931 2218 aliena
955 2175 1020 2217 esse
1045 2156 1249 2218 Schneiderus
1273 2158 1385 2237 putarit

244 2265 296 2326 sed
315 2264 394 2326 idem
415 2264 486 2345 quid
506 2272 586 2324 esset
604 2267 775 2325 concedere
794 2282 852 2324 non
872 2263 1025 2346 intellexit,
1047 2283 1114 2325 caim
1134 2265 1170 2325 de
1189 2262 1385 2326 sublocatione

243 2374 343 2452 operis
366 2373 395 2433 id
420 2371 479 2433 dici
503 2373 695 2432 existimaret.
740 2373 838 2431 caveri
861 2374 941 2431 enim
961 2390 998 2431 ne
1017 2371 1080 2431 olea
1100 2371 1223 2450 legenda
1242 2390 1259 2432 a
1280 2370 1384 2433 redem-

244 2489 329 2559 ptore
358 2481 457 2559 operis
486 2480 600 2538 minore
629 2479 739 2558 pretio,
768 2496 855 2557 quam
885 2480 948 2557 ipse
972 2480 1107 2559 emisset,
1129 2477 1183 2559 ,alii
1208 2477 1385 2558 sublocetur3

245 2588 345 2664 itaque
370 2589 439 2646 otiis
458 2590 577 2646 locetur
595 2602 650 2663 pro
670 2588 776 2645 corius
795 2589 912 2646 locetur
931 2584 1089 2664 legendum
1108 2603 1183 2646 esse.
1221 2603 1283 2646 non
1303 2587 1386 2664 magis

246 2691 365 2772 probari
384 2699 511 2771 possunt
529 2693 792 2770 interpretationes
811 2691 946 2772 aliorum,
969 2694 1021 2772 qui
1041 2692 1077 2752 de
1097 2693 1242 2771 operariis
1264 2691 1301 2753 ad
1319 2709 1387 2771 opus

245 2798 413 2859 iaciendum
437 2817 452 2858 a
476 2798 666 2877 redemptore
690 2799 855 2879 conductis,
878 2798 906 2860 h.
929 2818 954 2859 e.
978 2799 1015 2860 de
1038 2797 1144 2879 legulis
1169 2806 1199 2859 et
1222 2798 1387 2878 factoribus,

244 2908 295 2984 quii
328 2907 384 2985 ipsi
418 2907 493 2966 socii
525 2914 626 2967 essent
660 2905 871 2986 redemptoris,
908 2906 981 2967 baec
1014 2907 1144 2985 praecipi
1177 2908 1388 2968 existimarunt.

246 3012 411 3073 cavendum
440 3014 519 3073 enim
548 3031 613 3073 esse
642 3032 680 3074 ne
709 3014 776 3093 quis
804 3032 839 3073 ex
863 3013 910 3073 bis
933 3012 969 3072 ab
994 3031 1084 3093 opere
1108 3022 1248 3092 suscepto
1273 3015 1304 3074 in
1327 3031 1388 3075 eum

247 3118 353 3199 locum,
377 3122 407 3179 in
432 3138 490 3199 quo
515 3122 613 3180 carius
637 3120 699 3179 olea
724 3118 847 3200 locetur,
874 3118 1006 3180 discedat
1031 3118 1075 3180 vel
1100 3121 1228 3199 nequis
1253 3120 1388 3201 discedat,

248 3244 308 3305 quo
332 3228 429 3286 carior
453 3228 503 3289 liat
526 3227 646 3308 locatio,
673 3228 731 3287 nisi
755 3229 781 3287 si
804 3225 893 3287 alium
918 3229 1017 3287 statim
1041 3224 1255 3289 substituisset
1297 3227 1334 3288 de
1355 3229 1389 3288 iis

244 3334 345 3412 potius
364 3334 417 3411 qui
436 3335 466 3392 in
486 3332 699 3394 licitationibus
719 3351 794 3410 opus
814 3333 961 3394 redimere
976 3337 1102 3413 cupiunt
1116 3334 1190 3396 haec
1205 3335 1266 3396 dici
1282 3336 1390 3396 monuit

245 3438 448 3500 Mommsenus
472 3439 538 3501 laist
562 3440 645 3500 Rona.
666 3439 677 3498 l
701 3458 728 3518 p.
749 3436 823 3520 850,
847 3449 877 3501 et
900 3440 1112 3518 comprobatur
1135 3442 1173 3502 iis
1197 3459 1274 3521 quae
1297 3441 1389 3503 addita

245 3556 329 3628 sunt,
358 3564 418 3622 qno
446 3549 553 3607 corius
579 3550 647 3608 olen
670 3550 802 3622 lepundo
826 3556 855 3608 et
875 3547 1028 3624 faciundo
1052 3553 1177 3610 locetur.
1228 3548 1389 3610 concedere

245 3665 354 3734 autem,
377 3660 411 3713 ut
434 3651 561 3734 videtur,
586 3652 695 3714 dicitur
719 3655 744 3713 is
768 3656 820 3732 qui
845 3673 912 3714 cum
933 3656 989 3715 alio
1009 3657 1181 3717 societatem
1201 3656 1278 3735 iniit,
1302 3663 1335 3716 ut
1352 3655 1390 3716 illi

245 3763 274 3820 in
303 3760 464 3819 licitatione
494 3778 613 3838 operam
642 3760 864 3821 conducendam
894 3763 1072 3842 committat,
1100 3780 1159 3841 quo
1188 3762 1290 3824 carius
1316 3780 1349 3823 ea
1374 3779 1390 3821 a

245 3866 366 3926 domino
394 3865 477 3926 lundi
506 3866 633 3948 locetur,
667 3875 769 3946 postea
798 3875 897 3929 autem
925 3886 1043 3948 operam
1073 3868 1109 3929 ab
1137 3868 1188 3929 illo
1215 3869 1389 3931 conductam

245 3975 443 4034 communiter
462 3992 531 4034 cum
551 3992 586 4034 eo
606 3975 703 4038 iaciat.
740 3975 797 4035 boc
817 3993 854 4035 ne
870 3976 928 4056 fiat,
948 3977 1119 4055 redemptor
1134 3977 1258 4059 socium,
1277 3978 1388 4056 siquem

246 4080 403 4142 habiturus
428 4090 481 4161 est,
505 4083 536 4141 in
560 4083 622 4160 ipsa
648 4080 808 4142 licitatione
833 4084 985 4143 nominare
1009 4083 1107 4166 debet,
1131 4091 1164 4144 ut
1187 4085 1213 4143 is
1236 4102 1252 4145 a
1274 4083 1388 4145 domino

248 4187 292 4247 vel
312 4186 524 4265 comprobetur
543 4188 588 4247 vel
608 4190 763 4248 reiciatur:
789 4183 895 4268 145,3
914 4193 1029 4251 socium
1049 4209 1175 4265 nequem
1193 4192 1311 4267 habeto,
1333 4188 1429 4252 nos*

246 4311 333 4369 quent
361 4296 498 4355 dominos
528 4298 650 4356 iusserit
678 4302 732 4354 ont
759 4302 867 4356 eustos.
914 4296 1070 4357 adversum
1099 4315 1133 4356 ea
1161 4297 1256 4376 siquis
1280 4298 1415 4377 lecerit,-

246 4399 275 4461 b.
290 4417 315 4460 e.
336 4399 431 4477 siquis
450 4401 572 4479 socium,
592 4417 682 4478 quem
701 4407 787 4460 antea
804 4405 1089 4484 consummaverat,
1108 4403 1271 4487 admiserit,
1289 4421 1421 4465 omne&
