2874 4994
141 276 205 341 136
501 282 691 338 conuertit
710 283 750 336 IN
769 279 926 338 CATONIS

141 439 192 500 ubi
216 445 369 518 praeterea
389 436 466 513 faba
489 456 544 517 pro
572 436 679 513 fabam
702 437 894 498 scribendum
917 453 983 498 esse
1005 434 1174 499 Pontedera
1196 456 1227 519 p.
1247 434 1287 501 72

142 545 300 607 adnotavit.
337 548 431 607 haece
447 544 557 622 fruqes
580 548 754 607 condantur
777 543 924 623 Bergkius
942 542 1066 624 symbol.
1083 545 1115 605 in
1134 554 1288 625 grammat

142 653 223 714 latin.
248 672 275 732 p.
296 650 358 714 101
390 652 535 734 defendit,
571 661 604 714 ut
631 656 724 714 hasce
752 653 932 713 nominativo
961 670 1032 713 casu
1059 650 1173 714 dictum
1202 659 1290 733 esset,

143 762 229 822 cuius
253 760 364 820 formae
389 770 469 820 certa
494 759 626 840 exempla
650 762 679 820 in
704 759 795 821 latino
819 778 956 820 sermone
979 769 1080 820 extare
1102 777 1165 821 non
1188 758 1291 841 videreq

144 877 174 928 et
206 866 367 927 secundam
395 866 478 927 verbi
511 886 668 945 personam
697 868 727 927 in
755 866 845 927 lartius
873 866 953 927 modi
980 868 1149 946 praeceptis
1176 866 1290 927 deside·

144 993 253 1035 ramus.
290 976 390 1054 itaque
410 978 592 1052 priusquam
615 977 708 1035 hasce
727 973 837 1050 fruqes
861 977 984 1048 condar,
1007 973 1063 1051 far
1085 991 1151 1053 sqq.
1174 974 1292 1053 scripsi

145 1082 252 1144 deinde
276 1083 396 1162 Iunoni,
420 1083 506 1142 cuius
530 1090 634 1161 postea
656 1083 768 1143 mentio
794 1081 869 1142 lacta
893 1100 952 1141 non
976 1090 1031 1161 est,
1058 1079 1222 1141 delendum
1244 1088 1295 1141 aut

146 1194 214 1252 uiuo
248 1189 325 1250 Iano
358 1189 488 1249 Iunonia
517 1189 584 1249 Iovi
606 1186 802 1265 praefamine
830 1187 1021 1249 scribendum
1048 1205 1115 1249 esse
1144 1184 1295 1247 lieursius

146 1298 292 1376 coniecit,
324 1298 410 1356 thari
442 1298 510 1356 vino
539 1297 648 1356 Ianum
677 1297 837 1370 Iouemque
860 1293 1056 1372 praefamine
1083 1292 1296 1374 Schneiderus,

147 1406 225 1465 sicut
254 1402 290 1463 de
318 1421 388 1481 agro
417 1401 570 1462 lustrando
602 1399 716 1483 141,1
746 1404 891 1482 seriptum
923 1410 968 1462 cst
996 1403 1107 1463 Ianum
1135 1402 1296 1477 Iouemque

151 1514 220 1571 runo
240 1507 444 1586 praefamine.

238 1614 259 1677 2
293 1616 373 1676 lano
407 1622 543 1676 struem
577 1624 800 1676 commoneto
834 1618 885 1676 sic
919 1617 997 1676 iane
1030 1625 1133 1695 pater
1166 1625 1201 1677 te
1235 1614 1297 1677 hac

149 1733 250 1785 struo
279 1721 509 1782 ammonendo
539 1721 649 1782 bonas
677 1741 803 1801 preces
832 1741 960 1802 precor
988 1725 1038 1783 uti
1068 1725 1142 1784 sies
1171 1720 1297 1785 uolens

150 1832 334 1911 propitius
357 1829 443 1890 milri
466 1828 667 1908 liberisque
692 1831 778 1889 meis
802 1829 903 1889 domo
927 1827 1158 1908 familiaeque
1187 1827 1296 1907 meae]

155 1938 339 1998 Commoueto
365 1947 393 1996 et
418 1938 630 1996 commovenda
654 1935 732 1996 edita
757 1935 825 1996 inde
849 1955 864 1995 a
888 1936 1023 2015 principe
1047 1934 1178 1997 editione
1203 1954 1297 1997 exem·

151 2045 251 2126 plania.
295 2062 349 2122 pro
372 2043 419 2102 llis
442 2050 603 2103 ommouetu
627 2050 657 2103 et
680 2045 883 2124 ammonendo,
907 2042 1058 2102 sollemme
1081 2042 1184 2103 iuliis
1208 2045 1295 2105 caeci·

152 2153 260 2212 moniis
284 2149 417 2230 verbum,
441 2148 519 2229 quod
545 2151 634 2209 etiam
657 2151 687 2209 in
710 2149 869 2229 archetypo
895 2151 1013 2228 saepius
1032 2161 1209 2230 corruptum
1229 2160 1297 2229 erat,

152 2260 285 2319 restitui:
308 2257 385 2319 Fest.
405 2277 433 2337 p.
449 2254 522 2339 202,
542 2254 585 2319 33
610 2258 767 2318 Odmoecto
783 2275 842 2334 pro
861 2261 1016 2318 admoveto
1036 2257 1199 2318 dicebatur
1219 2259 1298 2334 apud

153 2369 303 2442 antiquos,
322 2373 356 2426 ut
374 2369 447 2442 alia,
466 2384 545 2440 quae
563 2368 663 2425 relatu
682 2372 759 2425 curet.
784 2363 891 2423 deinde
907 2366 1001 2425 boreas
1016 2382 1125 2441 prcccs
1140 2372 1171 2424 tc
1185 2382 1297 2442 precor

153 2477 200 2534 uti
225 2476 284 2533 sies
312 2476 412 2533 votens
436 2475 589 2549 propitius
617 2474 692 2532 atili
713 2474 877 2546 liberisque
899 2475 972 2531 meis
996 2473 1081 2531 domo
1102 2469 1298 2547 familiaeque

154 2597 238 2640 aeteae
270 2586 388 2639 mactus
420 2581 477 2639 leoc
502 2577 593 2654 ferto.
640 2577 754 2654 fertum
786 2580 853 2639 lori
879 2596 942 2656 sqq.
971 2576 1093 2638 llerula.
1144 2576 1299 2639 lectionem

154 2684 307 2765 archetypi
336 2684 418 2745 dedit
441 2683 598 2746 Victorius.
644 2684 799 2745 formulam
828 2686 1027 2765 mactationiS,
1058 2686 1189 2764 quaein
1213 2702 1299 2745 manu

155 2791 277 2869 scriptis
296 2788 380 2849 libris
400 2791 507 2849 omissa
527 2799 581 2871 est,
601 2789 773 2871 addendam,
793 2789 844 2850 sed
864 2794 924 2851 trac
941 2801 1034 2870 strue,
1059 2809 1116 2851 nou
1136 2793 1195 2853 lroc
1211 2790 1301 2873 ferto,

156 2897 236 2977 quod
252 2896 363 2957 llerula
379 2895 510 2976 dederat,
529 2897 720 2957 scribendum
736 2916 801 2958 esse
818 2896 1018 2959 Schneiderus
1038 2897 1198 2980 adnotavit,
1218 2902 1302 2960 domo

154 3004 353 3081 familiaeque
380 3023 477 3079 meae,
506 3011 623 3064 etractus
650 3006 710 3064 auc
737 3014 830 3065 strue.
877 3024 943 3065 riam
968 3006 1007 3065 ita
1031 3005 1068 3065 de
1093 3006 1169 3066 terto
1193 3024 1303 3067 omme

160 3112 254 3171 vendo
278 3113 422 3190 scriptum
448 3119 493 3171 est
516 3118 628 3190 postea,
652 3120 768 3171 mactas
791 3114 849 3173 troc
869 3111 960 3187 ferto.

246 3215 268 3279 4
290 3217 355 3279 Ubi
379 3225 479 3278 extra
502 3225 669 3295 prosecta
693 3227 798 3279 errent
823 3221 1060 3280 itanostrnem
1080 3229 1305 3282 commoneto

157 3332 385 3405 mactatoque
418 3327 502 3395 item
537 3325 589 3383 uti
619 3325 721 3401 prins
749 3324 954 3385 obmcueris
982 3327 1057 3386 ioui
1085 3326 1220 3387 lectum
1248 3327 1306 3388 ob-

159 3441 300 3493 moueto
324 3439 552 3510 mactatoque
575 3432 659 3490 item
685 3433 735 3490 nti
755 3434 856 3511 prius
876 3431 1022 3510 leceris]
1052 3434 1110 3494 uer
1126 3442 1219 3495 entra
1235 3453 1306 3512 pro

158 3548 243 3602 secta
263 3546 353 3601 erum
372 3543 415 3598 tta
435 3544 587 3598 uostruem
607 3537 782 3619 apographa,
803 3540 856 3599 uu
872 3546 945 3599 cata
960 3546 1104 3616 prosecta
1123 3548 1217 3602 eruut
1231 3542 1307 3604 Iano

159 3657 273 3708 struem
298 3644 461 3705 Politianus
489 3639 564 3723 (uon
588 3648 600 3704 t
622 3646 712 3720 Iane,
741 3654 774 3706 ut
798 3645 947 3706 Gesnerus
975 3643 1138 3729 adnotavit)
1162 3655 1193 3709 et
1216 3648 1308 3709 editio

160 3752 291 3813 Victorii.
341 3754 371 3812 in
395 3751 554 3831 archetypo
579 3752 695 3813 videtur
718 3755 812 3830 prisma
836 3771 926 3813 mann
950 3761 1090 3814 extruet
1110 3758 1307 3818 itanostruem

160 3862 306 3938 scriptum
331 3859 436 3939 luisse,
465 3858 570 3919 deinde
600 3869 767 3920 correctum
792 3869 864 3922 eata
888 3869 919 3922 et
942 3863 1019 3921 Iano
1041 3869 1165 3923 struem.
1192 3895 1231 3906 -
1258 3866 1309 3925 udi

160 3975 233 4029 eata
258 3971 399 4044 periecta
427 3974 529 4042 eruat,
562 3970 605 4028 ita
630 3974 744 4042 caueto,
772 3975 885 4030 struem
914 3975 1092 4030 commoneto
1116 3978 1308 4047 mactatoque

162 4078 230 4136 item
253 4079 300 4135 uti
317 4077 407 4151 prius
427 4072 542 4149 feceris
566 4073 691 4153 Merula,
715 4073 766 4134 urbi
786 4079 926 4151 proiecta
951 4075 1032 4135 dedit
1055 4074 1234 4157 Beroaldus,
1257 4080 1309 4139 uli

161 4189 234 4242 extu
251 4183 390 4256 proiecta
410 4190 509 4262 eruut,
529 4184 571 4241 ita
591 4182 668 4241 Iano
687 4188 800 4242 struem
820 4190 1000 4243 commoneto
1018 4190 1212 4260 cunctataque
1232 4189 1306 4260 iteru,

161 4291 209 4347 uti
222 4289 312 4362 prius
335 4287 508 4347 admoueris.
547 4289 613 4348 Ioui
636 4291 705 4348 item
724 4288 839 4365 fertum
863 4291 1014 4350 obmoveto
1038 4297 1241 4367 mactatoque,
1264 4295 1307 4353 atr¹

159 4396 248 4470 prius
272 4391 396 4468 feceras
425 4392 583 4455 iucundus.
629 4397 683 4455 ubi
709 4405 781 4457 eata
800 4405 950 4472 porrecta
973 4405 1064 4458 eruut
1086 4396 1215 4459 Ursinus
1238 4416 1302 4460 con-
