2874 4994
292 337 422 394 RERVM
440 340 679 397 ursulentium
698 341 766 398 utu.
784 343 811 398 11
829 343 1023 400 Pudnu-1
1157 337 1218 403 131

120 500 214 570 erunt,
237 492 250 553 1
269 489 335 575 9‚5
358 498 402 570 ad
423 500 575 558 cultrorum
594 501 720 575 pinquis
734 496 901 575 secundior
921 502 965 561 od
981 503 1084 577 mado,
1107 497 1225 582 139,l

120 601 197 665 'tara
221 602 265 662 ad
285 603 368 677 quod
388 610 502 680 tempus
521 607 668 681 cuiusque
689 609 810 668 seminis
833 613 906 683 opta
927 609 969 668 sit
989 609 1034 669 od
1053 609 1224 670 serendum.

170 704 191 768 6
227 707 376 792 Turrani,
400 711 478 791 quod
503 710 613 773 habent
635 713 815 794 apographa,
837 715 868 774 in
891 712 1050 794 archetypo
1073 714 1141 790 fuit,
1165 733 1225 777 uon

120 819 229 889 crunni,
249 817 327 895 quod
351 819 381 877 in
404 819 539 898 principe
565 819 695 882 editione
713 819 876 882 politianus
900 838 959 881 non
983 822 1122 883 correxit.
1153 822 1224 882 item

133 915 240 1001 11,12
263 928 395 1000 terrani,
418 923 546 1007 1111‚9
570 931 754 990 turranium.
790 927 902 989 codicis
925 929 1103 1009 scripturam
1127 926 1224 990 Victo·

120 1041 148 1087 us
168 1032 307 1091 restituit.

169 1135 240 1208 Qua
263 1137 305 1199 de
328 1157 365 1200 re
389 1143 559 1220 pecuaria
587 1140 751 1206 breuiter
778 1161 816 1204 ac
843 1144 1045 1204 summatim
1073 1159 1223 1221 percur-

120 1241 166 1320 tm]
193 1243 296 1306 Deleta
328 1248 502 1325 pronomine
535 1267 597 1324 qao
626 1249 752 1312 Ursinus
780 1252 892 1311 iustum
920 1248 1080 1310 verborum
1112 1266 1222 1311 nexum

120 1351 219 1430 stituit,
242 1352 299 1431 tibi
312 1384 353 1395 —-
369 1355 407 1414 de
430 1373 465 1415 re
485 1360 637 1432 pecuaria
656 1375 852 1435 percurram.
890 1375 955 1417 nam
979 1358 1017 1417 iis
1036 1372 1111 1435 quae
1129 1357 1222 1416 inter·
1333 1391 1336 1395 ψ

120 1456 174 1517 sita
198 1467 280 1540 sunt,
308 1463 363 1535 pot·
387 1463 577 1524 vehementer
600 1466 763 1526 delecteris
789 1496 826 1507 -
852 1467 1003 1528 ministres
1027 1472 1057 1523 et
1083 1464 1166 1538 qood
1187 1478 1222 1523 eo

120 1565 201 1625 ¹ilias
234 1565 352 1640 sociam
378 1600 416 1610 -
442 1573 602 1651 aquarias,
632 1588 691 1632 non
724 1580 837 1632 mutato
870 1571 1081 1631 enuntiationis
1118 1569 1222 1629 ordine

123 1686 164 1731 sa
188 1671 316 1733 indicata
340 1683 394 1755 est,
417 1693 472 1736 eur
495 1676 531 1736 ad
556 1675 735 1737 Turranium
759 1676 832 1737 haec
860 1676 1021 1756 disputatio
1048 1675 1085 1735 de
1113 1693 1146 1734 re
1170 1693 1220 1755 pe·

120 1780 176 1838 ria
199 1781 342 1840 mittatur.
388 1798 486 1857 quare
516 1785 554 1844 de
578 1787 732 1860 pecuaria
760 1782 908 1844 Victorius
936 1783 1104 1844 coniecerat
1131 1782 1223 1843 inter·

121 1891 164 1945 to
187 1884 292 1947 ordine
317 1890 471 1949 sermonis.

167 1991 343 2073 lucipiam
367 1994 449 2056 hinc
473 1995 544 2058 lllC
568 1994 904 2074 lll'lElllllSlllUS]
925 1997 984 2057 Hie
1008 1998 1221 2058 intermisimus

125 2099 502 2203 archetypolmaiuseulis
534 2102 642 2164 litteris
674 2104 784 2183 scripta
815 2112 900 2163 erant
932 2102 1057 2182 ideoque
1089 2107 1120 2164 in
1152 2121 1221 2184 apo·

120 2205 195 2282 pluis
219 2205 361 2269 ltalorum
386 2212 493 2270 omissa
517 2219 595 2270 sunt.
643 2210 758 2272 videtur
782 2220 881 2271 autem
909 2208 965 2270 hoe
988 2228 1003 2270 a
1028 2209 1147 2273 librario
1171 2210 1220 2271 ad·

120 2321 220 2391 ‚ptum
252 2333 331 2393 esse,
355 2319 407 2395 qui
435 2319 604 2378 intermisso
634 2320 728 2396 spatio
756 2317 889 2378 lacunam
919 2320 1028 2378 veteris
1055 2319 1220 2397 scripturae

120 2437 141 2478 e
163 2423 356 2501 significatam
378 2441 443 2483 esse
462 2423 652 2484 indicaverat.
685 2423 891 2484 lachmaunus
910 2427 1011 2504 script.
1026 2426 1096 2485 min.
1116 2443 1143 2503 p.
1159 2420 1221 2486 165

160 2526 284 2589 Varroni
312 2547 346 2590 ea
375 2529 462 2590 verba
493 2529 650 2591 tribuenda
676 2548 742 2592 esse
770 2532 897 2612 putavit,
925 2549 1001 2611 quae
1028 2528 1065 2591 ab
1092 2529 1142 2591 illo
1170 2529 1219 2591 ad·

120 2633 186 2711 lpta
219 2645 332 2708 essent,
361 2645 394 2696 ut
423 2638 623 2698 intermissam
655 2656 671 2698 a
700 2655 731 2698 se
760 2639 974 2718 narrationem,
1002 2656 1089 2718 quam
1117 2646 1219 2718 postea

120 2738 218 2800 ficere
251 2741 379 2822 volebat,
412 2742 573 2805 adnotaret.
620 2743 811 2805 Zahlieldtius
839 2755 953 2824 quaest.
982 2746 1048 2806 orit.
1067 2747 1107 2806 in
1137 2744 1218 2807 Varr.

120 2887 124 2900 .
164 2855 236 2908 rust
260 2847 326 2908 libr.
349 2867 377 2928 p.
397 2846 439 2911 23
464 2845 583 2911 ‘codiee
612 2851 771 2931 archetypo
796 2852 929 2913 mutilato
957 2850 1030 2912 haec
1053 2851 1141 2913 verba
1170 2872 1218 2914 ex·

120 2967 169 3013 na
197 2956 321 3015 amissae
349 2958 442 3035 partis
470 2959 613 3018 orationis
640 2954 722 3018 esse'
747 2960 899 3039 opinatur,
923 2976 990 3018 cum
1018 2961 1049 3019 in
1077 2961 1114 3020 iis
1143 2978 1218 3038 quae

120 3073 178 3119 una
212 3063 371 3140 periissent
404 3071 555 3125 narratum
588 3075 668 3126 esset
699 3073 821 3144 propter
849 3064 1062 3126 discessionem
1093 3065 1217 3127 discatis

120 3183 243 3229 monem
267 3171 469 3231 intermissum
494 3190 569 3232 esse.
606 3171 643 3232 dc
667 3170 793 3251 abrupto
817 3172 964 3231 sermonis
988 3173 1071 3232 initio
1095 3190 1216 3233 monue-

120 3274 313 3364 tVietopius
336 3286 366 3337 et
389 3286 457 3355 post
481 3297 548 3338 eum
574 3278 704 3356 Scaliger
726 3286 757 3338 et
780 3276 914 3339 Ursinus.

165 3388 176 3442 1
199 3381 213 3442 1
241 3381 322 3444 Cum
347 3393 505 3445 medates
524 3383 771 3462 discessisset]
788 3383 1092 3466 Mennaslucundus,
1107 3386 1217 3447 Menas

120 3490 287 3571 incidemus,
306 3492 357 3570 qui
376 3492 505 3553 eundem
524 3490 604 3552 hunc
623 3509 688 3552 esse
708 3491 831 3572 putabat
849 3500 937 3573 atque
953 3510 1022 3554 eum
1040 3493 1091 3571 qui
1105 3491 1217 3554 dicitur

120 3589 209 3679 3,11
239 3600 311 3659 atii.
327 3602 416 3660 etiam
445 3603 488 3661 ad
513 3602 697 3676 quindecim,
724 3607 759 3661 ut
785 3600 903 3662 Menos.
949 3600 1079 3661 Menates
1107 3601 1217 3661 iterum

120 3702 240 3765 >ellatur
270 3702 382 3786 118,1
412 3711 493 3768 venit
519 3725 539 3767 e
562 3707 686 3769 Menate
713 3709 848 3769 libertas.
894 3707 1061 3788 exemplum
1089 3708 1216 3767 nominis
1266 3698 1271 3713 '

126 3809 197 3872 chet
229 3809 334 3873 titulus
368 3811 437 3873 ClL
469 3812 524 3874 ul
560 3831 587 3874 n.
608 3810 681 3874 633.
727 3814 763 3874 de
796 3815 889 3875 lorma
927 3814 1055 3874 nominis
1087 3812 1217 3892 disputa·

120 3928 180 3978 *unt
203 3917 384 3979 llitschelius
408 3937 508 3998 opusc.
532 3919 632 3999 philol.
656 3939 681 3981 r.
702 3918 737 3979 lV
761 3938 789 3999 p.
807 3915 872 3981 459
897 3927 928 3979 et
949 3915 1016 3979 474
1040 3926 1070 3978 et
1093 3918 1216 3979 Momm-

120 4024 176 4084 rius
200 4023 271 4086 cti.
290 4024 308 4087 l.
328 4044 352 4085 c.
376 4025 485 4104 gentile
508 4035 607 4088 autem
630 4045 737 4088 nomen
761 4044 839 4106 esse,
864 4043 923 4086 non
947 4043 1124 4108 cognomen,
1148 4025 1216 4085 inde

120 4131 206 4212 ellegi
229 4139 355 4213 poterat,
375 4131 453 4211 quod
473 4131 574 4217 Varro,
597 4133 649 4195 ubi
670 4136 798 4213 primum
823 4151 874 4193 eos
897 4135 949 4212 qui
972 4134 1102 4193 sermoni
1126 4133 1216 4193 inter·

120 4249 195 4300 runt
219 4242 360 4323 nominat,
383 4239 485 4320 gentili
509 4243 628 4302 nomine
651 4243 696 4302 uti
719 4242 880 4303 consuevit.

162 4349 222 4408 Illa
245 4351 307 4409 tria
331 4347 421 4409 editio
444 4349 622 4428 princepsa
646 4347 790 4410 Politiano
814 4367 873 4410 non
902 4353 1036 4409 surrecta
1064 4356 1095 4407 et
1123 4346 1217 4408 codex

120 4473 233 4537 menas,
256 4459 318 4516 tria
342 4459 394 4516 illa
418 4455 542 4534 plurima
572 4455 753 4537 apographa,
776 4474 872 4536 neque
896 4464 978 4517 certo
1003 4462 1132 4536 constat,
1156 4473 1215 4534 quo

966 4556 1003 4610 9*
