2874 4994
249 294 309 360 188
585 302 834 360 conmanunt
853 302 1041 360 VARRONIS

244 460 333 519 riibrss
361 462 469 520 torosis
496 462 536 520 ae
564 463 745 540 numerosis,
773 462 861 521 duris
888 461 1010 535 unuulis
1037 468 1067 521 et
1093 461 1165 521 aitis
1191 466 1219 521 et
1240 476 1348 522 coneus
1422 541 1432 551 ¹·

246 567 456 641 rutundisque,
479 569 588 642 quibus
607 584 741 628 coronae
758 569 909 629 medioers
926 568 1137 645 superpositae
1152 572 1229 628 sunt.
1257 582 1351 646 papst

246 667 400 746 xvl1,9
428 664 490 753 τὴν
517 663 666 754 κεφαλὴν
690 671 755 754 ἔχει
783 665 921 754 μικράν,
950 664 1040 755 ὄμμα
1067 667 1189 753 μέλαν,
1215 664 1352 754 §ampl

245 777 530 859 supplantarentur,
550 764 617 842 ὦτα
631 775 914 860 προσεσταλμένα,
928 771 1095 862 τράχηλον
1110 770 1252 859 ἁπαλόν,
1267 777 1354 861 quisqu
1424 768 1428 783 ¹

244 884 388 965 βαθεῖαν
412 877 595 966 οὐλοτέοαν
613 884 734 969 βραχύ,
752 880 949 968 κεκλιμένην
968 880 1022 951 ἐπὶ
1039 878 1080 949 τὰ
1100 876 1193 965 δεξιά
1214 882 1273 949 τοῦ
1287 876 1357 969 ulqi
1426 972 1430 977 ¹

245 1013 315 1073 νος,
334 990 461 1074 στῆθος
475 985 556 1074 εὐρὺ
571 988 800 1075 μεμναμένου,
820 985 1019 1075 ὠμοπλάτας
1036 986 1191 1075 μεγάλας,
1208 992 1359 1074 puppim

245 1092 385 1182 ὀρθούς,
409 1100 539 1162 κοιλίαν
564 1092 717 1181 εὔογκον,
746 1094 909 1183 διδύμους
935 1093 1090 1183 μικρούς,
1118 1092 1221 1183 ῥάχιν
1246 1093 1361 1183 plina
1429 1090 1432 1113 ³

244 1199 306 1288 μὲν
331 1205 464 1288 διπλῆν,
488 1205 519 1269 si
541 1205 578 1269 de
601 1200 646 1289 μή
669 1229 722 1288 γε,
749 1201 794 1290 μὴ
818 1201 959 1290 κυμτήν,
977 1191 1096 1288 ὀὐράν
1117 1198 1271 1290 μεγάλην
1290 1196 1365 1269 siti

244 1335 370 1397 τριχον,
386 1309 483 1394 σκέλη
499 1307 600 1396 ὀρθά,
615 1307 741 1396 μηροὺς
755 1309 1002 1397 μεμυωμένους,
1017 1305 1126 1396 ὁπλὴν
1139 1304 1368 1397 εὖπεηάγμαμον

243 1416 298 1483 καὶ
316 1415 487 1484 πάντοθεν
507 1413 640 1502 ὁμαλῶς
659 1429 923 1504 συμπεπηγυῖαν,
941 1415 1112 1503 βάτραχον
1129 1413 1267 1503 μικρόν,
1283 1412 1373 1503 ὄνυχα

245 1522 389 1612 στερεόν.

332 1633 353 1698 5
385 1635 538 1698 Naribus
562 1654 630 1697 non
655 1638 820 1716 angustis
844 1636 993 1698 auribus
1016 1635 1213 1716 adplicatis
1240 1644 1380 1716 angusta

243 1744 324 1804 iuba
348 1743 492 1822 erebra]
518 1745 584 1806 Non
608 1751 739 1821 amposta
758 1746 831 1805 iuba
850 1762 904 1823 pro
924 1751 1055 1820 anpusta
1075 1745 1149 1806 iuba
1167 1741 1296 1827 Merula,
1312 1743 1383 1824 quoi

244 1850 350 1912 deirrde
374 1869 391 1912 a
414 1849 537 1930 reliquis
560 1850 725 1912 editoribus
749 1858 904 1930 receptum
927 1858 980 1912 est
1018 1849 1147 1913 Ursinus
1170 1849 1250 1913 baec
1269 1858 1301 1913 et
1316 1869 1387 1931 qnae

244 1966 412 2038 sequuntur
435 1976 471 2018 ex
495 1956 656 2018 Columella
679 1967 709 2018 et
727 1959 899 2037 geopnnieis
922 1956 940 2018 l.
959 1977 985 2019 e.
1004 1960 1034 2018 in
1053 1957 1135 2020 hune
1154 1957 1283 2020 modum
1299 1967 1389 2021 trans·

243 2065 395 2126 formanda
419 2066 556 2146 coniecit,
578 2066 707 2126 naribus
730 2083 790 2127 non
810 2068 955 2142 enpustrs,
978 2067 1108 2127 auribus
1127 2069 1310 2144 applicatis,
1331 2086 1392 2131 ew

243 2176 309 2234 uice
335 2176 428 2247 molli,
456 2163 516 2233 non
546 2180 691 2248 amposta,
720 2174 792 2233 iuba
821 2174 948 2247 erebra,
974 2173 1151 2251 subcripsa‚
1179 2175 1340 2236 inclinata
1364 2178 1393 2237 in

155 2356 166 2371 .
243 2283 449 2340 dexteriorem
473 2287 594 2356 portem
628 2282 766 2340 ceruicis.
808 2278 888 2340 unde
916 2252 1119 2341 Schneiderus
1148 2285 1283 2345 cervice
1310 2287 1395 2357 moll,

243 2385 322 2466 qnod
353 2385 430 2465 apud
459 2384 650 2447 Columellam
679 2385 800 2466 legitur,
833 2388 961 2467 recepit,
991 2388 1121 2449 naribus
1148 2404 1217 2450 non
1251 2394 1397 2468 enpustis,

243 2495 372 2555 auribus
405 2495 579 2570 applicatis,
612 2495 733 2554 ceruice
764 2496 860 2569 molli,
892 2511 951 2555 uon
979 2500 1130 2570 anpusta,
1164 2497 1248 2556 iuba
1278 2499 1398 2559 erebra

243 2609 366 2679 apparet
394 2608 492 2660 tamen
520 2608 675 2678 angustam
708 2598 753 2660 vel
786 2618 846 2661 nou
873 2609 1028 2680 angustam
1055 2619 1156 2681 noque
1191 2601 1302 2665 iubam
1336 2614 1399 2686 apte

243 2706 302 2767 dici
321 2725 418 2786 neque
438 2709 593 2769 cervicem,
631 2725 723 2786 quare
742 2707 840 2768 deleto
860 2715 1001 2789 enpusta,
1024 2707 1102 2788 quod
1125 2727 1162 2770 ex
1184 2711 1400 2790 superioribus

244 2815 347 2874 viunse
371 2815 531 2892 repetitum
555 2795 627 2894 erat,
651 2816 757 2894 scripsi
781 2816 910 2877 naribus
932 2832 993 2877 nou
1011 2818 1161 2898 anpustis,
1188 2819 1330 2880 auribus
1350 2820 1400 2881 ad·

240 2923 374 3002 plicatis,
398 2921 470 2982 iuba
494 2922 615 2982 crebra.
662 2921 739 3000 apud
763 2919 954 2983 Columellam
978 2930 1078 2983 antem
1102 2931 1135 2983 et
1161 2924 1199 2985 in
1225 2927 1402 3006 geoponieis

244 3025 336 3088 multa
362 3029 393 3087 in
422 3026 468 3088 bis
497 3026 749 3107 descriptionibus
777 3027 875 3090 addita
906 3046 986 3111 esse,
1014 3047 1088 3110 quae
1118 3030 1205 3110 apud
1237 3031 1402 3096 Varronem

248 3152 306 3195 non
331 3133 518 3216 legebantur,
546 3132 631 3195 laeile
659 3135 811 3215 intelleget
834 3137 1014 3216 quicumque
1043 3136 1118 3198 baec
1146 3139 1236 3201 inter
1268 3148 1303 3203 se
1328 3160 1402 3204 snm

243 3244 398 3320 paraverit.
444 3259 504 3302 non
532 3243 624 3321 magis
648 3241 833 3321 probandum
858 3252 918 3324 est,
946 3243 1026 3324 qnod
1053 3253 1161 3326 postea
1193 3246 1404 3312 Schneiderus

242 3351 473 3427 geoponieorum
493 3348 723 3428 descriptionem
748 3361 870 3412 secutus
888 3349 978 3411 verba
1000 3352 1031 3412 in
1049 3350 1133 3414 bunc
1152 3354 1291 3418 modurn
1309 3366 1401 3420 mans·

242 3455 378 3534 ponenda
403 3464 433 3515 et
457 3454 595 3516 mutanda
620 3474 686 3517 esse
710 3459 849 3538 eorrieeit,
870 3461 1005 3535 scapulas
1022 3461 1102 3540 latis,
1126 3461 1280 3527 ilumeris
1302 3468 1403 3543 rectis,

241 3572 346 3622 eierare
372 3564 507 3641 modico,
535 3565 642 3624 iambis
670 3566 811 3626 deorsum
838 3582 957 3627 uersum
981 3568 1113 3647 presses,
1140 3571 1243 3645 spina
1272 3577 1403 3635 musmo

242 3671 365 3745 duplici.

332 3774 509 3837 Cruribus
528 3777 642 3837 restis
661 3776 874 3856 aequalibus
893 3780 989 3839 intro
1008 3796 1141 3840 uersus
1155 3785 1294 3861 potius
1314 3786 1400 3867 ligu-

242 3890 317 3942 rata
350 3881 502 3962 genibus
540 3883 708 3945 rutundis
742 3903 782 3945 ne
816 3886 953 3965 maguis
985 3883 1136 3965 ungulis
1171 3888 1305 3972 duris]
1342 3896 1402 3959 ii'ec

241 3995 359 4069 moenis
387 4009 416 4051 m
449 3998 479 4050 et
507 3990 627 4052 llernla.
669 3995 815 4053 eruribus
847 3996 940 4055 rectis
971 4001 1001 4055 et
1033 3997 1243 4079 aequalibus,
1273 4004 1402 4077 pendas

241 4100 394 4176 rotundis,
422 4116 478 4157 aee
501 4101 620 4174 mopnis
643 4118 700 4160 nee
723 4103 876 4161 introrsus
897 4102 1120 4178 spectantibus,
1149 4111 1288 4181 annulis
1315 4112 1401 4171 duris

243 4203 403 4283 iucundus,
427 4221 501 4280 quae
526 4202 674 4265 Victorius
699 4210 821 4287 recepit,
844 4206 895 4267 sed
924 4225 964 4268 ne
985 4210 1107 4283 mappis
1132 4226 1149 4269 e
1177 4212 1291 4276 codiee
1315 4214 1401 4277 dedit

242 4312 385 4370 eruribus
409 4315 501 4372 rectis
525 4314 712 4387 aequalibus,
732 4317 834 4391 potius
855 4318 961 4391 finiero
984 4317 1063 4396 altis,
1085 4319 1231 4391 penitius
1253 4326 1403 4403 emanas,

242 4435 298 4478 nec
321 4421 440 4494 mopsus
463 4436 520 4480 nec
545 4421 731 4481 introversus
753 4423 974 4498 spectantibus,
1003 4425 1129 4499 unpuirs
1156 4428 1259 4492 auru
1281 4428 1403 4493 Schnei-
