2874 4994
157 328 223 396 258
500 306 954 394 conueneruvrnnours

157 504 191 559 ut
214 494 303 578 solet,
326 496 456 576 novavit,
479 497 559 557 inter
581 496 714 571 reliquos
741 494 781 556 ob
808 496 867 557 imo
894 497 939 556 od
965 509 1121 556 commum
1145 495 1184 556 od
1202 497 1266 558 reni

153 606 261 680 pedem
297 620 393 679 oeque
425 606 518 664 lotum
554 621 593 665 oc
629 605 761 664 mutulos
798 620 820 664 c
851 604 975 680 pariete
1010 608 1104 665 extol.
1147 599 1268 684 archetypi

155 709 314 772 lectionem
336 708 485 771 Victorius
511 711 657 789 restituit,
685 707 737 770 ubi
763 727 909 771 summurn
936 728 958 771 e
986 727 1117 773 comcro
1142 711 1184 772 od
1203 714 1268 773 reni
1323 787 1325 791 ,

151 819 259 894 perlem
283 836 379 893 oeque
401 820 494 878 lotum
518 814 709 878 scribendum
733 814 934 878 Schneiderus
956 817 1098 879 coniecit.
1139 815 1174 878 de
1193 825 1266 879 tunu-
1322 797 1325 858 ἒ

154 922 239 985 ribus
262 924 339 1004 apud
364 922 556 985 Columellam
578 921 643 984 Vlll
662 920 692 1005 9,
712 919 732 985 3
756 924 866 1004 scriptu
895 930 966 986 suut
991 922 1082 1006 haec,
1104 927 1269 1002 receptaculo

154 1049 215 1093 nort
243 1037 395 1107 tamquam
423 1033 567 1092 columbis
595 1033 800 1093 loculamento
825 1033 874 1092 orl
902 1033 1032 1094 cellulae
1057 1037 1184 1094 swelce
1203 1034 1270 1106 tort

154 1140 210 1200 sed
230 1140 274 1199 od
294 1141 406 1200 lineam
433 1141 542 1200 mutuli
558 1157 618 1216 per
641 1141 792 1216 parietem
815 1140 878 1213 fiori
904 1141 1085 1216 tepeticulus
1111 1139 1271 1202 ramoso

152 1248 311 1323 occipiunt
323 1249 494 1324 praetentis
508 1248 632 1322 retibus,
650 1248 759 1322 quibus
772 1247 998 1324 prohibeantur
1015 1249 1130 1327 colore,
1142 1247 1269 1327 quonian

152 1355 182 1413 si
208 1354 242 1414 ib
265 1352 401 1430 sociant,
425 1355 606 1431 corporibus
633 1356 807 1415 detrabunt.
848 1356 880 1415 in
902 1356 951 1415 bis
976 1355 1109 1416 emente
1126 1360 1273 1432 percontor

153 1449 343 1540 (poscantur
370 1458 463 1521 codex
492 1455 772 1541 Ssupermsueusis)
804 1461 885 1522 milio
917 1466 974 1522 out
1004 1463 1117 1523 tritico,
1162 1459 1274 1522 similiter

152 1563 244 1627 Varro
276 1568 308 1627 in
343 1565 409 1628 loco
440 1566 611 1629 turturibus
644 1566 853 1629 constituendo
886 1584 940 1647 pro
973 1565 1165 1629 columbariis
1198 1576 1275 1628 certos

154 1673 274 1734 ordines
299 1672 481 1736 mutulorum
505 1684 555 1736 cut
577 1672 715 1755 palorum
738 1672 907 1755 tegeticulis
935 1673 1110 1736 cannabinis
1136 1675 1277 1757 tectos,iu

154 1779 264 1860 quibus
287 1799 355 1842 ures
379 1781 511 1864 sedeant,
529 1785 560 1843 in
579 1785 692 1862 pariete
712 1782 776 1843 deri
798 1779 891 1844 iubet.
927 1799 1033 1844 eorum
1051 1781 1190 1844 ordinum
1205 1783 1278 1861 igitur

154 1890 248 1967 spatia
271 1890 313 1950 ita
336 1891 569 1972 constituuntur,
593 1900 626 1952 ut
649 1891 767 1951 infimus
791 1889 864 1951 ordo
888 1908 904 1950 a
929 1897 1009 1952 terro
1032 1908 1092 1951 nou
1115 1891 1213 1952 miuus
1231 1897 1279 1950 uo

152 1993 245 2075 pedes
275 1994 365 2077 absit,
392 1997 472 2059 inter
501 1997 632 2078 reliquos
665 1997 817 2059 dodrantis
849 1999 942 2078 spatia
973 1998 1045 2079 sint,
1075 2014 1092 2057 a
1120 2013 1231 2059 summo
1253 1994 1280 2056 ad

153 2120 299 2163 camaram
327 2103 486 2185 semipedis
516 2106 652 2186 spatium.
698 2103 822 2165 latitudo
854 2112 953 2166 sutem
984 2103 1141 2186 ordinum,
1172 2120 1282 2184 quamn

152 2217 254 2272 certus
285 2210 392 2273 modus
424 2230 484 2273 nou
518 2221 576 2294 cst,
608 2211 794 2292 longitudine
826 2210 1011 2274 mutulorum
1041 2210 1198 2273 delinitur:
1226 2217 1282 2271 sunt

153 2307 233 2379 euim
256 2326 316 2380 ism
339 2317 399 2395 lati,
419 2338 507 2399 quom
530 2318 636 2382 mutuli
656 2329 757 2381 extare
776 2337 811 2380 ex
834 2320 949 2398 pariete
966 2325 1103 2399 possunt.
1141 2316 1283 2399 neglegeti-

152 2427 229 2487 tiore
247 2434 347 2488 autem
366 2425 756 2508 compositione'verborum
776 2445 811 2488 ea
830 2444 906 2506 quse
924 2425 961 2487 de
979 2424 1120 2488 omnibus
1144 2423 1284 2488 ordinibus

144 2509 277 2595 'dicenda
301 2544 386 2595 erant
408 2534 444 2594 ad
469 2553 561 2596 uuum
585 2534 724 2595 translatu
753 2543 784 2595 et
810 2542 879 2613 post
905 2533 1141 2613 descriptionem
1168 2533 1286 2595 universi

151 2649 309 2721 apparatus
329 2641 410 2723 haec,
430 2660 505 2721 quae
524 2642 559 2703 ad
580 2641 710 2704 mutulos
728 2639 795 2703 illos
813 2648 844 2702 et
862 2639 1036 2721 tegeticulas
1055 2642 1212 2720 impositas
1228 2657 1284 2721 per·

150 2747 257 2828 tinent,
280 2751 311 2808 irc
334 2751 443 2825 quibus
466 2751 531 2810 dies
553 2756 715 2826 noctesque
733 2755 914 2827 poscuntur,
938 2747 1035 2809 addita
1060 2757 1142 2810 sunl
1189 2746 1286 2809 sedin

151 2853 357 2933 superioribus
390 2858 433 2917 od
463 2858 642 2937 praepositio
675 2865 743 2918 oute
779 2858 958 2934 semipedem
994 2873 1098 2916 errore
1137 2854 1285 2918 scribentis

132 2961 268 3023 'videtur
300 2965 426 3043 repetita
459 2981 534 3025 esse.
580 2983 648 3026 nam
681 2973 794 3027 certam
826 2966 915 3043 spatii
942 2963 1149 3024 definitionem
1180 2964 1211 3024 in
1240 2960 1287 3022 lose

151 3068 351 3150 descriptione
375 3069 587 3155 desideramus,
606 3091 626 3133 o
649 3089 762 3134 summo
781 3074 825 3135 ed
846 3088 1004 3133 cuneorum
1027 3072 1219 3152 semipedem,
1236 3086 1286 3129 nou

152 3177 251 3238 minus
280 3185 461 3260 accuratam,
490 3177 606 3258 qualem
638 3178 737 3240 addita
770 3178 805 3239 ad
833 3195 973 3239 numeros
999 3179 1183 3257 praepositio
1211 3176 1288 3256 signi·

150 3283 232 3346 licet:
264 3283 290 3344 ll
312 3283 339 3366 1,
358 3282 401 3347 20
430 3285 501 3362 fere
533 3288 576 3347 od
606 3293 751 3361 quattuor
786 3303 913 3363 menses,
941 3282 985 3367 fd,
1005 3280 1048 3346 10
1079 3287 1126 3346 od
1156 3293 1287 3347 centron

146 3397 287 3468 poscunt,
311 3387 401 3472 1115,
422 3388 463 3453 14
486 3394 530 3453 od
551 3395 610 3454 duo
631 3396 725 3470 pectes
748 3394 1189 3475 circumcurrentem,
1213 3385 1286 3472 11,2

149 3502 244 3559 cltum
267 3516 332 3560 esse
354 3506 472 3574 oportet
493 3502 537 3562 od
554 3503 648 3577 pedes
671 3503 852 3576 quindecim.

240 3601 261 3664 3
289 3604 334 3665 dc
359 3614 524 3667 stercore
547 3625 589 3667 ne
617 3604 864 3685 offendantur]
890 3606 936 3668 Ac
956 3612 1096 3668 stercore
1119 3604 1285 3687 apographo,

150 3727 170 3770 o
187 3717 324 3772 stercore
346 3713 377 3772 iu
400 3714 534 3794 principe
554 3712 684 3775 editione
703 3713 866 3775 l‘olilianus
884 3731 944 3775 uon
967 3715 1109 3775 correxit
1144 3716 1176 3776 in
1193 3710 1284 3775 arche·

150 3827 219 3897 typo
239 3816 355 3879 videtur
378 3837 417 3881 oc
441 3822 586 3901 scriptum
606 3821 707 3903 luisse,
725 3828 829 3902 postes
848 3829 1017 3883 correctum
1036 3839 1066 3883 o.
1105 3839 1198 3902 quare
1215 3818 1285 3898 olim,

149 3932 183 3984 ul
210 3931 338 3987 veterem
370 3929 548 4007 scripturam
580 3936 848 4009 repraesentarem,
877 3946 916 3990 cc
942 3927 1061 3990 inclusi.
1108 3929 1161 3992 sed
1192 3943 1283 3989 rerum

148 4032 264 4094 ridetur
287 4052 307 4095 o
330 4041 476 4110 stercore,
499 4034 535 4096 de
558 4053 617 4115 quo
641 4034 702 4096 dixi
725 4032 808 4111 inl,
828 4032 858 4097 2.

236 4139 283 4200 ld
304 4140 536 4219 saginandum
556 4142 595 4204 ad
615 4143 842 4223 potissimum
861 4139 1016 4222 tempus]
1032 4143 1281 4222 Apposlturlrautl

148 4244 314 4325 apographa
344 4247 487 4326 qcraednm
512 4252 676 4311 recentiora
699 4258 735 4314 et
762 4248 840 4311 edita
869 4249 938 4311 iude
966 4248 1003 4311 ab
1030 4248 1138 4313 Aldina
1165 4248 1280 4312 editione

148 4350 333 4435 exemplaria,
356 4356 542 4430 optr'ssimunr
565 4355 700 4418 Ursinus.

235 4457 365 4522 llatres
389 4479 511 4523 eorum
534 4467 607 4523 tum
631 4463 786 4544 optimae
809 4470 893 4525 sunt
922 4480 1001 4526 cum
1026 4462 1122 4546 pulli
1144 4460 1279 4548 plurimi
