2874 4994
17 381 32 412 ⁴
161 361 224 426 180
499 371 689 428 COMMENT.
710 373 749 426 ΙΝ
767 372 955 428 VARRONIS

154 528 296 602 protinus
327 529 444 587 amittit.
490 545 560 588 nam
596 531 625 587 si
656 530 790 603 patiaris
827 544 893 589 eum
931 546 951 587 a
988 528 1108 589 recenti
1140 531 1254 591 curaturi

153 631 300 708 feminam
323 636 410 710 inire,
434 642 552 695 coluter
575 653 614 695 ec
637 653 672 695 eo
692 652 781 711 posse
801 638 957 710 uenerari.
1311 695 1313 709 Α

248 737 288 802 14
318 740 442 821 ltaque
466 741 557 820 quod
583 759 640 801 eas
664 748 805 808 aestate
829 739 950 803 tabani
973 742 1157 803 concitare
1177 741 1256 804 solent

157 857 191 909 el
223 847 398 910 bestiolae
431 848 602 928 quaedam
631 851 787 909 minutae
816 848 881 909 snb
909 848 1020 910 cauda
1050 847 1113 909 alii
1143 867 1181 909 ne
1203 868 1256 910 cor·

156 957 316 1017 citantur
354 955 465 1034 aliqui
503 956 623 1016 solent
660 955 850 1016 includere
888 954 1024 1037 septis]
1056 958 1157 1032 Aliqui
1183 954 1257 1017 Merula
1311 1023 1313 1034 ,

154 1064 301 1122 omiserat.
340 1061 395 1122 boc
415 1064 553 1123 restituto
568 1061 719 1124 iucundus
739 1067 794 1125 alii
812 1061 929 1145 delevit,
944 1081 1020 1142 quae
1037 1061 1127 1124 lectio
1142 1081 1177 1124 ex
1188 1062 1256 1123 lidius

154 1170 284 1231 editione
308 1171 337 1230 iu
362 1168 491 1249 reliquas
514 1178 673 1248 propagata
694 1178 748 1250 est,
768 1172 871 1245 itaque
889 1171 1042 1245 quociens
1061 1177 1174 1233 aestate
1188 1171 1259 1231 lolnl

154 1280 312 1338 concitare
343 1281 437 1337 solent
469 1283 499 1337 et
526 1278 668 1337 bestiolae
695 1278 847 1352 quaedam
874 1279 1008 1338 minutae
1035 1278 1092 1338 sud
1120 1277 1217 1350 cauda,
1235 1293 1258 1336 n
1309 1340 1313 1356 ¹

153 1388 355 1464 concitentur,
383 1387 480 1459 aliqui
510 1386 605 1444 solent
629 1401 693 1463 sqq.
724 1385 753 1443 iu
783 1382 891 1463 quibus
921 1391 950 1445 el
978 1385 1124 1445 bestiolae
1149 1383 1257 1458 paean
1309 1366 1313 1449 ]

153 1495 288 1553 minutae
315 1493 370 1553 sub
394 1494 496 1552 coriola
527 1509 584 1550 non
614 1488 711 1550 addito
741 1489 832 1550 verbo
859 1490 918 1550 dici
947 1508 1006 1551 uon
1035 1498 1160 1570 poterat
1198 1506 1257 1569 qun

153 1598 304 1678 archetypi
329 1601 507 1678 scripturam
531 1600 560 1657 in
590 1597 670 1658 branc
694 1596 814 1658 modum
843 1597 1010 1676 emendavi,
1033 1599 1089 1658 sub
1118 1599 1208 1658 cauda
1228 1599 1259 1667 all,

152 1723 190 1765 ne
218 1709 424 1780 concitentur,
453 1708 550 1780 aliqui
576 1708 679 1765 solent.
725 1722 792 1764 uam
822 1705 857 1764 de
887 1703 1070 1785 vermiculis,
1099 1707 1150 1784 qui
1173 1722 1202 1764 er
1219 1705 1261 1761 oris

152 1811 326 1874 tabanorum
350 1812 406 1873 sub
426 1812 517 1873 cauda
541 1811 630 1872 boum
651 1822 823 1893 nascuntur,
843 1810 915 1871 baec
935 1810 1075 1871 videntur
1094 1814 1263 1890 scriptione

153 1937 329 1999 quamquam
354 1923 398 1980 ali
419 1919 595 1980 insolentius
615 1918 724 1978 dicitur
747 1918 783 1979 de
803 1915 893 1978 rebus
913 1934 990 1997 quae
1008 1934 1064 1997 per
1083 1935 1116 1978 se
1134 1924 1265 1978 nascuntur

152 2036 182 2086 et
205 2036 354 2108 crescunt,
378 2029 456 2088 sicut
479 2026 612 2086 adnotavi
637 2025 649 2085 l
670 2022 721 2108 12,
739 2023 768 2086 2.

245 2129 284 2195 15
308 2136 453 2195 Aestate
478 2132 516 2193 ad
542 2150 663 2212 aquam
684 2131 935 2212 appellandum
959 2129 1015 2191 bis
1034 2131 1149 2192 hieme
1172 2127 1268 2206 semel]

151 2242 369 2317 Appellendum
392 2238 513 2300 Merula.
560 2241 606 2300 dis
629 2242 691 2315 die,
715 2242 812 2300 bieme
838 2241 930 2300 semel
956 2239 1085 2299 coniecit
1109 2235 1271 2298 lleidricbiu

151 2346 320 2408 Varronian.
345 2348 357 2408 l
381 2366 412 2427 p.
429 2344 480 2408 38.

241 2452 442 2526 tionibus
467 2473 532 2514 non
558 2456 645 2514 satis
664 2453 841 2534 praebent
861 2451 1006 2530 matres]
1028 2453 1095 2513 Mon
1114 2456 1189 2514 satis
1205 2453 1274 2514 lactis

146 2551 297 2638 praebent
319 2561 480 2642 lucunduS,
505 2561 582 2640 quod
608 2559 808 2621 Schneiderus
832 2561 955 2639 recepit

240 2666 280 2728 18
314 2667 361 2728 De
394 2670 552 2727 sanitate
586 2677 671 2729 suut
699 2666 881 2747 complura
915 2685 1004 2746 quae
1038 2671 1220 2755 exscripta
1247 2665 1276 2726 de

149 2775 307 2852 magonis
340 2773 446 2833 libris
480 2775 735 2835 armentarium
769 2792 881 2835 meum
918 2772 1049 2835 crebro
1082 2784 1122 2836 ut
1158 2770 1277 2854 aliquid
1311 2806 1313 2845 :

113 2875 117 2882 ’
149 2879 244 2959 legat
268 2879 367 2958 curo]
394 2882 429 2941 Ut
453 2884 571 2956 aliquid
593 2885 630 2943 ele
653 2901 688 2942 eo
711 2886 792 2957 leant
816 2901 892 2943 curo
911 2880 1033 2963 Merula,
1056 2890 1092 2943 ut
1115 2885 1197 2958 leyen
1217 2895 1278 2941 curo
1311 2872 1313 2884 '

148 2988 277 3048 coniecit
296 2987 454 3049 Gesnerus.
494 2993 714 3050 armentarium
736 3007 833 3049 meum
852 2991 975 3065 babere,
995 2990 1108 3051 crebro
1127 2997 1162 3050 ut
1180 2988 1280 3064 alicuid

147 3097 238 3175 lepot,
256 3113 333 3156 curo
353 3094 421 3155 olim
441 3096 565 3175 conieci,
583 3104 741 3175 propterea
761 3095 839 3175 quod
859 3101 976 3174 scripta
994 3098 1113 3158 haime
1136 3096 1173 3157 de
1192 3093 1278 3156 eaden
1311 3079 1313 3098 '

147 3219 180 3261 re
209 3205 327 3282 saepius
357 3202 464 3282 legitur
493 3201 518 3262 ll
541 3204 568 3284 l,
588 3200 638 3264 23.
663 3201 693 3282 2,
712 3201 764 3266 20.
788 3199 817 3286 l,
838 3201 888 3265 16.
915 3201 1036 3285 10,10.
1084 3202 1168 3264 uolui
1196 3213 1279 3263 umen

146 3307 301 3369 lectionem
334 3310 485 3390 archetypi
523 3318 651 3389 mutare,
685 3312 713 3370 in
751 3328 808 3389 qna
845 3312 1032 3371 accusativus
1070 3313 1279 3372 armentariae

148 3433 245 3475 meum
269 3434 336 3476 cum
367 3414 457 3476 rerbo
486 3435 562 3477 euro
593 3418 770 3477 coniunctus
801 3423 858 3496 est,
883 3419 1003 3492 aliquid
1031 3426 1133 3478 autem
1164 3415 1280 3479 adverbii

146 3521 210 3582 loco
243 3524 386 3602 positum,
416 3525 501 3583 cuius
529 3542 602 3584 usus
631 3522 763 3602 exempla
790 3523 867 3604 apud
897 3523 1071 3585 Ciceronem
1101 3523 1234 3587 Halmius
1257 3526 1280 3583 in

146 3628 239 3687 Cicer.
264 3647 290 3705 p.
316 3627 440 3710 Sesl.4,
461 3627 503 3691 10
525 3631 671 3692 indicarit.

233 3733 403 3797 Minorem
436 3747 496 3798 nort
528 3740 696 3799 maiorem
734 3757 916 3799 numerum
954 3737 1126 3818 gregum]
1162 3742 1282 3816 Grepun

144 3840 302 3901 delendum
327 3861 391 3903 esse
415 3842 525 3923 Popma
550 3845 709 3927 adnotavit,
731 3844 920 3907 incluserunt
938 3844 1094 3906 Gesnerrm
1119 3855 1150 3907 et
1175 3846 1284 3908 Schnei-

142 3947 241 4009 derus.
287 3969 353 4010 riam
388 3950 423 4010 de
457 3970 581 4013 numero
614 3960 768 4012 taurorum
801 3952 874 4014 baec
906 3952 964 4014 dici
996 3964 1140 4034 apparet,
1167 3972 1226 4017 non
1255 3952 1286 4013 de

141 4074 267 4116 numero
291 4076 424 4135 gregum,
448 4060 499 4136 qui
521 4067 624 4138 postea
648 4059 797 4121 delinitur.

229 4161 311 4221 Nam
340 4163 429 4240 apud
462 4182 538 4225 eum
567 4166 636 4227 duo
665 4169 760 4227 tauri
788 4169 822 4228 in
852 4169 1091 4248 septuaginta
1121 4169 1292 4232 matribus

142 4268 237 4342 sunt]
264 4270 353 4343 Apud
376 4272 506 4331 Atticum
531 4291 566 4331 ex
591 4276 761 4335 coniectura
786 4272 884 4335 Ursini
908 4276 1018 4355 recepi.
1069 4294 1144 4340 nam
1172 4286 1203 4339 et
1225 4278 1292 4338 liti·

142 4389 209 4431 cunr
234 4384 264 4433 et
287 4376 383 4454 ipsum
408 4376 562 4459 Vacoium,
593 4382 643 4457 qui
671 4382 744 4442 haec
772 4381 919 4463 loquitur,
941 4381 1018 4444 duos
1047 4391 1160 4446 tauros
1190 4385 1296 4447 habere

142 4478 176 4538 ad
202 4485 385 4559 septuaginta
409 4487 548 4545 matrices
572 4486 683 4547 dictum
707 4498 770 4550 erat
794 4508 884 4569 supra
907 4488 927 4566 ξ
949 4487 999 4550 12.
