2874 4994
358 109 490 165 RERVM
507 108 748 167 uvs'rlcnuvu
766 111 833 166 LIB.
852 111 878 166 II
898 109 917 164 4
1145 101 1206 166 161

79 263 193 353 ,tunde
206 269 315 325 utnon
328 266 509 340 aliquotiens
523 268 647 328 dicatur
658 267 773 328 Romae
784 249 940 344 peperisse
953 270 1044 347 mula,
1055 263 1094 326 111
1106 263 1156 346 16,
1166 262 1209 327 30

134 371 140 385 '
212 376 247 430 ut
264 374 372 433 milites
388 370 521 455 faciunt,
543 370 592 454 11,
605 372 627 434 4
642 377 775 451 proinde
792 382 826 435 ut
843 378 930 436 sacri
946 377 1015 447 sint,
1034 381 1066 433 11
1084 371 1209 454 diversa,

58 470 108 545 111
125 483 252 559 apparet,
276 477 500 560 significatione,
522 478 552 540 b.
571 497 598 541 e.
621 498 655 541 ea
677 481 793 541 ratione
812 489 854 562 ut,
877 478 939 561 12,
961 476 1001 542 19
1020 482 1154 556 proinde
1176 486 1210 540 ut

59 586 168 659 1111111
189 586 301 646 darent
318 603 449 662 poenas,
471 583 592 668 148,1
615 589 747 664 proinde
769 594 803 648 ut
822 590 920 663 orani
942 604 1023 664 apex
1045 589 1084 646 sit
1104 589 1210 661 pluma

57 692 95 769 et
117 694 223 752 adsta.
269 709 415 772 nusquam
435 696 543 770 proin,
570 692 623 755 sed
647 696 717 755 dan
741 693 787 755 bis
816 696 848 754 in
875 693 1036 773 archetype
1064 694 1209 773 scriptum

39 793 135 877 ΙΙ1111,
155 794 238 879 128,
256 793 278 859 5
297 807 327 861 11
345 795 397 881 34,
416 797 451 862 2:
475 817 544 862 nam
565 799 591 860 11
611 797 642 882 5,
660 798 679 863 8
704 803 777 862 dein
795 800 912 862 videtur
937 802 1082 879 scriptum
1106 799 1209 861 inisse.

63 896 200 986 u11,1
226 907 297 967 dein
320 910 481 986 caprinum
504 908 625 987 scripsi,
654 905 705 967 ubi
733 911 764 968 in
792 910 954 985 caprinum
981 909 1011 967 in
1040 905 1125 967 libris
1155 912 1210 967 est.

63 1011 143 1073 'exin
163 1010 271 1091 legitur
298 1012 345 1074 bis
367 1024 398 1075 11
416 1017 537 1076 'exinde
563 1016 635 1074 item
662 1012 723 1093 bis,
755 1023 789 1075 ut
816 1014 876 1075 dixi
899 1010 1031 1094 120,4.
1077 1031 1113 1073 ex
1145 1011 1210 1073 aliis

71 1107 206 1180 iunonis
223 1117 309 1181 libris
328 1121 461 1201 exempla
480 1121 628 1182 dederunt
642 1119 804 1183 Kettncrus
823 1119 939 1183 observ.
958 1121 1024 1181 crit
1042 1121 1073 1181 in
1088 1118 1210 1180 Varron

77 1234 101 1281 t·
121 1221 202 1289 1868
225 1244 255 1305 p.
274 1222 296 1288 5
318 1235 350 1289 11
371 1226 511 1290 Reiterus
535 1237 648 1309 quaest.
671 1226 793 1289 Varron.
816 1245 939 1308 gramm.
963 1246 990 1306 p.
1011 1222 1063 1288 66.

156 1331 292 1394 Peruae
325 1336 525 1396 comatinae
557 1343 592 1396 et
625 1353 775 1396 cauarae
808 1343 842 1396 et
874 1332 1210 1415 petasioneslPeta·

79 1451 155 1503 tenes
180 1439 274 1501 codex
302 1439 461 1522 Caeseuas,
484 1446 658 1520 petasienes
681 1442 797 1522 reliqui.
836 1460 956 1519 pernae
978 1444 1151 1503 tomacinae
1183 1447 1212 1502 et

77 1550 211 1628 taniacae
233 1554 265 1609 et
281 1551 454 1625 petasienes
477 1549 555 1611 edita
578 1549 647 1612 inde
672 1568 687 1610 1
710 1550 847 1629 principe
870 1548 999 1611 editione
1024 1547 1211 1627 exemplaria.

39 1724 42 1729 ,
71 1655 231 1716 tomecinas
253 1673 362 1735 pernas
386 1656 518 1737 Scaliger
540 1654 663 1737 putebat
686 1673 751 1716 esse
776 1672 826 1716 ens
856 1672 930 1735 quae
959 1653 1105 1716 tomacula
1133 1653 1211 1714 dice·

72 1769 174 1822 111111
198 1762 275 1843 apud
294 1762 463 1825 iuvenalem
484 1760 535 1845 10,
554 1759 620 1825 355
643 1764 803 1825 candiduli
823 1764 927 1823 diuina
946 1765 1097 1823 tomacula
1112 1765 1212 1838 porci,

10 1912 15 1933 .
69 1885 246 1948 quamquam
269 1867 342 1929 beec
366 1868 451 1931 aliter
475 1869 660 1949 explicantur
683 1887 699 1929 1
724 1865 890 1948 scholiasta,
908 1861 1044 1948 ‘pinguia
1067 1867 1211 1947 quaedam

10 1974 25 2057 j
63 1969 209 2041 niwera'.
246 1993 302 2055 pro
325 1979 470 2038 taniaeae
492 1977 571 2037 idem
595 1978 715 2055 scripsit
738 1977 899 2036 tuniacae
921 1973 976 2036 bac
999 1973 1096 2035 addita
1120 1977 1210 2035 iuter-

10 2060 20 2117 1
62 2082 245 2162 pretatione,
263 2077 429 2144 ‘taeniacae
454 2090 524 2144 sunt
543 2082 685 2162 oblongae
705 2081 778 2142 offae
798 2099 814 2141 a
834 2081 926 2160 figura
945 2079 1050 2163 dictae,
1069 2080 1211 2143 eomodo

59 2205 126 2268 quo
149 2187 311 2270 portulaca,
335 2191 495 2270 pastinaca.
534 2208 584 2251 eas
607 2190 712 2251 Graeci
736 2197 842 2249 vocant
865 2185 1017 2269 σχελίδας
1039 2183 1093 2250 καὶ
1116 2189 1212 2250 πλευ·

60 2290 189 2378 oteag’.
217 2299 396 2358 canusinae
415 2291 465 2380 (ex
480 2299 651 2359 coniectura
665 2287 831 2378 Pelisserii)
849 2302 879 2356 et
896 2299 1081 2370 sequanicae
1095 2295 1211 2356 Turne-

59 2399 126 2462 bus
143 2402 257 2463 advers.
275 2399 307 2483 4,
322 2400 343 2464 6
365 2422 381 2464 1
401 2401 534 2465 Comacis
557 2404 589 2463 in
611 2403 764 2482 provincia
782 2399 968 2462 Narbonensi
985 2398 1062 2480 apud
1082 2399 1211 2462 Plinium

58 2502 169 2567 11136
193 2516 223 2567 11
245 2525 261 2567 1
286 2508 441 2592 Sequanis,
464 2509 500 2570 de
525 2509 633 2589 quibus
653 2506 760 2577 Strabo
778 2506 815 2568 lv
835 2526 863 2588 p.
883 2502 948 2569 192
971 2505 1044 2584 dicit
1066 2497 1152 2569 ὅθεν
1175 2503 1214 2568 αἱ

57 2603 238 2674 κάλλισται
265 2622 426 2696 ταριχεϊαι
452 2612 521 2677 τῶν
549 2606 652 2678 ὑείων
678 2619 787 2694 κρεῶν
810 2611 864 2687 εἰς·
884 2604 945 2693 τὴν
962 2603 1093 2694 Ῥώμην
1116 2633 1211 2675 κατα·

60 2718 269 2801 κομίζονται.
315 2721 352 2782 de
380 2725 483 2802 pernis
506 2723 625 2784 Gallicis
648 2740 707 2783 non
736 2721 821 2801 plane
850 2728 974 2781 constat.
1021 2720 1073 2781 sed
1102 2720 1212 2782 11101-

12 2816 15 2823 ’
58 2845 154 2888 11111
182 2837 262 2906 11111
289 2848 305 2890 1
336 2828 495 2891 Cesaribus
523 2833 554 2891 in
582 2828 673 2890 Gallia
700 2826 886 2888 Narbonensi
918 2807 1014 2886 dictae
1047 2836 1144 2908 erant,
1172 2829 1212 2888 ita

60 2932 241 2995 Comacinae
271 2953 288 2995 a
321 2938 442 3016 regione
474 2937 612 2998 videntur
644 2952 752 2995 nomen
782 2932 930 2995 babuisse.
975 2934 1075 3011 itaque
1104 2935 1211 3010 scripsi

56 3057 184 3119 pernae
211 3040 392 3104 Comacinae
415 3050 445 3104 et
471 3044 610 3103 Cauarae
633 3048 663 3102 et
681 3047 850 3118 petasones

160 3146 198 3207 11
223 3146 307 3209 Cato
330 3147 462 3208 scribit
484 3147 539 3207 bis
563 3145 688 3207 uerbis
710 3148 745 3206 in
768 3144 872 3207 italia
895 3142 1088 3206 inscrebes
1111 3153 1212 3208 terna

58 3263 174 3334 atque
211 3263 385 3333 quaterna
422 3253 518 3315 milia
556 3254 651 3315 auiis
689 3251 850 3315 succidia
887 3271 972 3314 uere
1005 3270 1066 3314 sus
1100 3271 1211 3333 usque

60 3360 156 3423 adeo
184 3363 440 3441 pinguitudine
469 3379 638 3423 crescere
668 3359 775 3438 solet]
799 3359 919 3422 Catonis
947 3359 1035 3421 verba
1058 3362 1088 3421 in
1112 3359 1212 3421 111111-

57 3477 139 3549 typo
162 3476 193 3528 et
216 3470 245 3529 in
272 3470 428 3549 impressis
451 3466 669 3550 exemplaribus
692 3475 834 3548 corrupta
861 3466 947 3528 multi
971 3468 1128 3528 emendare
1152 3477 1213 3529 stu·

56 3574 215 3655 dcerunt5
242 3594 341 3656 neque
374 3584 471 3637 tamen
505 3584 586 3636 certa
613 3573 780 3635 emendatio
808 3576 926 3635 inventa
959 3583 1013 3634 est
1059 3578 1091 3635 in
1120 3577 1213 3636 ltalia

56 3682 214 3746 Insubres
251 3689 341 3744 tana
378 3689 469 3759 atque
505 3689 658 3758 quaterna
690 3684 784 3742 millia
816 3683 971 3742 succidias
1003 3681 1130 3756 babere,
1162 3700 1213 3742 sus

54 3805 164 3865 usque
186 3791 264 3851 adeo
282 3808 346 3869 sqq.
379 3787 538 3851 Turnebus
557 3789 670 3850 advers.
689 3786 719 3868 4,
734 3783 764 3869 6,
787 3790 819 3849 in
839 3788 933 3862 Italia
952 3787 1105 3848 Insobreis
1124 3795 1213 3848 terna

53 3904 161 3973 atque
183 3904 335 3971 quotane
358 3900 453 3958 millia
476 3915 496 3957 a
519 3899 580 3957 vila
600 3897 694 3957 Sueci
714 3897 866 3955 bannirei
886 3912 938 3955 sus
960 3911 1055 3970 usque
1078 3896 1164 3969 adea,
1183 3894 1213 3954 id

53 4011 111 4067 est
137 4003 168 4063 in
188 4002 270 4065 ltalia
294 4006 324 4064 in
343 4022 414 4083 agro
433 4001 607 4065 lnsubrensi
619 4020 688 4062 -a
711 4000 778 4087 villa
797 4001 886 4062 Succi
905 4000 1062 4082 duumviri,
1081 4000 1214 4081 Scaliger

52 4111 199 4176 coniecit
217 4120 330 4192 argute,
351 4122 385 4172 ut
403 4111 492 4173 solet:
511 4128 578 4171 nam
597 4109 633 4170 de
653 4111 776 4170 veritate
795 4111 859 4188 ipsc
878 4106 1031 4169 dubitavit.
1060 4111 1092 4170 in
1113 4109 1214 4171 Gallia

50 4235 175 4285 verres
203 4223 293 4279 terna
321 4224 412 4294 atque
444 4224 596 4293 quaterna
624 4219 719 4277 millia
746 4217 858 4276 babent
884 4219 1037 4290 succidia,
1064 4234 1115 4276 sus
1142 4235 1214 4278 uero

119 4330 268 4372 1111111111
282 4339 350 4371 ever.
378 4329 411 4371 11.
970 4323 999 4370 11

297 4554 316 4593 l
