2874 4994
178 1343 211 1403 ln
235 1346 335 1422 priore
364 1344 453 1405 huius
481 1345 620 1414 editionis
648 1355 731 1425 parte
757 1343 895 1405 Varronis
923 1364 1024 1406 rerum
1053 1351 1232 1410 rusticarum

85 1450 156 1511 iibri
187 1469 244 1510 nna
275 1469 343 1512 cum
374 1452 493 1512 Catonis
523 1452 559 1511 dc
590 1452 771 1530 agricultura
803 1451 877 1512 libro
909 1453 948 1512 ita
977 1454 1049 1514 editi
1077 1466 1175 1530 crant,
1200 1467 1233 1517 ut

85 1559 235 1637 scriptura
260 1558 366 1618 horum
389 1557 547 1638 librorum,
571 1578 645 1638 quae
670 1561 700 1619 in
724 1558 942 1638 exemplaribus
966 1569 1050 1620 antea
1081 1563 1233 1642 impressis

85 1665 280 1725 uehementer
310 1675 450 1745 corrupta
482 1666 646 1747 serebatur,
674 1665 709 1726 ad
739 1667 826 1726 sidem
856 1667 962 1726 veteris
991 1667 1115 1749 codicis,
1144 1689 1232 1749 quem

88 1772 162 1832 olim
176 1772 307 1851 Angelus
326 1772 490 1833 Politianus
510 1782 539 1833 et
557 1772 665 1833 Petrus
685 1772 833 1833 Victorius
852 1785 1076 1856 usurpaverant,
1090 1786 1234 1855 quantum

87 1882 152 1940 heri
178 1890 288 1961 posset,
312 1889 511 1941 revocaretur.
559 1899 624 1940 tram
650 1900 684 1940 ex
709 1880 766 1940 hoc
790 1898 849 1940 uno
874 1880 976 1941 codice
1000 1901 1051 1941 eos
1080 1885 1131 1962 qui
1155 1900 1234 1944 nunc

86 1996 251 2066 supersunt
273 2005 377 2047 onrnes
402 1997 549 2066 tamquam
573 2007 608 2047 ex
628 1989 779 2047 communi
805 1988 884 2048 lonte
909 1988 1057 2049 derivatos
1081 2008 1146 2050 esse
1167 2009 1234 2049 con-

86 2103 155 2154 stat.
207 2093 441 2154 emendationem
475 2113 578 2154 eorum
613 2112 687 2173 qnae
722 2097 751 2154 in
783 2094 942 2174 archetypo
976 2105 1117 2176 corrupta
1151 2107 1236 2157 eraut

86 2209 208 2281 praeter
231 2201 402 2261 manifestos
426 2200 540 2261 librarii
563 2219 682 2261 errores
702 2210 732 2261 et
756 2203 824 2261 vitia
844 2202 987 2280 quaedam
1012 2205 1178 2281 scripturae
1198 2223 1234 2263 cx

85 2309 255 2386 antiquiore
280 2315 374 2369 aetate
394 2317 564 2389 propagata,
582 2327 657 2387 quae
677 2317 758 2368 certa
778 2310 951 2369 coniectura
971 2308 1148 2371 ridebantur
1171 2329 1234 2371 cor·

87 2425 170 2476 recta
199 2433 278 2495 esse,
307 2417 540 2496 commentariis,
568 2414 677 2494 quibus
705 2414 795 2475 altera
825 2415 964 2475 editionis
992 2434 1061 2495 pars
1090 2418 1236 2478 destinata
1330 2473 1335 2480 .

87 2529 162 2603 erat,
187 2524 344 2583 reservari.
381 2532 482 2600 postea
503 2521 642 2582 Varronis
662 2521 754 2581 libros
773 2524 865 2600 magis
885 2522 1057 2583 emendatos
1077 2526 1235 2603 separatim

88 2628 169 2689 edidi
202 2648 226 2689 a.
261 2625 355 2690 1889.
402 2647 493 2708 qnare
528 2647 606 2689 nnnc
640 2627 675 2687 ad
709 2638 881 2708 susceptum
915 2647 989 2708 opus
1022 2631 1235 2709 perficiendum

87 2744 191 2815 aptnm
215 2754 281 2796 esse
301 2738 394 2796 risum
419 2747 465 2797 est
484 2754 547 2796 cam
572 2737 853 2796 commentariorum
873 2743 997 2817 partem,
1017 2755 1091 2815 quae
1111 2738 1145 2797 ad
1167 2736 1235 2798 Var-

87 2844 173 2903 ronis
197 2842 289 2903 libros
312 2846 488 2926 pertineret,
512 2846 641 2922 primum
666 2844 763 2904 edere.

179 2950 222 3010 td
246 2951 483 3012 constituendam
508 2959 605 3011 autem
630 2951 781 3030 archetypi
806 2953 994 3030 scripturam,
1018 2969 1033 3009 a
1059 2971 1115 3030 qua
1139 2955 1236 3013 omnis

90 3058 261 3117 emendatio
285 3056 446 3138 repetenda
471 3067 525 3136 est,
546 3067 664 3136 praeter
683 3077 716 3118 ea
737 3076 812 3137 quae
832 3076 867 3117 ex
888 3060 952 3137 ipso
972 3066 1072 3117 vetere
1096 3059 1197 3119 codiee
1219 3079 1235 3119 a

90 3162 240 3224 Politiano
265 3173 294 3224 et
319 3162 448 3224 Victorio
472 3165 609 3225 adnotata
633 3174 718 3225 erant
741 3164 810 3224 olim
835 3164 894 3223 duo
918 3163 1083 3244 apographa
1108 3165 1236 3246 adhibui,

87 3270 225 3330 codicem
240 3271 408 3332 Parisiunm
423 3272 446 3331 Α
462 3271 637 3331 duodecimo
653 3270 697 3331 rel
717 3275 804 3332 tertio
824 3271 939 3330 decimo
959 3270 1076 3330 saeculo
1091 3274 1235 3352 seriptum

87 3388 122 3439 et
141 3377 373 3439 Laurentiannm
396 3378 420 3437 B
444 3380 548 3457 quinto
573 3377 687 3438 decimo
712 3379 829 3439 saeculo
853 3381 1007 3458 scriptum,
1027 3396 1153 3456 qnorum
1178 3379 1235 3439 lec·

87 3488 189 3548 tiones
219 3487 249 3546 in
280 3485 468 3548 adnotatione
497 3485 629 3546 subiecta
658 3485 824 3565 adscriptae
853 3495 930 3547 sunt.
977 3484 1119 3564 quaedam
1148 3486 1236 3545 etiarn

90 3611 130 3653 ex
156 3591 288 3653 Mediceo
312 3592 414 3653 codiee
438 3595 498 3653 sire
523 3592 720 3653 Laurentiano
744 3591 872 3675 30,10‚
896 3595 946 3672 qui
974 3611 1003 3652 m
1028 3592 1125 3652 littera
1148 3594 1236 3671 signi·

87 3702 198 3759 licatus
222 3708 276 3779 est,
300 3699 444 3760 adnotari.
483 3700 528 3760 his
552 3699 635 3760 libris
659 3718 738 3760 nunc
757 3703 859 3779 paucis
884 3701 956 3761 locis
976 3699 1075 3759 addidi
1094 3699 1237 3761 lectiones

87 3805 220 3865 duorum
237 3805 383 3888 codicum,
397 3807 433 3866 de
448 3806 557 3885 quibus
578 3809 608 3867 in
628 3807 810 3885 praelatione
830 3809 938 3885 prioris
955 3807 1110 3866 voluminis
1125 3807 1236 3868 dictum

92 3921 153 3990 est,
174 3911 363 3973 laurentiani
382 3909 434 3994 51,
456 3912 483 3994 1,
507 3931 595 3992 quem
616 3911 819 3973 Florentinum
844 3911 913 3990 diri,
933 3919 962 3970 et
981 3911 1158 3993 Caesenatis,
1178 3933 1236 3974 non

87 4037 153 4098 quo
178 4007 349 4099 quidquam⁴
362 4021 438 4093 nori,
458 4020 537 4099 qnod
562 4021 591 4079 in
616 4018 789 4080 melioribus
808 4016 984 4097 apographis
1003 4020 1155 4079 inventum
1178 4040 1236 4081 non

87 4134 188 4206 essct,
216 4145 252 4187 ex
285 4125 332 4186 bis
365 4125 507 4188 accedere
536 4136 650 4208 posset3
678 4126 729 4187 sed
759 4122 1003 4186 dissentientibus
1032 4126 1109 4186 inter
1133 4145 1164 4187 se
1190 4146 1237 4187 ex·

88 4234 208 4312 cerptis
230 4232 365 4296 Politiani
390 4242 420 4293 et
443 4234 633 4314 apographis,
655 4235 684 4294 id
717 4233 794 4313 qnod
819 4233 937 4311 saepius
960 4233 1080 4314 accidit,
1103 4237 1138 4295 ad
1162 4235 1236 4296 iudi·

88 4341 175 4401 cium
204 4340 240 4400 dc
269 4339 429 4421 archetypo
453 4340 616 4422 regendum
645 4358 704 4401 non
733 4338 835 4401 inutile
866 4339 920 4400 init
947 4340 1077 4422 novisse,
1105 4343 1175 4420 quid
1206 4344 1238 4404 in

90 4447 162 4509 aliis
180 4447 359 4527 apographis
374 4450 508 4528 quamvis
528 4450 626 4507 minus
646 4456 783 4508 accurate
798 4447 917 4526 seriptis
937 4446 1093 4526 legeretur.
1117 4459 1236 4528 apparet
