2874 4994
236 325 279 390 48
595 331 784 389 COMMENT.
803 333 843 387 IN
863 331 1018 389 CATONIS

237 487 444 549 Lachmannus
468 490 498 548 in
516 486 634 550 Lucret.
653 507 681 568 p.
699 486 761 551 155
786 489 927 571 defendit,
950 498 983 550 ut
1004 490 1263 564 utrimquesecus
1280 484 1380 548 addito

237 597 404 658 accusativo
428 594 493 656 loco
517 598 744 675 praepositionis
767 597 880 659 dictum
904 605 993 679 esset,
1017 599 1128 658 deutra
1150 598 1278 657 sinistra
1293 591 1380 670 [ora-

238 708 329 779 mina,
352 707 612 779 utrimquesecus
635 708 772 780 laminas,
798 707 984 767 sublaminas
1003 707 1134 781 pullulas
1156 706 1290 764 minutas
1311 718 1380 777 rup-

233 814 346 889 ponito.
379 828 439 871 non
457 812 550 890 magis
568 808 720 889 probabile
735 820 790 893 est,
810 812 888 892 quod
904 810 1187 873 Schoendocriicrus
1200 808 1237 870 de
1252 809 1381 888 genuina

238 917 358 979 Catorris
382 917 418 979 de
442 915 623 994 agricultura
643 915 712 976 libri
730 917 825 977 forma
843 917 1024 997 Regimontii
1042 935 1067 977 a.
1088 912 1174 979 1885
1191 935 1220 996 p.
1238 913 1281 977 41
1303 932 1381 977 com·

237 1024 395 1104 mondavit,
419 1040 487 1083 cum
510 1021 636 1083 ablativo
660 1026 774 1085 dextra
796 1026 922 1085 sinistra
944 1025 1144 1085 accusativum
1163 1021 1325 1099 foramina
1342 1022 1382 1083 ita

238 1133 429 1191 coniunctum
449 1147 524 1211 esse,
547 1138 582 1190 ut
600 1138 679 1191 essct
702 1125 749 1191 ‘in
772 1130 876 1192 dextra
900 1140 930 1192 et
953 1133 1073 1192 sinistra
1096 1140 1179 1211 parte
1202 1130 1382 1191 foraminum

239 1240 390 1318 utrimque
414 1254 501 1297 aecus
524 1239 683 1317 supponito
707 1239 837 1299 minutas
860 1236 984 1300 laminas
1007 1237 1063 1300 suh
1084 1231 1232 1299 laminas’.
1274 1235 1330 1299 scd
1349 1252 1382 1297 ex

240 1346 278 1405 iis
299 1362 374 1424 quae
394 1362 483 1424 supra
503 1346 613 1424 scripta
632 1354 725 1426 erant,
744 1348 856 1406 deutra
874 1348 1000 1407 sinistra
1016 1345 1172 1422 foramina
1191 1346 1247 1407 ubi
1258 1343 1384 1421 secun,

239 1453 344 1513 vitiose
368 1453 493 1531 repetita
518 1460 587 1513 sunt
610 1450 696 1533 haec,
724 1455 836 1513 deutra
862 1457 989 1513 sinistra
1008 1451 1174 1529 [oramina.
1220 1450 1268 1512 his
1291 1451 1384 1531 igitur

239 1560 403 1638 posteriore
423 1558 488 1618 loco
508 1557 611 1619 deletis
632 1559 788 1638 legendum
805 1566 852 1620 est
865 1564 1012 1637 replicato
1027 1563 1059 1620 in
1073 1557 1252 1635 inferiorem
1261 1563 1384 1636 partem

239 1684 337 1743 cupae
364 1669 459 1727 omnis
481 1673 626 1741 quattuor
649 1670 819 1741 lamminas,
847 1670 999 1742 utrimque
1027 1685 1114 1728 secus
1142 1667 1304 1726 lamminas
1330 1665 1385 1725 cul

239 1775 397 1832 lamminas
421 1775 551 1850 pollutas
578 1776 709 1835 minutas
734 1777 900 1852 supponiio.
946 1774 1145 1854 nequeenim
1169 1771 1226 1833 hoc
1251 1770 1385 1833 tribuen-

239 1879 310 1940 dum
333 1878 437 1940 Catoni
464 1888 551 1962 puto,
579 1883 744 1942 utiterum
768 1900 784 1942 a
808 1882 911 1942 dextra
936 1888 966 1942 et
989 1882 1108 1941 sinistra
1132 1888 1216 1959 parte
1241 1879 1387 1939 ioramiua

243 1985 376 2047 iacienda
399 2003 464 2048 esse
487 1988 687 2068 praeceperit,
713 1986 766 2047 sed
789 1988 939 2067 utrimque
964 2005 1064 2067 secus,
1087 1985 1115 2047 h.
1139 2004 1163 2047 e.
1187 2005 1204 2047 a
1227 1984 1334 2047 dextra
1356 1994 1387 2046 et

243 2095 362 2154 sinistra
382 2099 474 2174 parte,
494 2091 550 2152 sub
569 2101 709 2172 quattuor
725 2091 887 2173 lamminas,
907 2111 982 2173 quae
1001 2093 1098 2153 dictae
1117 2100 1210 2174 erant,
1229 2091 1386 2153 lamminas

242 2198 367 2278 pollulas
398 2201 527 2261 minutas
557 2203 684 2280 supponi
713 2198 804 2261 iubet.
856 2204 1120 2276 utrimquesecus
1147 2201 1268 2261 restitui
1296 2200 1386 2261 etiam

242 2314 357 2390 postca,
386 2314 543 2385 pertusum
575 2311 727 2383 utrimque
755 2325 856 2387 secus,
888 2305 940 2367 ubi
967 2315 1128 2383 astrumque
1153 2324 1242 2368 secus
1269 2307 1329 2368 luit
1355 2308 1386 2366 in

242 2411 326 2474 libris
362 2431 451 2475 manu
488 2415 607 2492 scriptis
644 2423 673 2475 et
710 2414 805 2475 adhuc
838 2413 933 2474 editis.
989 2412 1092 2474 codem
1124 2414 1242 2475 dicendi
1274 2431 1385 2493 genere

242 2529 360 2600 praeter
392 2519 532 2580 Catonem
564 2522 611 2580 usi
643 2528 713 2580 sunt
744 2519 876 2581 Lucilius
908 2523 985 2601 apud
1014 2521 1142 2583 Nonium
1173 2539 1202 2600 p.
1229 2517 1312 2602 210,
1335 2516 1387 2601 34,

244 2627 396 2704 Zopyrion
420 2628 523 2686 labeas
546 2628 647 2687 caedit
670 2629 936 2703 utrimquesecus,
960 2628 1118 2689 Lucretius
1137 2625 1173 2686 lV
1193 2622 1258 2688 939
1276 2631 1383 2689 utrim-

244 2753 302 2808 que
326 2752 415 2794 secus
438 2750 506 2795 cum
529 2750 639 2809 corpus
663 2739 784 2811 vapulet
806 2742 837 2796 ct
859 2735 1001 2814 Apuleius
1025 2739 1156 2816 saepius,
1183 2736 1319 2814 itemque
1342 2735 1385 2796 in-

244 2839 361 2900 ferioris
379 2842 483 2901 aetatis
502 2840 672 2921 scriptores,
692 2860 818 2921 quorum
832 2843 965 2921 exempla
980 2841 1210 2920 Oudendorpius
1224 2842 1256 2902 in
1270 2841 1385 2921 Apulei.

243 2956 359 3009 metam.
383 2945 448 3008 114
473 2945 526 3008 vol.
546 2947 557 3006 l
580 2966 608 3026 p.
627 2945 670 3008 92
694 2951 868 3028 composuit.
914 2967 948 3008 ex
977 2950 1081 3009 eodem
1104 2966 1214 3029 genere
1238 2956 1311 3010 sunt
1333 2966 1385 3011 eu-

243 3058 394 3117 trinsecus
416 3063 446 3115 et
470 3058 651 3116 intrinsecus
674 3056 751 3134 apud
771 3055 911 3118 Catonem
931 3054 983 3136 21,
997 3055 1029 3136 33
1055 3053 1089 3137 43
1112 3053 1165 3137 38,
1179 3054 1209 3118 3.
1233 3053 1287 3117 98.
1314 3052 1384 3137 158,

244 3164 315 3222 item
334 3166 532 3224 alteriusecus
551 3168 581 3222 ct
600 3166 790 3225 altrinsecus
809 3162 886 3243 apud
905 3162 1050 3241 Plautum,
1074 3161 1110 3223 de
1131 3181 1189 3243 quo
1203 3161 1385 3224 thschelius

244 3286 346 3347 opusc.
369 3288 396 3329 r.
415 3269 440 3329 ll
463 3289 492 3348 p.
511 3266 577 3331 256
601 3277 631 3330 ct
652 3268 717 3333 457
743 3271 924 3351 disputavit..
947 3272 977 3330 in
1000 3269 1047 3329 his
1070 3268 1209 3331 omnihus
1232 3272 1314 3331 enim
1337 3269 1384 3330 ad·

245 3376 343 3437 verbio
359 3375 467 3457 quibus
482 3375 565 3439 locus
580 3379 764 3457 significatur
778 3377 876 3440 addita
890 3378 1110 3457 praepositione
1119 3395 1207 3439 secus
1215 3379 1385 3440 accuratius

242 3483 433 3546 deliniuntur.

329 3588 349 3652 3
373 3590 470 3669 Cupa
494 3609 560 3670 qua
580 3591 646 3652 iini
664 3595 698 3653 in
717 3592 891 3654 modiolos
911 3594 981 3653 erit
1000 3594 1179 3672 utrimque
1198 3611 1307 3654 secus
1325 3594 1385 3654 im·

241 3695 404 3757 bricibus
442 3698 574 3758 ferreis
611 3708 782 3778 quattuor
814 3701 944 3761 desitos
982 3700 1031 3760 ibi
1063 3701 1247 3780 utrimque
1279 3718 1386 3762 secus

243 3805 354 3864 tacito
382 3806 444 3882 qui
469 3802 575 3883 sigas]
603 3806 716 3883 Capam
744 3815 774 3866 et
802 3807 908 3867 deinde
938 3806 1276 3889 resarciendum,
1305 3826 1385 3886 cupa

242 3919 271 3970 et
294 3912 402 3972 desuos
425 3913 469 3971 iai
485 3910 648 3973 Politianus
672 3922 702 3974 at
725 3914 900 3992 apographa.
937 3916 975 3975 de
992 3932 1046 3975 suo
1064 3916 1125 3975 sibi
1140 3914 1301 3993 legendum
1321 3932 1386 3976 esse

242 4016 403 4078 Politianus
427 4028 457 4079 et
479 4020 510 4079 in
534 4020 598 4098 ipsa
621 4019 732 4080 codicis
755 4017 881 4080 lectione
905 4021 1081 4099 significavit
1099 4031 1129 4082 et
1146 4023 1178 4082 in
1198 4022 1333 4102 margine
1352 4040 1387 4083 ex

243 4142 296 4185 sua
320 4127 491 4186 coniectura
514 4125 682 4205 adscripsit.
724 4144 785 4201 qua
805 4130 865 4200 fini
886 4127 963 4206 apud
983 4127 1123 4189 Catonem
1146 4127 1256 4208 legitur
1276 4124 1385 4212 149,1

243 4250 303 4305 qua
331 4235 444 4292 uenias
469 4236 528 4305 fini
553 4240 583 4293 et
613 4229 677 4293 154
704 4252 765 4309 qua
789 4236 849 4306 fini
874 4236 1001 4295 culleum
1026 4240 1138 4312 capiet,
1166 4254 1234 4297 cum
1258 4235 1387 4298 ablativo

243 4338 371 4396 nominis
403 4334 496 4416 28st
528 4343 644 4416 operito
676 4343 835 4402 radicibus·
864 4344 923 4414 fini
953 4350 983 4401 et
1011 4360 1078 4402 cum
1106 4345 1242 4423 genetivo
1273 4340 1388 4425 113,u

244 4446 406 4521 amphoras
425 4448 516 4507 realito
537 4450 661 4524 implere
680 4451 803 4509 nimium
822 4466 968 4509 ansarum
988 4451 1160 4523 infirmarum
1171 4453 1237 4526 fini.
1260 4449 1387 4512 aliorum
