2874 4994
305 334 437 388 RERVM
455 335 695 433 uvsurcairvm
713 337 782 394 1218.
801 339 827 393 II
847 336 932 396 8-9
1133 334 1195 398 199

139 494 254 555 (lanes
276 493 369 551 enim
392 492 442 551 ita
467 501 593 552 custos
616 495 759 572 pecoris
778 503 812 553 et
831 494 908 554 eius
928 497 987 573 qui
1006 514 1046 557 eo
1064 499 1195 558 comite

37 600 194 680 indiget
217 599 256 661 ad
276 617 312 660 se
333 596 614 676 defendendum]
638 599 743 660 Curios
758 603 881 677 pecoris
899 604 996 662 omnia
1018 603 1194 685 apographa,

37 716 150 768 custos
178 715 223 769 est
246 709 370 784 pecoris
397 706 427 766 in
456 706 591 785 principe
620 704 750 765 editione
778 705 939 769 Politianus
969 727 1027 770 uon
1056 713 1194 772 correxit.

40 816 138 874 conas
161 817 241 874 enim
264 817 308 875 ita
332 819 432 874 custos
456 820 500 873 est
517 815 650 890 pecoris.
687 816 763 888 oum,
786 816 869 888 quod
890 832 925 876 eo
948 818 1121 891 comitetur,
1150 821 1193 878 in·

41 922 134 996 diget
153 922 196 981 ud
211 938 244 981 se
263 919 488 997 defendendum
501 919 622 1000 llerula,
640 923 728 981 conis
742 924 821 982 enim
836 924 879 982 ito
894 929 994 983 curtos
1007 931 1052 983 est
1062 928 1193 1005 pecoris,

40 1034 78 1106 pt
93 1030 171 1102 eius,
194 1030 276 1102 qood
289 1045 323 1089 eo
338 1029 446 1088 comite
465 1029 582 1102 indipet
602 1029 646 1088 od
662 1045 695 1088 se
714 1026 936 1102 defendendum
959 1028 1118 1110 lucundus,
1142 1029 1192 1091 ubi

42 1136 75 1195 in
102 1131 220 1194 luntina
244 1132 374 1195 editione
398 1141 442 1194 est
464 1131 595 1194 deletum
615 1144 645 1193 et
668 1137 723 1208 qui
740 1151 774 1195 eo
793 1152 827 1194 ex
848 1134 1001 1196 codicibus
1021 1139 1191 1198 restitutum

42 1249 101 1302 est
141 1244 229 1302 cunm
243 1244 322 1302 enim
336 1244 379 1301 itu
393 1247 494 1301 custos
506 1243 636 1317 pecoris,
655 1248 690 1300 ut
707 1243 780 1314 εἰεε,
800 1244 882 1315 qood
899 1259 934 1303 eo
953 1261 1017 1322 sqq.
1037 1242 1192 1305 Victorius.

41 1346 210 1429 probabilis
234 1347 400 1409 emendatio
420 1355 580 1426 corruptae
599 1349 766 1427 scripturae
794 1349 913 1408 inventa
937 1367 995 1409 non
1024 1358 1078 1410 est.
1125 1368 1191 1410 nam

40 1454 172 1517 latinum
196 1472 255 1515 non
280 1453 427 1533 estquod
453 1453 584 1532 Scaliger
613 1456 778 1534 temptavit,
807 1459 894 1516 conis
922 1459 1001 1517 enim
1025 1460 1068 1518 ita
1092 1466 1192 1519 custos

35 1566 175 1641 pecoris,
199 1570 233 1622 at
254 1565 342 1635 enim,
366 1564 504 1637 prodeo
528 1564 636 1622 comite
659 1564 788 1638 incipet,
812 1561 890 1640 quod
914 1581 1019 1641 graece
1043 1565 1190 1643 interpre-

40 1677 126 1730 tatus
151 1677 198 1728 est
220 1660 277 1728 ἅτε
297 1659 339 1747 δὴ
363 1660 442 1727 δέον
461 1657 550 1749 αὐτῷ
573 1663 632 1746 τῆς
650 1656 756 1727 αὐτοῦ
774 1666 944 1747 βοηθείας.
981 1686 1016 1728 ex
1036 1670 1072 1729 iis
1091 1678 1189 1732 autern

39 1792 120 1856 quae
145 1773 252 1835 deiude
276 1774 312 1834 de
337 1771 511 1853 pecudibus,
535 1791 610 1852 quae
634 1771 670 1833 ab
689 1775 802 1854 impetu
826 1775 957 1836 ierarnm
980 1793 1012 1836 se
1036 1777 1117 1856 ipsae
1140 1776 1188 1837 de·

39 1883 186 1964 rendunt,
213 1884 323 1961 scripta
353 1890 423 1941 sunt
451 1889 573 1959 apparet
595 1880 668 1942 baec
696 1880 733 1942 de
758 1900 794 1942 eo
821 1900 932 1961 genere
955 1885 1086 1966 pecoris,
1109 1884 1187 1964 quod

39 1990 79 2051 ad
103 2008 138 2051 se
162 1987 382 2049 defendendum
406 1985 540 2049 custodia
560 1989 642 2047 canis
661 1987 783 2068 indiget,
802 1988 869 2050 dici.
906 1988 1049 2069 adquam
1071 2002 1188 2052 senten·

40 2101 115 2160 tiam
137 2098 167 2158 in
187 2095 267 2156 bunc
286 2093 405 2155 modum
425 2093 514 2154 verba
533 2093 723 2175 conformari,
747 2098 834 2156 cono
853 2098 932 2156 enim
951 2105 1050 2158 custos
1065 2103 1188 2174 pecoris

38 2209 108 2268 eim
137 2205 219 2280 qnod
245 2220 280 2264 eo
313 2205 421 2264 comite
444 2203 561 2277 ἐπαίρει
592 2204 636 2263 od
660 2220 694 2263 re
722 2201 953 2277 defendendum.
990 2222 1057 2264 uam
1086 2222 1187 2278 canes,

40 2311 124 2393 quod
140 2310 196 2373 luit
210 2313 240 2370 iu
256 2308 426 2388 archetypo,
445 2316 567 2389 propter
584 2317 755 2389 corruptam
770 2308 882 2370 codicis
896 2311 1074 2390 scripturam
1094 2315 1185 2373 nomi·

39 2420 143 2479 nativo
161 2415 303 2495 singulari
322 2415 448 2476 Varroni
466 2413 600 2476 tribuere
620 2414 711 2497 nolui,
730 2433 907 2495 quamquam
925 2415 1023 2493 socies
1042 2421 1185 2498 scriptum

38 2536 87 2586 est
111 2523 152 2584 lll
173 2521 259 2597 11‚3
287 2531 318 2583 et
342 2521 434 2598 sociis
464 2530 519 2583 aot
545 2525 650 2583 maelis
674 2520 712 2582 lll
735 2519 790 2603 12,
808 2519 843 2604 3,
875 2532 906 2583 et
933 2522 1068 2585 similiter
1094 2524 1187 2601 samis

10 2626 564 2711 '115‚1501oerrrs114‚4;8.

132 2736 170 2797 ln
194 2736 303 2797 suillo
327 2754 457 2816 pecore
482 2747 597 2797 tamen
622 2747 705 2797 sunt
724 2755 814 2815 quae
833 2755 869 2798 se
889 2737 1079 2799 uindicent
1101 2758 1186 2800 sues

38 2862 171 2906 uerres
195 2842 340 2904 maiales
363 2841 523 2919 scrofae]
554 2843 643 2917 Sues,
673 2842 752 2922 quod
781 2842 944 2904 Pontedera
973 2863 1000 2923 p.
1019 2843 1084 2907 438
1114 2857 1185 2907 tarn·

37 2969 131 3032 quam
150 2952 312 3011 insiticium
329 2951 448 3029 notarit,
467 2948 583 3010 inclusi.
621 2952 812 3030 nequeenim
833 2968 901 3011 cum
921 2951 1057 3013 verribns
1077 2954 1185 3014 maiali·

37 3057 97 3119 bus
114 3059 219 3118 scrolis
239 3068 387 3136 tamquam
407 3055 443 3117 ab
462 3056 509 3117 bis
527 3056 637 3118 diversi
657 3055 797 3135 appellari
816 3067 1045 3133 poterantsues.
1079 3060 1184 3121 deinde

37 3184 118 3246 quae
141 3174 309 3243 sequuntur
328 3182 426 3241 prope
448 3167 527 3224 enim
549 3166 627 3224 baec
650 3165 736 3238 apris
754 3160 945 3222 condonanda
965 3168 1096 3224 sermoni
1116 3164 1182 3225 Var-

36 3275 123 3334 ronis
147 3273 256 3352 putavi,
285 3287 463 3350 quamquam
487 3269 650 3329 insolenter
677 3269 808 3347 positum
832 3277 878 3327 est
900 3267 1071 3329 adverbium
1087 3289 1185 3348 prope

35 3398 108 3442 curn
123 3378 220 3439 dativo
240 3396 310 3438 casu
329 3379 430 3453 apris:
450 3375 523 3436 baec
543 3393 617 3453 quae
633 3373 719 3434 modo
738 3373 816 3434 dicta
835 3377 953 3435 suntin
973 3374 1060 3435 suillo
1075 3396 1182 3456 pecore

36 3484 236 3548 similitudine
259 3493 382 3544 naturae
408 3484 573 3562 propinqua
597 3491 668 3542 sunt
690 3483 777 3561 apris.

129 3589 151 3652 2
183 3589 266 3652 Cum
290 3587 601 3650 sciaurnrulorum
630 3606 773 3667 gregem
802 3606 878 3648 cum
907 3602 1119 3667 pasceretur
1142 3609 1182 3651 eo

37 3701 206 3761 uenisset
236 3697 343 3776 lupus
377 3695 472 3756 ultro
506 3693 621 3755 mulos
652 3693 945 3755 circumfluxisse
974 3707 1008 3756 et
1038 3697 1183 3776 ungulis

35 3804 228 3869 caedendo
257 3822 335 3864 eum
363 3800 544 3863 occidisse
572 3809 607 3862 et
635 3811 758 3861 tauros
786 3800 904 3862 solere
931 3800 1098 3863 diuersos
1125 3803 1182 3864 ad·

35 3917 173 3976 sistere
197 3909 367 3972 clunibus
391 3911 624 3970 continuatos
648 3917 683 3967 et
706 3906 877 3968 cornibus
901 3907 1008 3967 lacile
1032 3911 1180 3987 propul-

36 4039 118 4082 sare
152 4017 274 4098 lupos]
311 4018 416 4092 quue
451 4019 580 4077 venarer
611 4013 689 4075 edita
726 4012 793 4073 inde
826 4032 843 4073 a
880 4013 1014 4092 principe
1051 4012 1181 4075 editione

35 4125 226 4206 exemplaria.
264 4142 317 4204 pro
342 4123 406 4183 hoc·
421 4131 450 4184 et
468 4141 503 4184 eo
527 4125 655 4183 oenuset
673 4121 789 4199 scripsi
826 4119 863 4180 de
884 4121 1098 4199 compositione
1119 4138 1181 4181 rer-

36 4235 147 4295 borum
165 4229 226 4291 dixi
244 4229 258 4290 l
276 4227 306 4312 2,
321 4228 350 4292 8.
387 4247 454 4289 nam
478 4227 568 4288 verbo
586 4231 682 4288 seiam
706 4225 839 4287 additum
857 4235 903 4285 est
922 4228 1089 4288 accusativo
1110 4245 1179 4289 casu

35 4357 147 4404 nomen
170 4356 308 4414 areperti,
338 4337 415 4416 quod
446 4333 481 4395 ad
509 4333 673 4395 subiectam
702 4337 801 4413 potius
828 4333 1040 4393 enuntiationis
1067 4343 1180 4413 partem

34 4444 220 4530 pertinebat,
252 4463 321 4506 cum
352 4462 424 4524 grex
456 4441 605 4504 mulorum
634 4450 817 4520 pasceretur.
858 4437 973 4500 lacilius
1004 4441 1180 4523 procederet
