2874 4994
233 325 275 391 46
591 332 782 389 COMMENT.
799 332 840 387 IN
859 330 1015 388 CATONIS

229 491 365 568 usurpati
388 490 571 568 grammatici
594 506 706 568 ponere
730 487 834 550 solent.
873 491 986 550 rectius
1009 485 1174 548 Pontedera
1198 503 1227 565 p.
1246 482 1289 545 41
1316 482 1372 546 eal·

229 615 294 658 cem
317 606 347 658 et
369 596 543 658 harenatum
567 595 681 656 diversa
705 614 771 657 esse
794 595 986 675 conprobavit
1009 594 1166 673 adscriptis
1188 594 1227 653 iis
1245 608 1324 671 quae
1342 590 1372 651 iu

228 704 293 784 lege
318 707 423 784 parieti
447 703 585 766 iaciundo
609 703 640 764 C.
658 701 679 763 l.
699 702 731 765 L.
751 702 763 762 l
787 723 814 764 n.
833 700 908 783 577,
930 699 969 765 18
993 701 1134 782 leguntur
1155 717 1266 775 eosque
1285 701 1372 777 pari-

229 818 290 872 etes
317 815 530 887 marpluesque
557 829 671 886 omnes,
703 830 782 887 quae
809 814 863 872 lita
890 828 951 871 non
978 817 1081 882 erunt,
1110 811 1195 869 ealce
1221 808 1373 867 barerrato

228 920 284 978 lita
303 921 459 995 politaque
482 926 512 980 et
533 922 620 980 calce
642 921 704 979 uda
729 920 871 979 dealbata
894 924 978 978 reete
998 914 1104 991 facito.
1149 912 1229 975 idem
1254 910 1374 973 dicendi

229 1043 323 1104 genus
346 1028 377 1086 in
402 1026 523 1086 materie
545 1026 643 1103 operis
662 1023 818 1085 indicanda
839 1032 885 1084 est
905 1019 992 1105 14,4
1010 1025 1081 1082 uilla
1100 1039 1140 1082 ex
1158 1021 1262 1097 lupide
1278 1022 1374 1095 calce,

231 1126 313 1212 15,1
339 1135 491 1193 macerias
514 1150 554 1192 ex
577 1135 663 1193 calce
685 1134 848 1193 caementis
870 1134 964 1192 silice.

317 1238 434 1300 lndito
458 1239 530 1300 alte
553 1239 687 1318 digitos
710 1238 791 1316 duo]
813 1240 895 1300 Duos
913 1237 992 1299 edita
1011 1244 1079 1298 ante
1094 1235 1258 1297 victorium
1277 1251 1375 1296 exem·
1401 1268 1413 1277 ·

229 1343 336 1425 plaria;
364 1348 424 1408 duo
453 1364 489 1406 ex
517 1345 619 1407 codice
642 1344 800 1407 Victorius.
846 1348 921 1407 duos
944 1345 1111 1406 accusativo
1134 1359 1204 1403 caen
1229 1341 1376 1419 scriptum

230 1460 275 1512 est
294 1471 319 1514 c.
336 1449 378 1524 15
391 1456 506 1515 modios
525 1456 609 1527 duos,
631 1450 719 1533 41,3
739 1456 814 1515 duos
831 1456 978 1527 surculos,
1001 1446 1107 1531 158,1
1128 1452 1273 1511 coliculos
1292 1451 1376 1510 duos.

319 1556 339 1619 9
363 1558 428 1620 Eas
448 1568 593 1621 calenas
612 1578 689 1622 oum
708 1559 806 1621 orbis
826 1559 940 1621 clauis
958 1560 1069 1619 iereis
1088 1554 1279 1636 corrigito]
1304 1557 1378 1617 Cum

231 1667 356 1726 orbibus
379 1667 456 1727 edita
480 1666 547 1727 inde
571 1686 587 1727 a
610 1669 744 1746 principe
769 1666 899 1728 editione
924 1665 1109 1745 exemplaria.
1149 1682 1203 1744 pro
1226 1663 1284 1725 boc
1309 1680 1378 1725 cum

232 1773 301 1832 orbi
323 1773 438 1851 scripsi.
476 1772 593 1834 ablativi
617 1777 630 1834 i
651 1775 801 1835 terminati
823 1773 1023 1834 memorabilia
1048 1772 1180 1851 exempla
1204 1779 1275 1832 sunt
1295 1769 1378 1849 haec,

236 1875 299 1939 136
322 1881 421 1954 corbi,
445 1876 497 1960 21,
513 1877 543 1940 3.
570 1876 684 1960 149,1.
715 1877 778 1943 154
801 1900 862 1957 qua
882 1885 941 1955 fini
962 1890 993 1941 et
1016 1878 1067 1961 28,
1087 1877 1108 1941 2
1131 1881 1293 1941 radicibus
1312 1881 1379 1953 fini,

235 1982 345 2066 113,2
369 2004 515 2048 ansarum
535 1990 601 2062 fini,
625 1983 815 2068 22‚1suni,
839 1985 890 2070 95,
914 1988 927 2048 1
955 1997 984 2048 et
1009 1985 1073 2049 110
1097 1990 1169 2062 ipat,
1196 1982 1304 2067 107,1
1330 1987 1380 2062 iri,

235 2090 298 2154 136
316 2097 414 2173 parti,
437 2095 508 2154 item
527 2091 549 2155 4
571 2099 649 2171 ruri,
673 2092 726 2158 29.
748 2093 845 2177 40,1,
868 2091 952 2176 50,1
980 2098 1054 2155 luna
1076 2096 1184 2155 silenti.
1221 2099 1380 2172 praeterea

234 2194 321 2280 37,2
344 2203 441 2275 sepeli
461 2202 566 2262 vitiose
590 2204 735 2282 scriptum
760 2210 823 2263 erat
845 2221 900 2280 pro
923 2209 1030 2277 scaete.

320 2307 391 2367 XIX
419 2306 436 2368 1
471 2307 596 2369 Pedem
625 2319 763 2390 queque
792 2312 843 2369 uti
871 2307 1000 2386 absiet]
1031 2310 1140 2370 Pedem
1167 2325 1310 2384 quaeque
1336 2310 1382 2369 uti

234 2415 353 2475 adsient
380 2414 492 2477 Merula
522 2425 552 2477 et
580 2415 685 2477 deinde
714 2417 823 2495 reliqui
850 2416 987 2477 editores.
1034 2418 1142 2493 pedem
1169 2433 1311 2491 quaeque
1337 2416 1384 2476 uti

235 2523 332 2581 abolet
355 2523 471 2603 scripsi,
494 2522 521 2582 h.
544 2541 569 2583 e.
593 2533 627 2583 ut
650 2542 707 2585 una
732 2541 865 2602 quaeque
889 2523 977 2583 arbor
999 2522 1105 2602 pedem
1128 2522 1204 2583 absit
1227 2521 1265 2583 ab
1287 2522 1382 2584 altera

236 2627 350 2688 arbore.

252 2786 264 2809 ,
322 2735 377 2794 XX
402 2733 418 2796 1
448 2729 499 2796 Eo
527 2734 708 2814 plumbum
736 2735 926 2797 eiiundere
954 2744 1079 2797 caueat
1102 2737 1137 2796 ni
1160 2733 1258 2797 labet
1280 2733 1381 2796 coln·

234 2839 352 2919 mella]
380 2844 488 2903 Caveto
515 2841 681 2923 iucundus,
710 2843 788 2922 quod
814 2842 1015 2904 Schneiderus
1042 2845 1164 2921 recepit
1211 2860 1326 2903 caecas
1353 2851 1383 2903 et

235 2947 341 3009 deinde
360 2950 474 3009 babeas
493 2957 522 3009 et
537 2953 618 3025 fipas
637 2948 802 3011 Pontedera
822 2969 849 3028 p.
864 2947 908 3011 42
927 2952 1103 3030 coniecerat,
1122 2967 1226 3028 parum
1246 2956 1382 3011 attentos

236 3056 270 3115 ad
301 3074 387 3116 usum
416 3058 563 3117 sermonis
591 3056 757 3139 Coloniam,
784 3058 821 3119 de
850 3077 908 3138 quo
936 3057 996 3118 dixi
1021 3056 1071 3136 11,
1092 3053 1121 3117 2.
1167 3075 1202 3118 eo
1225 3054 1383 3149 plur*

236 3163 400 3237 effandum
423 3171 528 3226 caueto
551 3168 585 3225 ni
606 3167 685 3226 labet
708 3169 865 3227 columella
888 3166 1016 3225 coniecit
1038 3161 1149 3225 Paulus
1167 3162 1267 3225 Weise
1290 3181 1382 3244 quae·

237 3271 324 3330 stion.
348 3270 447 3332 Caton.
472 3271 628 3352 Gottingae
652 3291 676 3332 a.
703 3268 788 3335 1886
812 3292 840 3352 p.
864 3268 915 3333 99.
962 3271 1013 3332 sed
1038 3273 1193 3348 plumbum
1220 3272 1384 3346 effundere

237 3377 307 3455 quid
332 3379 379 3458 sit,
402 3396 461 3440 non
485 3378 570 3441 video
594 3399 610 3440 a
634 3398 783 3460 quoquam
808 3378 986 3458 explicatum
1010 3397 1084 3439 esse.
1127 3377 1291 3439 cavendum
1315 3396 1383 3439 esse

237 3502 273 3544 ne
298 3487 364 3564 quis
387 3485 508 3564 plumbo
530 3487 560 3546 in
580 3485 734 3547 columella
753 3486 928 3547 sustinenda
948 3493 1082 3546 uteretur
1101 3486 1317 3563 interpretatus
1336 3492 1384 3545 est

237 3590 398 3672 Victorius,
431 3592 510 3671 quod
543 3601 624 3653 certe
653 3593 826 3669 adfundere
854 3592 899 3653 vel
927 3592 1090 3668 infundere
1117 3590 1276 3653 dicendum
1304 3600 1385 3653 erat:

241 3695 323 3777 18,4
348 3717 382 3759 eo
403 3700 556 3774 plumbum
580 3698 741 3774 infundite.
779 3702 942 3776 affreudere
960 3699 1005 3760 vel
1024 3701 1185 3775 offundere
1204 3697 1384 3779 Sylburgius

237 3806 267 3862 iu
297 3805 426 3864 editione
450 3804 679 3866 commeliniana
708 3825 736 3885 p.
756 3803 828 3868 775.
870 3811 904 3867 m·
933 3825 988 3885 pro
1016 3826 1054 3868 ue
1081 3805 1158 3885 apud
1182 3804 1324 3867 Catonem
1353 3807 1385 3867 in

238 3911 396 3991 archetypo
421 3914 564 3992 scriplum
588 3910 779 3992 erat143‚l
806 3917 840 3974 ni
857 3913 966 3989 saciat.
1012 3917 1183 3995 coniectura
1207 3913 1286 3974 idem
1311 3913 1384 3974 Ges·

238 4037 329 4080 nerus
361 4022 392 4080 in
420 4018 540 4082 Catonis
571 4018 667 4080 verbis
695 4016 792 4100 37‚4
823 4039 861 4081 ne
891 4038 981 4096 quam
1009 4025 1164 4082 materiem
1192 4023 1275 4083 doles
1302 4020 1383 4100 apud

239 4125 365 4187 Plinium
396 4125 459 4185 xvi
489 4123 565 4209 194,
598 4124 650 4188 ubi
682 4131 803 4202 elpram
836 4145 890 4205 pro
923 4146 961 4187 ne
993 4145 1084 4202 quam
1117 4130 1147 4187 in
1180 4127 1265 4189 libris
1292 4146 1384 4190 manu

239 4235 360 4311 scriptis
392 4232 513 4313 legitur,
546 4236 664 4294 restitui
695 4234 799 4315 voluit,
832 4243 862 4293 et
890 4232 1076 4294 lletlelsenus
1105 4230 1195 4314 33‚3
1223 4253 1262 4295 ne
1288 4239 1385 4297 serito

239 4339 316 4418 apud
340 4338 468 4399 Plinium
491 4338 665 4422 xv11196,
692 4340 744 4402 ubi
772 4345 896 4403 ireserilo
924 4360 978 4420 pro
1006 4361 1044 4402 ue
1070 4346 1163 4403 serito
1191 4343 1222 4402 in
1244 4341 1385 4421 plurimis

240 4446 393 4508 codicibus
416 4456 470 4507 est.
