2874 4994
296 354 425 409 RERVM
445 353 684 410 Rvsrtctnvttt
702 355 769 412 LIB.
787 356 814 410 11
834 354 960 411 10—-11
1128 349 1191 412 211

52 509 245 589 exemplario,
273 509 322 570 nbi
352 509 478 571 Ursinus
510 529 545 571 ex
574 506 689 572 ‘vetere
722 505 839 572 codice’
865 529 976 588 greges
1007 515 1108 571 ouium
1140 515 1195 571 sed

53 621 161 691 magni
191 617 347 678 adnotavit.
393 617 429 676 de
462 636 585 679 nurnero
621 628 770 698 pastorum
804 621 825 678 ii
858 621 907 698 qni
942 636 1062 697 magnos
1095 620 1192 678 orium

50 741 159 803 greges
179 723 286 783 habent
306 722 421 784 facilius
440 723 594 785 detrahere
615 735 747 804 possunt,
763 744 849 805 qnam
865 727 917 805 qni
936 726 1064 785 minores
1084 725 1193 784 habeut

50 848 165 910 greges.
212 830 246 891 ad
276 830 350 891 hanc
379 835 554 892 sententiam
583 843 752 912 corruptam
777 833 927 913 archetypi
955 835 1131 912 scripturam
1163 835 1192 892 iu

50 936 132 998 buno
164 938 283 999 modum
317 938 510 1019 conformavi,
540 958 652 1015 prebes
683 943 780 1001 ouium
812 943 840 1000 si
869 947 940 1000 sunt
971 943 1086 1020 moeni,
1119 957 1193 1014 quos

50 1048 200 1107 miliorios
219 1045 343 1122 faciunt
366 1051 498 1125 quidam,
514 1045 640 1122 facilius
663 1050 701 1108 de
723 1065 838 1108 summo
857 1050 1008 1108 hominum
1030 1049 1194 1108 detrahere

47 1156 155 1229 possis,
178 1171 267 1228 quum
292 1156 329 1214 de
351 1156 525 1215 minoribus.

140 1257 183 1320 Ut
207 1269 348 1320 suntet
372 1264 421 1320 ait
444 1263 510 1321 tici
533 1273 567 1320 et
591 1260 656 1320 mel
681 1263 931 1341 septingeuari
959 1263 1051 1323 enim
1082 1279 1131 1320 mo
1155 1270 1191 1322 tn

50 1369 183 1446 opinor
215 1369 488 1446 octingenarius
520 1367 681 1428 habuisti
715 1386 779 1428 nec
812 1379 927 1428 tamen
961 1386 1029 1428 non
1063 1377 1099 1427 ut
1130 1387 1192 1427 uos

49 1476 205 1535 arietum
228 1474 407 1535 decumam
431 1473 582 1554 partem]
612 1476 648 1536 Ut
669 1483 739 1535 sum
762 1482 791 1535 et
814 1479 908 1535 Attici
929 1483 959 1536 et
980 1479 1046 1535 mei.
1082 1479 1191 1552 septin-

45 1585 175 1657 gennrii
204 1586 281 1642 enirn
314 1586 384 1662 mei,
413 1590 445 1644 tu
473 1587 593 1660 opinor,
623 1586 849 1657 corrupenarios
876 1584 1011 1642 habuisti
1032 1581 1193 1642 Victorius:

51 1706 120 1749 ruam
145 1697 179 1749 ut
200 1699 270 1750 suut
289 1697 319 1751 et
337 1691 432 1751 Attici
453 1692 484 1750 in
504 1690 632 1750 editione
656 1689 745 1768 dedit,
764 1698 798 1749 ut
815 1697 886 1750 sunt
904 1690 999 1750 Attici
1020 1689 1193 1750 Tremellius

47 1796 129 1857 edita
149 1805 216 1857 ante
235 1796 397 1858 Victorium
422 1796 607 1876 exemplaria.
641 1798 876 1875 septingenerios
899 1814 1004 1875 greges
1028 1815 1059 1856 se
1084 1796 1192 1856 habere

47 1903 123 1964 dicit
147 1902 313 1984 Cossinius,
336 1903 511 1984 Varronem,
539 1903 573 1962 ad
607 1922 695 1983 quem
728 1902 801 1963 haec
833 1902 910 1963 diota
944 1912 1026 1982 suut,
1054 1902 1192 1963 habuisse

48 2012 279 2092 octingenarios,
300 2012 350 2071 sed
376 2021 483 2092 umen,
502 2012 580 2071 sicut
599 2020 629 2070 et
648 2013 710 2089 ipse
734 2009 840 2070 habeat
858 2019 889 2068 et
907 2011 1030 2087 Atticus,
1049 2009 1192 2071 decimam

47 2127 165 2198 partem
190 2136 312 2198 gregum
337 2121 453 2179 arietes.
495 2117 631 2178 similiter
654 2119 683 2176 in
707 2114 848 2195 gregibus
872 2134 1026 2195 caprarum
1052 2135 1194 2176 numerus

48 2223 203 2285 hircorum
233 2223 373 2284 definitus
402 2235 447 2284 est
477 2222 550 2304 113,
572 2221 625 2305 10,
653 2225 682 2283 in
711 2222 851 2302 gregibus
879 2225 976 2282 orium
1006 2234 1102 2284 autem
1127 2220 1192 2283 112

47 2331 86 2392 de
110 2329 253 2391 arietibus
273 2330 349 2419 nihii
375 2340 578 2410 praeceptum,
602 2329 653 2390 sed
683 2328 719 2389 de
749 2347 872 2391 numero
901 2337 1052 2409 pastorum
1081 2329 1192 2390 dictum

50 2446 99 2499 est
122 2437 231 2499 ibidem
256 2434 307 2499 20.
823 2432 824 2437 ’

141 2544 269 2624 Utique
293 2553 445 2624 uterque
475 2545 599 2605 horum
628 2553 666 2604 ut
693 2562 814 2604 secum
842 2542 970 2603 hebeat
998 2560 1107 2620 eqrras
1135 2543 1192 2603 do-

48 2656 155 2714 mitas
187 2652 350 2731 singulas
384 2654 417 2711 in
450 2651 506 2711 his
540 2651 751 2730 regionibns
784 2653 817 2711 in
851 2649 983 2729 qrribus
1016 2649 1194 2710 stabulari

47 2760 170 2820 soient
193 2778 303 2839 equas
326 2759 470 2838 abigere
495 2768 533 2819 nt
556 2761 590 2819 in
613 2758 733 2839 apulia
756 2768 791 2819 et
813 2759 847 2818 in
872 2756 1027 2819 lucaniis
1058 2756 1194 2818 accidit

48 2865 173 2946 saepe]
197 2868 370 2928 stabularii
395 2885 430 2926 ex
460 2866 561 2926 codice
593 2885 620 2926 ro
649 2865 800 2927 {iucundus
829 2875 858 2925 et
886 2867 915 2924 in
944 2867 1036 2944 prima
1066 2865 1194 2926 editione

48 2974 214 3055 Victorius,
241 2977 394 3035 stabulari
416 2972 535 3033 Victorii
565 2973 656 3033 editio
685 2972 828 3047 secunda,
856 2971 934 3051 quod
963 2970 1113 3031 Gesnorns
1141 2990 1195 3051 per

49 3083 264 3162 graecismum,
293 3090 326 3142 ut
353 3083 406 3161 ait,
430 3088 459 3140 et
486 3079 637 3158 enallagen
666 3097 752 3140 casus
781 3081 880 3157 inepte
908 3079 1121 3155 interpretatus
1150 3086 1195 3137 ost

49 3185 98 3250 ‘in
124 3208 198 3269 quas
222 3186 398 3249 stabulatnm
423 3186 519 3247 solent
542 3205 633 3265 equas
657 3178 801 3263 abigere'.
843 3192 872 3244 et
895 3187 926 3242 in
950 3185 987 3242 iis
1011 3184 1194 3256 ropionibus,

49 3301 82 3357 in
107 3298 217 3372 quibus
239 3298 392 3356 stabulari
412 3298 520 3373 solent,
544 3302 573 3354 et
596 3296 627 3353 in
651 3296 701 3373 iis,
724 3309 782 3366 quo
811 3293 989 3350 uestibulum
1012 3295 1067 3348 aut
1094 3291 1193 3350 biber·

48 3411 156 3464 nutum
174 3407 271 3464 solent
293 3405 419 3478 obigere
437 3400 572 3461 Ursinus.
610 3398 789 3459 describitur
809 3398 907 3477 potius
927 3413 990 3456 mos
1010 3397 1059 3475 qni
1080 3395 1195 3455 videtur

50 3511 143 3572 inisse
172 3512 203 3571 in
233 3508 383 3570 nonnuliis
412 3506 596 3587 regionibus,
625 3516 658 3567 nt
690 3523 795 3584 greges
828 3521 971 3582 eqtrornm
1005 3502 1132 3563 interdiu
1163 3504 1193 3562 in

48 3620 163 3696 campis
187 3625 390 3697 pascerentur,
410 3624 498 3677 noctu
523 3616 553 3674 in
578 3612 690 3674 stabula
715 3612 914 3692 abigerentur,
933 3612 1019 3670 cuius
1045 3614 1088 3670 roi
1107 3629 1194 3671 cansa

47 3743 144 3805 equae
168 3723 295 3784 domitae
318 3723 487 3802 pastoribus
512 3721 670 3782 adduntur.
715 3723 814 3798 itaque
838 3719 945 3796 scripsi
975 3721 1006 3777 in
1031 3721 1140 3792 quibus
1164 3722 1195 3778 iu

45 3833 171 3893 stabulo
199 3834 296 3891 solent
322 3849 415 3906 eqrrus
445 3832 587 3905 adipem
619 3829 675 3887 nisi
709 3828 807 3906 potius
839 3826 1021 3885 stabuletum
1056 3842 1108 3902 pro
1135 3832 1195 3885 sto-

47 3941 155 4000 buluri
176 3937 365 3997 scribendum
390 3946 462 3997 erat.
490 3969 526 3978 -
554 3939 583 3996 in
614 3938 757 4008 luoouiis,
782 3932 859 4012 quod
889 3932 998 4010 optima
1028 3929 1195 4009 apographa

47 4045 168 4124 hebent,
187 4047 217 4104 in
237 4044 395 4123 archetypo
416 4044 479 4121 init,
499 4062 556 4103 uon
582 4045 613 4102 in
632 4044 760 4122 lucanis,
780 4039 857 4119 quod
879 4038 1043 4098 Politianus
1065 4039 1093 4096 in
1116 4039 1195 4116 prin·

49 4156 117 4231 cipe
142 4150 270 4212 editione
295 4169 353 4211 non
377 4152 516 4210 correxit.
562 4167 616 4228 pro
641 4148 697 4208 boc
721 4152 752 4209 iu
776 4147 916 4207 lucania
940 4145 1054 4224 scripsi.

10 4328 17 4342 ‚
139 4257 215 4318 Xll
259 4256 442 4337 Siquidem
479 4259 623 4336 inquam
661 4254 872 4315 adieceritis
910 4251 950 4310 de
993 4251 1195 4310 entraordi-

48 4367 153 4428 norio
178 4362 353 4443 pecudum
378 4364 499 4424 fructu
524 4360 749 4441 praedictum
773 4369 827 4420 est
851 4358 892 4418 de
917 4358 1009 4418 lacte
1039 4359 1074 4418 in
1099 4378 1138 4417 eo
1163 4366 1199 4417 et

49 4484 200 4535 tonsura
225 4470 324 4531 lonae
349 4479 404 4530 est
426 4471 581 4530 omnium
611 4485 727 4528 rernm
758 4485 846 4546 quas
873 4464 976 4526 sibili
1006 4482 1111 4524 consa
1141 4484 1196 4525 cn·

934 4565 985 4619 rt*
