2874 4994
145 307 211 373 256
418 273 424 277 ⁹
488 315 679 372 connum.
698 317 737 372 m
755 315 944 372 nanaoms

142 476 322 550 pinpniores
341 476 423 547 finnt
445 491 535 548 quom
564 476 622 535 otii
643 472 806 554 Victorius,
829 469 944 552 reliqua
971 489 1008 532 ex
1031 468 1135 533 Aldina
1158 470 1256 534 11111111

145 581 291 660 repetivit
327 578 364 639 do
383 578 529 641 columbis
552 589 662 660 umen,
680 597 757 659 qnae
775 576 873 658 pullos
891 587 1078 659 pepererunt
1096 586 1128 640 et
1143 596 1193 641 um
1207 598 1256 641 oon

144 686 203 748 illis
227 687 361 768 aluntur,
383 686 440 747 boc
463 686 537 767 dici,
560 686 639 766 quod
663 685 788 748 candido
812 682 912 748 colore
935 685 1026 767 bunt,
1049 703 1110 748 oon
1131 683 1167 748 rlo
1184 684 1257 768 pallq

145 811 181 854 ex
204 794 347 855 feminino
371 811 480 872 genere
504 796 672 869 candidae,
700 791 779 872 quod
806 801 854 854 est
880 794 911 853 in
938 791 1025 854 libris
1052 809 1140 855 manu
1159 794 1257 874 tcmpiq

143 899 277 980 intellegi
300 906 425 979 poterat.
470 899 527 961 boc
550 881 642 980 igitur
664 901 805 961 restituto
827 899 937 978 scripsi
964 902 1021 976 qui
1042 902 1087 961 ito
1109 901 1256 974 comum,

144 1010 275 1069 celerius
294 1009 475 1085 pinpoiores
500 1010 581 1080 nont
607 1023 697 1083 quom
727 1009 794 1082 olii,
817 1014 848 1068 et
874 1007 1130 1081 candidationi
1145 1012 1258 1083 pomo

106 1120 108 1125 '
143 1131 257 1175 eorum.
303 1115 419 1176 Romae
445 1147 483 1158 —
508 1121 638 1176 venenat
670 1115 797 1175 ducenis
828 1116 964 1175 nummu.
1011 1112 1084 1174 dum
1116 1111 1185 1194 pulli
1209 1128 1256 1174 mn

19 1226 23 1233 '
143 1218 288 1282 matribus
311 1221 342 1281 in
366 1220 444 1282 nidis
468 1219 679 1300 relinquuntur
706 1222 803 1300 iisque
827 1218 949 1282 uberior
976 1218 1064 1282 cibus
1092 1218 1256 1301 obicitur,ol

144 1325 271 1387 celerius
300 1326 373 1407 pulli
401 1329 600 1407 pinguescunt
629 1336 659 1388 et
688 1327 860 1407 pinguiores
890 1325 980 1401 bunt,
1004 1343 1095 1405 quam
1123 1327 1171 1405 qui
1196 1323 1258 1387 ditor

143 1432 273 1514 aluntur,
296 1441 326 1493 el
349 1442 488 1513 parentes
512 1452 624 1514 eorum,
648 1436 788 1513 quoniam
812 1450 870 1494 una
894 1451 962 1495 eum
986 1433 1045 1495 illis
1064 1433 1144 1494 domi
1164 1450 1259 1513 pascuo

144 1549 203 1622 tun,
225 1540 368 1601 candidae
392 1542 475 1602 liunt.
521 1539 629 1601 deinde
653 1558 729 1619 quae
757 1539 794 1600 de
821 1541 918 1620 pretio
947 1538 1153 1601 columbarum
1177 1540 1261 1618 scripu

143 1655 227 1729 suut,
250 1646 287 1708 de
311 1649 392 1708 omni
423 1665 533 1727 genere
560 1645 709 1726 pullorum
733 1644 971 1708 columbinorum
1000 1646 1151 1709 dicuntur.
1191 1661 1263 1724 neque

143 1754 230 1815 aliter
252 1753 325 1816 haec
355 1752 501 1816 intellexit
524 1751 700 1836 Columella,
723 1755 775 1833 qui
799 1752 938 1815 Varronis
966 1753 1056 1815 verba
1086 1752 1210 1815 breviter
1229 1770 1263 1813 ei·
1306 1765 1310 1841 r

143 1864 253 1941 pressit
276 1859 389 1943 11118,
409 1859 429 1923 9
453 1879 523 1923 nom
551 1868 582 1923 et
603 1865 696 1924 octies
719 1879 800 1922 anno
820 1864 920 1939 pullos
943 1863 1071 1939 educat,
1094 1864 1123 1923 si
1144 1867 1187 1923 est
1205 1862 1263 1921 bono
1307 1865 1310 1899 ³

144 1971 267 2043 matrix,
287 1979 316 2030 ct
331 1972 441 2046 pretiis
464 1987 567 2030 eornm
587 1971 769 2030 dominicum
788 1971 908 2046 conplet
926 1986 1045 2047 orcam,
1063 1972 1144 2030 sicut
1162 1971 1264 2030 eciam
1307 1978 1310 2023 ῖ

143 2082 253 2137 auctor
281 2076 410 2137 Morcus
442 2076 540 2136 Vorro
568 2078 653 2137 nobis
681 2078 840 2152 adfirmat,
869 2079 923 2152 qni
945 2078 1088 2153 prodidit
1115 2079 1203 2136 elium
1223 2076 1266 2135 illis

142 2184 348 2244 sevcrioribus
371 2184 554 2259 temporibus
574 2185 670 2259 pario
691 2185 813 2258 simpulo
836 2184 956 2244 milibus
983 2185 1113 2258 simpulo
1140 2183 1265 2244 sestertio
1307 2162 1310 2167 ¹

143 2306 211 2350 rom
234 2293 323 2352 solito
346 2279 459 2352 conire.

234 2395 273 2460 11
308 2397 377 2459 lam
401 2399 509 2458 issem
538 2404 693 2477 emptum
721 2398 887 2458 emissem
915 2396 956 2458 ad
985 2393 1124 2474 uillam]
1147 2397 1267 2458 Enisa

143 2503 213 2566 olim
236 2504 353 2586 inclusi,
373 2513 407 2566 ut
429 2505 609 2584 scripturam
633 2502 787 2584 archetypi
809 2511 1077 2583 repraesentarem.
1114 2503 1168 2566 sed
1188 2519 1269 2564 rerum

142 2630 209 2672 esso
238 2622 310 2693 puto
344 2611 423 2692 quod
452 2630 487 2672 ex
516 2610 619 2671 aldina
652 2610 783 2672 editione
812 2619 970 2690 receptum
1003 2620 1081 2692 erat,
1109 2613 1172 2673 iom
1202 2615 1270 2672 isim

144 2724 273 2793 emptum
297 2724 326 2778 ct
344 2720 488 2778 misissem
512 2719 555 2778 od
576 2719 685 2778 oiilom.
718 2735 785 2777 nam
809 2717 925 2778 diversa
948 2725 1020 2779 sunt
1038 2717 1103 2798 alia,
1128 2715 1270 2797 inquibus

143 2841 212 2884 cum
243 2823 360 2883 emendi
387 2821 476 2884 verbo
500 2825 680 2904 praepositio
704 2826 748 2885 od
772 2826 903 2906 ponitur,
926 2820 1003 2906 115,
1023 2821 1063 2886 11
1089 2827 1135 2886 od
1159 2828 1270 2886 courum

143 2930 245 2991 bouem
268 2937 370 2991 emunt
392 2938 423 2991 et
446 2932 490 2991 od
507 2934 622 2993 altorio
646 2938 676 2992 et
698 2928 822 3014 1222
846 2934 875 2993 si
896 2939 996 3009 empto
1014 2938 1108 2994 crunt
1127 2935 1224 3010 potios
1238 2929 1272 2992 ci

143 3040 312 3098 utilitatem,

233 3145 341 3216 Quasi
374 3163 462 3205 uero
494 3146 613 3224 inquil
644 3146 723 3225 pica
756 3163 826 3206 non
859 3147 893 3207 in
927 3144 1015 3206 urbe
1043 3164 1186 3228 quoque
1214 3147 1273 3206 slot

143 3249 247 3311 multi
270 3249 392 3311 antibo
411 3249 610 3311 columbari
629 3253 743 3330 quiin
764 3251 898 3331 tegulis
921 3250 1055 3313 babent
1078 3271 1148 3315 non
1168 3252 1273 3315 uiden·

143 3355 357 3418 turbabere
380 3359 629 3437 peristeronas
652 3376 730 3420 cum
755 3357 899 3438 aliquod
927 3377 1036 3439 supra
1060 3369 1203 3423 eentum
1224 3361 1273 3422 mi·

142 3462 228 3525 lium
248 3465 461 3525 sestertium
475 3463 631 3526 habeant
648 3464 944 3544 instrumentum]
959 3466 1274 3530 Columbariollerula.

143 3573 233 3646 quusi
253 3603 297 3612 -
319 3573 381 3631 sint
403 3575 504 3647 multi,
527 3573 718 3634 colombario
741 3576 796 3649 qui
818 3576 849 3635 in
871 3577 981 3649 tepolis
1003 3576 1128 3638 babent.
1172 3594 1211 3637 un
1230 3575 1276 3636 oti

143 3695 202 3737 non
226 3679 366 3738 videntur
394 3679 509 3739 babere
531 3697 597 3758 sqq.
620 3678 785 3761 iucundus,
816 3698 892 3760 qnae
919 3665 1056 3760 probarit
1079 3681 1275 3744 Schneiderua

143 3792 273 3843 veterem
296 3785 474 3864 scripturam
504 3803 539 3846 ex
568 3784 728 3866 archetypo
755 3788 929 3849 restituerat
951 3785 1112 3853 Victorius
1156 3792 1187 3850 in
1213 3787 1275 3850 orbe

142 3908 261 3971 quoque
284 3900 355 3952 sunt
377 3892 463 3953 multi
486 3892 690 3972 peristcrones
713 3911 818 3955 eorum
844 3896 894 3974 qui
918 3896 948 3956 in
977 3895 1086 3976 tegulis
1109 3895 1275 3960 columbarii

141 3996 259 4061 babent.
304 3998 356 4059 scd
381 3998 488 4060 deinde
512 4017 581 4061 com
604 4003 703 4076 aliqui
708 4026 764 4045 ,..
790 4003 926 4064 iubeant
952 4004 1075 4086 sonpn,
1103 4003 1177 4068 be
1198 4004 1276 4083 aliqui

141 4123 177 4165 ex
201 4107 238 4165 iis
261 4106 313 4183 qui
337 4104 519 4167 columbaria
542 4108 574 4168 in
598 4107 705 4188 tegulis
729 4107 847 4192 habent,
865 4126 1047 4192 quamquam
1069 4115 1188 4190 ouqnot
1202 4110 1275 4173 rideo

141 4211 261 4272 delendi
285 4229 387 4294 posse,
410 4215 437 4274 si
465 4213 502 4275 de
531 4214 722 4306 columbariis
745 4216 868 4294 dicitnr,
891 4237 968 4298 quae
991 4221 1127 4299 pretioso
1148 4226 1275 4301 apparatu

141 4319 287 4379 instructa
311 4329 391 4381 sunt.

229 4424 330 4488 limas
363 4447 493 4492 censeo
523 4438 558 4492 et
585 4439 779 4513 antequam
806 4433 980 4496 aedifices
1012 4390 1273 4517 rnrctmagnnm
