2874 4994
10 40 29 121 μ’.
326 113 456 168 RERVM
479 113 717 169 RVSTICARVM
736 114 806 169 LIB.
825 115 864 169 111
886 112 968 169 1-2
1150 105 1213 169 223

64 279 192 342 quamue
215 275 244 327 et
268 267 375 328 deinde
399 286 457 343 qao
479 272 620 330 ornatior
643 286 680 329 ea
703 287 767 330 esse
787 277 888 346 posset
911 277 971 330 tam
991 269 1099 344 fracta
1123 287 1213 344 qaam

60 367 161 444 sacta
180 373 371 436 scribendum
390 374 540 436 Gesnerus
560 378 694 437 coniecit.
719 376 827 453 sraela
846 394 935 452 qaam
954 384 1072 437 structa
1093 376 1213 437 Schnei-

64 476 173 564 derus,
188 481 297 558 fracta
321 501 411 558 qaam
432 482 516 559 fasta
539 483 701 563 Madvigius
725 483 837 543 advers.
858 501 882 543 v.
901 482 928 543 ll
947 502 974 563 p.
992 478 1055 543 180
1078 484 1214 542 coniecit.

64 588 210 649 ordinem
229 588 398 670 verborum,
418 608 491 669 quae
512 590 547 651 ab
572 590 735 651 editoribus
758 609 847 670 prava
866 591 1054 651 distinctione
1074 589 1213 649 distracta

64 704 167 776 erant,
191 694 290 757 Ursini
313 699 483 758 coniectura
505 716 675 775 parumque
698 698 916 759 demonstravit.
953 715 1007 776 pro
1032 696 1086 757 boc
1110 705 1138 757 et
1158 715 1213 773 pa·

64 820 141 863 ram
166 805 281 882 scripsi.
318 804 424 865 deinde
449 809 507 866 tais
531 809 647 879 litteris,
667 807 693 865 si
712 824 814 865 veram
834 814 888 886 est,
907 804 942 864 ad
962 803 1053 864 libros
1072 822 1088 863 a
1107 803 1213 864 Pinnio

63 911 203 990 scriptos
225 913 364 993 pertinet,
384 897 560 990 quamquam
580 911 615 971 de
639 911 685 972 bis
709 907 868 973 memoriae
894 909 965 971 nibil
988 910 1137 990 proditum
1159 921 1213 972 est.

62 1015 203 1096 denique
227 1018 305 1097 quod
329 1020 358 1078 in
383 1018 542 1098 archetypo
562 1020 705 1098 scriptum
725 1026 789 1079 erat
807 1021 890 1095 qaod
908 1017 996 1094 sactu
1016 1018 1124 1079 lrustra
1144 1037 1212 1078 eon·

61 1125 199 1185 iecturis
226 1125 383 1185 emendare
412 1125 591 1187 studuerunt
618 1126 755 1186 editores.
802 1134 923 1206 apparet
951 1127 1029 1185 enim
1062 1143 1120 1184 non
1149 1143 1213 1185 cor·

63 1231 206 1313 rigenda,
224 1233 276 1293 sed
295 1231 417 1293 delenda
437 1250 502 1293 esse
523 1232 620 1314 verba,
640 1252 714 1313 quae
734 1251 821 1312 prava
841 1234 1017 1313 repetitione
1036 1240 1099 1291 orta
1121 1241 1213 1311 erant,

63 1357 142 1400 eum
162 1343 242 1400 enim
265 1342 365 1400 villam
389 1341 518 1401 haberes
535 1373 572 1383 -
589 1343 785 1417 spectandam
804 1347 834 1400 et
853 1357 964 1416 param
984 1346 1124 1416 putasses
1143 1357 1220 1412 esse,

63 1449 102 1506 ai
127 1449 190 1506 tais
212 1463 330 1521 qaoque
352 1449 460 1507 litteris
484 1450 628 1507 exornati
645 1450 782 1523 parietes
805 1453 910 1521 essem,
929 1463 985 1521 epo
1008 1462 1133 1520 qaoque,
1157 1463 1215 1519 quo

67 1556 219 1614 ornatior
234 1571 271 1613 ea
285 1571 349 1614 esse
360 1563 462 1630 posset
473 1552 590 1629 fracta,
600 1556 682 1628 qaod
691 1553 801 1628 facere
808 1571 936 1629 possem
951 1554 1027 1613 baec
1043 1554 1087 1612 ad
1099 1559 1128 1612 te
1142 1555 1217 1612 misi.

161 1656 227 1719 nl
261 1657 425 1720 Comitiis
457 1658 640 1719 aediliciis
670 1677 748 1719 cum
782 1657 856 1719 sole
888 1657 989 1719 caldo
1022 1677 1085 1738 ego
1121 1665 1156 1718 et
1188 1662 1215 1737 q.

65 1766 178 1826 axius
201 1773 346 1826 senator
371 1764 518 1827 tribulis
547 1766 760 1845 sullragium
787 1763 1011 1843 tulissemus]
1037 1766 1101 1841 Ego
1125 1774 1216 1841 atque

66 1875 173 1933 Axius
196 1872 273 1933 edita
297 1883 364 1933 ante
384 1872 545 1934 Victorium
566 1872 751 1953 exemplaria,
771 1871 848 1951 quod
873 1873 903 1932 in
928 1875 1061 1951 principe
1086 1873 1214 1933 editione

65 1979 237 2041 Politianus
261 1997 320 2039 non
344 1982 484 2061 correxit,
507 1998 563 2056 eqo
587 1987 616 2040 et
638 1997 717 2055 qaae
741 1972 800 2058 (vel
824 1973 895 2060 que)
920 1983 1011 2040 axius
1039 1979 1214 2059 apographa,

67 2104 127 2164 ego
146 2094 178 2148 et
196 2088 227 2160 Q.
244 2089 342 2147 Axius
356 2084 514 2166 Victorius,
534 2085 612 2165 quod
632 2085 744 2165 legerat
758 2083 869 2144 Plinius
884 2082 948 2144 Vlll
965 2082 1037 2146 167.
1070 2089 1100 2158 O.
1119 2088 1216 2147 Axius

68 2193 184 2254 dicitur
207 2193 283 2254 idem
309 2192 385 2273 apud
410 2191 535 2253 Gellium
560 2189 707 2266 vt3,10
735 2191 766 2252 et
794 2190 870 2271 apud
895 2190 1068 2252 Ciceronem
1097 2193 1131 2253 ad
1157 2194 1214 2255 Att.

67 2299 96 2361 X
120 2299 170 2375 11,
190 2298 220 2381 2,
246 2300 295 2361 ubi
319 2319 377 2376 que
400 2303 522 2375 anxias,
546 2309 576 2359 et
599 2299 638 2360 ib.
663 2296 713 2372 13,
732 2296 762 2379 2,
785 2297 835 2359 ubl
860 2317 879 2358 a
904 2300 1005 2359 Damio
1028 2301 1058 2360 iu
1085 2301 1214 2361 llediceo

69 2409 176 2469 codice
201 2410 423 2488 scriptumest.
470 2407 593 2487 reliquis
621 2405 694 2467 locis
718 2415 748 2466 et
776 2424 791 2464 a
815 2404 945 2465 Varrone
973 2413 1004 2465 et
1031 2424 1046 2466 a
1071 2406 1214 2468 Cicerone

70 2517 138 2576 sine
172 2517 363 2594 praenomine
396 2516 487 2575 Axius
521 2513 694 2594 appellatur.
739 2523 872 2574 ceterum
905 2530 993 2592 prava
1025 2512 1214 2575 distinctione

68 2621 275 2683 Schneiderus
298 2624 426 2684 comitiis
449 2624 609 2701 aediliciis,
629 2639 697 2682 cam
719 2623 782 2682 saie
800 2638 862 2698 sqq.
887 2618 1023 2680 dederat:
1048 2638 1113 2679 nam
1133 2630 1213 2681 recte

66 2731 201 2790 comitiis
225 2731 375 2790 aediliciis
399 2747 467 2789 cam
489 2733 551 2790 sole
575 2747 638 2808 sqq.
662 2728 854 2806 antiquiores.

162 2835 245 2896 Dum
274 2834 483 2897 diribentur
511 2834 635 2914 inquid
669 2831 858 2911 suffragia]
887 2833 1083 2893 Dirimantar
1109 2832 1214 2893 lucun-

67 2943 136 3026 dus,
162 2945 334 3005 diribeatar
357 2962 391 3003 ex
417 2943 649 3020 manuscriptis
680 2938 762 2999 libris
787 2938 926 3016 Angelius
955 2940 1092 2998 restitnit.
1139 2937 1233 2999 diri?

66 3058 194 3112 mentor
230 3058 259 3111 ct
290 3046 446 3129 1115‚18
484 3051 662 3110 dirimerent
698 3064 752 3126 pro
790 3046 960 3106 diribereat
997 3043 1148 3105 Gesnerus
1184 3054 1215 3106 et

67 3156 275 3218 Scbneideras
298 3157 454 3218 dederuut.

161 3263 220 3325 Vis
243 3266 364 3344 potius
389 3263 498 3324 uillae
523 3260 691 3341 publicae
715 3270 855 3321 utamur
878 3258 1000 3320 umbra
1021 3277 1121 3338 quam
1141 3261 1213 3338 pri·

67 3373 147 3434 stati
184 3370 365 3432 candidati
409 3368 539 3432 tabella
582 3369 816 3429 aedificemus
857 3366 978 3445 nobis]
1021 3368 1116 3440 Quam
1150 3370 1214 3443 pri-

66 3482 137 3539 vati
174 3481 335 3540 candidati
370 3479 495 3552 tabella,
523 3479 594 3538 dam
626 3479 669 3536 ita
706 3477 900 3548 aedificemus
935 3475 1020 3534 nobis
1055 3473 1215 3555 iucundus,

65 3602 163 3663 qaam
197 3589 322 3663 privata
354 3587 515 3646 candidati
536 3585 647 3645 tabella
680 3577 760 3664 (sive
792 3583 891 3660 potius
923 3575 1069 3662 ambella)
1103 3584 1215 3642 ambri·

63 3698 197 3769 ficamus
220 3696 306 3755 nobis
329 3691 455 3755 Ursinus
478 3690 532 3751 bac
555 3689 651 3750 addita
676 3691 935 3770 interpretatione,
961 3683 1110 3747 ‘tabellam
1136 3691 1213 3748 enirn

68 3802 134 3861 sire
159 3799 316 3862 umbellam
337 3800 484 3862 candidati
508 3797 731 3860 tabernaculum
754 3798 816 3856 sive
840 3793 1044 3857 umbraculum
1068 3793 1214 3874 intelligit,

68 3907 151 3988 quod
173 3910 207 3972 in
231 3926 333 3988 campo
358 3907 462 3967 Martio
485 3904 655 3986 tendebant,
679 3903 729 3965 ubi
753 3905 945 3964 convenirent
963 3906 994 3961 et
1013 3919 1044 3960 se
1068 3920 1083 3959 a
1104 3899 1164 3960 sole
1184 3908 1215 3960 et

68 4016 170 4096 pluvia
203 4010 422 4077 delendereut’.
469 4013 620 4093 archetypi
654 4012 811 4073 lectionem
845 4028 880 4069 ex
917 4010 1050 4087 principe
1086 4007 1214 4068 editione

70 4123 226 4185 Gesnerus
249 4125 389 4184 restituit.
435 4121 486 4183 sed
517 4139 590 4201 quae
620 4122 659 4181 sit
687 4117 834 4180 candidati
862 4114 964 4176 tabella
993 4114 1141 4175 dimidiata
1171 4115 1214 4175 vel

70 4250 131 4311 quo
162 4229 249 4291 verba
273 4230 426 4312 Varronis,
455 4231 481 4288 si
508 4247 575 4289 vera
605 4237 651 4287 est
677 4225 820 4286 librorum
849 4224 1010 4303 scriptura,
1039 4223 1216 4302 pertineant,
