2874 4994
263 311 325 375 128
602 318 791 373 COMMENT.
813 318 851 372 lN
869 317 1056 395 VARRONIS

260 473 417 534 verborum
442 472 641 555 distinctione,
661 492 736 554 qnae
760 472 828 533 inde
847 492 862 533 a
886 475 1021 554 principe
1045 473 1179 536 editione
1197 470 1307 553 vulgata
1324 486 1377 555 eat

261 582 368 660 scripsi
399 599 496 656 neque
525 584 615 642 etiam
639 599 706 642 cnm
732 585 883 658 processit
906 585 962 657 ita,
986 589 1019 642 ut
1040 585 1082 643 sit
1104 584 1209 642 einum
1228 578 1379 656 factumn

260 695 343 750 uetus
366 690 469 749 bibere
492 691 572 762 uelis,
591 692 673 764 qnod
695 708 754 750 naa
774 692 821 763 fit,
840 696 1003 764 antequam
1027 691 1196 750 accesserit
1218 706 1321 750 minus:
1338 706 1377 750 aa·

259 798 392 855 nicetium
413 797 525 870 prodit.
573 804 701 855 mustum
727 813 823 873 neque
847 794 917 855 dum
942 795 1036 856 fervet
1064 812 1256 874 nequedum
1277 813 1308 856 eo
1328 812 1376 875 pro

259 903 361 982 cessit,
390 909 424 961 ut
451 905 507 961 iam
539 903 637 961 vinnm
667 901 775 962 lactum
805 904 856 984 sit,
884 901 1081 981 promendum
1110 909 1171 982 est,
1199 903 1291 980 siquis
1315 910 1378 962 retur

260 1011 360 1069 virium
389 1007 490 1069 bibere
519 1006 598 1070 velit.
644 1018 728 1070 vetus
756 1017 853 1069 alitem
882 1010 984 1070 vinum
1017 1016 1083 1070 tnm
1118 1008 1240 1070 demum
1267 1009 1307 1087 lit,
1329 1026 1379 1069 eno

259 1134 355 1191 annus
377 1117 540 1195 praeteriit.
578 1114 747 1176 anniculum
768 1117 875 1196 prodit,
893 1117 915 1176 i.
935 1134 960 1178 e.
979 1133 1057 1177 anno
1076 1123 1236 1195 postquam
1255 1115 1379 1177 conditur

260 1234 322 1284 erat
347 1225 475 1302 primum
500 1243 515 1282 c
540 1222 611 1284 cella
635 1225 775 1302 pomitur.

347 1329 396 1390 Er
429 1348 468 1390 eo
502 1348 632 1409 genere
666 1349 751 1390 uvae
780 1330 871 1409 quad
902 1340 1039 1392 mature
1069 1328 1279 1408 cocescant]
1309 1332 1380 1404 Quae,

259 1440 329 1498 dum
362 1441 551 1512 maturescit,
585 1447 745 1499 coacescat
777 1436 942 1520 iucundus,
979 1440 1062 1514 qrtod
1093 1445 1216 1499 mature
1247 1446 1381 1498 coacescat

259 1542 417 1605 Victorius.
463 1543 607 1623 pluralem
641 1563 798 1605 numerum
832 1552 1016 1607 coacescant
1048 1564 1117 1606 cnm
1152 1543 1293 1624 singulari
1320 1545 1382 1620 arad

259 1654 450 1712 coniunctum
476 1650 617 1731 exemplis
642 1654 795 1712 nominum
819 1652 941 1733 pluralis
965 1655 1098 1734 numeri,
1121 1651 1232 1733 quibus
1257 1655 1290 1712 id
1306 1669 1382 1726 penus

258 1757 303 1818 vel
326 1762 409 1834 quod
427 1776 525 1834 pertus
548 1758 681 1819 additum
704 1768 750 1820 est
774 1754 871 1842 (129,
890 1756 935 1842 2),
955 1778 1059 1838 parum
1083 1768 1151 1838 apte
1171 1757 1304 1819 delendit
1319 1756 1383 1817 tait·

258 1865 377 1927 ieldtius
401 1865 418 1926 l.
437 1885 462 1926 o.
487 1875 626 1928 cocescat
654 1868 775 1948 scripsi,
805 1868 882 1928 sicut
907 1864 1029 1947 141,2
1053 1869 1202 1947 calescat,
1232 1863 1271 1926 lll
1292 1860 1383 1947 tcta

258 1980 360 2034 cactus
384 1991 437 2051 pro
461 1981 593 2055 coactus,
618 1975 703 2034 cuius
726 1974 845 2052 generis
869 1973 1002 2054 exempla
1025 1972 1237 2035 laclrmannus
1261 1975 1293 2034 in
1315 1971 1385 2032 lucr.

257 2097 285 2158 p.
306 2077 370 2141 134
394 2082 568 2159 composuit.

346 2193 433 2248 vat
462 2187 566 2248 Oleas
589 2187 688 2248 albas
713 2207 799 2268 quas
823 2187 993 2248 solideris
1018 2205 1130 2249 nouas
1157 2190 1211 2249 sic
1235 2186 1389 2249 celeriter

257 2311 394 2375 promas
429 2297 499 2355 nisi
532 2294 739 2356 condideris
769 2303 919 2375 propter
951 2294 1232 2356 amaritudinem
1265 2295 1390 2375 respuit

257 2401 431 2482 palatum]
458 2403 546 2464 Oleas
565 2404 659 2484 araas,
679 2421 755 2478 quas
775 2406 902 2464 condire
920 2406 964 2463 uis
982 2420 1084 2477 nouas,
1103 2405 1149 2464 sic
1168 2405 1315 2465 celeriter
1334 2418 1389 2462 con·

258 2511 328 2584 dito,
343 2518 376 2570 nt
392 2527 524 2585 prumtis,
545 2513 606 2570 nisi
623 2513 787 2591 condieris,
798 2519 926 2588 propter
945 2512 1183 2571 amaritudinem
1204 2513 1274 2571 illas
1292 2510 1391 2585 respuit

255 2620 392 2693 palatum
416 2615 581 2690 iucundos,
605 2622 686 2678 oleas
711 2620 805 2694 aidus,
829 2635 905 2692 quas
928 2619 1105 2694 condideris
1128 2620 1159 2678 in
1184 2634 1252 2697 uas,
1276 2624 1311 2676 ut
1331 2618 1392 2677 cele·

258 2727 336 2783 riter
355 2741 490 2800 promas,
509 2727 569 2785 m'si
592 2728 754 2804 condieris,
767 2733 897 2802 propter
921 2727 1157 2786 amaritudinem
1180 2727 1302 2801 respuit
1320 2726 1393 2800 pala·

258 2839 318 2890 tum
347 2829 486 2912 Ursinus,
520 2835 601 2892 oleas
630 2833 729 2907 albas,
763 2850 839 2907 aues
867 2834 1043 2893 condideris
1070 2849 1176 2907 nouas,
1209 2834 1240 2892 si
1266 2833 1395 2892 celeriter

254 2955 386 3013 promas,
410 2941 471 2998 nisi
492 2941 681 3013 condideris,
709 2947 837 3016 propter
860 2941 1096 3000 amaritudinem
1120 2942 1191 2999 illas
1214 2941 1334 3015 respuit
1349 2955 1393 3013 pa·

257 3048 349 3104 latum
380 3043 535 3105 Victorius.
583 3047 612 3105 in
647 3045 745 3106 vcrltis
778 3049 839 3106 nisi
869 3048 1044 3107 coredideris
1076 3044 1266 3124 corrigendis
1298 3046 1394 3106 frustra

257 3150 466 3211 laboraverunt
489 3151 627 3213 editores.
670 3153 716 3212 his
740 3153 863 3213 remotis
887 3154 993 3232 scripsi
1017 3156 1099 3214 oleas
1123 3154 1213 3214 albas
1235 3171 1315 3228 quas
1336 3168 1393 3212 con·

258 3261 380 3332 elidaris,
400 3276 494 3318 nouas
517 3262 545 3319 si
567 3263 709 3321 celeriter
729 3278 863 3341 promas,
878 3267 1007 3336 propter
1026 3262 1269 3321 amaritudinem
1291 3260 1393 3335 respuit
1429 3244 1431 3271 ²

253 3369 400 3442 palatum.
434 3385 468 3424 ox
489 3365 611 3426 duobus·
624 3366 784 3445 perietibus
803 3366 944 3447 olearum,
963 3385 1039 3446 quae
1059 3367 1197 3428 conditae
1216 3375 1298 3447 sunt,
1316 3364 1393 3445 allae,

256 3474 325 3533 dum
351 3492 442 3532 irrisae
467 3481 549 3553 sunt,
573 3476 694 3535 omnino
724 3493 782 3534 non
811 3474 1004 3555 promendae,
1029 3475 1144 3556 nigrae,
1170 3476 1196 3535 si
1220 3492 1316 3535 novae
1337 3490 1393 3552 pro

258 3588 388 3658 rntrntnr,
413 3581 495 3657 prins
519 3580 578 3639 sale
604 3581 794 3642 macerandae
819 3589 898 3663 sunt,
921 3589 954 3641 nt
977 3580 1106 3642 libenter
1127 3581 1269 3643 edantur.

344 3684 470 3746 LXIX?
503 3686 629 3747 Narrat
666 3687 706 3747 ab
745 3691 868 3749 nescio
905 3706 972 3767 quo
1004 3706 1221 3767 percussum
1255 3685 1392 3750 cultello

257 3791 461 3853 concidisse
486 3812 587 3872 quem
612 3797 793 3873 quiesset
820 3794 1112 3856 animaduertere
1140 3797 1177 3856 in
1202 3795 1310 3857 turba
1336 3811 1394 3855 nort

257 3899 434 3978 potuisse]
467 3900 499 3960 Si
522 3903 636 3980 integra
660 3902 732 3963 hacc
757 3911 842 3984 sunt,
865 3904 943 3965 sicut
970 3905 1000 3963 in
1030 3903 1194 3984 archetypo
1222 3903 1395 3984 legebantur,

255 4008 310 4068 hoc
335 4009 407 4069 dicit
430 4007 569 4088 libertus,
593 4028 625 4069 se
648 4011 678 4069 in
703 4009 790 4070 turha
814 4010 1049 4072 animadvertere
1079 4029 1137 4071 non
1163 4014 1316 4094 potuisse,
1338 4011 1397 4090 quis

254 4133 416 4195 percussus
445 4124 537 4196 esset,
565 4126 667 4197 postea
695 4128 852 4198 patronum
885 4119 1076 4180 interiectum
1109 4136 1180 4180 esse
1214 4119 1397 4183 intellexisse.

255 4225 352 4301 aptius
381 4231 478 4281 tamen
506 4224 648 4302 procedet
676 4228 783 4305 oratio,
813 4228 838 4285 si
865 4224 1008 4286 scribitur
1035 4233 1149 4287 narrat
1177 4237 1345 4305 patronum
1366 4226 1399 4286 al

255 4332 356 4388 nescio
380 4347 437 4403 qaia
458 4349 635 4406 percussum
660 4334 779 4392 creltetta
802 4335 981 4407 concidisse,
1005 4349 1092 4407 quem
1115 4336 1175 4408 aui
1198 4342 1278 4397 esset
1300 4352 1363 4414 sqq.

344 4434 363 4496 3
387 4435 456 4497 Nec
480 4438 509 4496 si
533 4456 610 4497 eum
634 4455 780 4498 seruarc
805 4457 871 4499 non
891 4441 1189 4559 potuissetffquin
1209 4460 1280 4531 non
1299 4441 1402 4503 multo

1100 4530 1149 4581 'ray
1195 4522 1222 4569 n*
