2874 4994
143 303 209 368 274
484 308 674 364 ΟΟΜΜΕΝΤ.
694 308 734 362 IN
751 305 941 363 VARRONIS

143 466 297 546 archetypi
315 463 471 525 lectionem
491 461 640 524 Victorius
658 464 799 544 restituit,
822 461 875 524 sed
893 463 956 524 sint
974 479 1012 524 ex
1030 459 1132 523 Aldina
1149 459 1243 524 editione
1305 496 1307 505 ·

144 575 278 635 retinuit.
324 580 354 632 et
382 572 477 651 aptior
504 569 561 631 hoc
589 570 654 630 laco
678 570 794 631 videtur
825 587 890 631 csse
918 569 1126 630 coniunctlnus
1143 569 1172 630 in
1188 586 1245 649 prae

145 683 239 761 ceptis
262 679 299 740 dc
326 677 532 757 rnessotrophio
557 677 775 758 constituendo,
797 695 885 757 quam
909 675 1097 738 indicativus.
1130 675 1176 737 sod
1190 694 1246 757 pue

143 795 225 849 terea
254 795 325 848 ante
354 805 391 847 ea
418 786 608 846 retinendum
635 794 713 846 erat:
740 791 863 865 apparet
890 785 970 845 enim
997 800 1104 864 porum
1131 790 1191 862 apto
1209 782 1249 844 oliti

145 903 217 956 ante
239 913 292 956 eas
315 895 491 955 vesticulam
520 911 640 968 earam,
668 901 701 953 ut
729 891 765 952 ad
794 889 1022 972 significandum
1050 889 1146 951 locum
1166 891 1250 969 inquo

141 1019 212 1061 aves
239 1000 372 1062 habitant
400 1003 481 1080 ipsae
505 1019 573 1061 aves
602 999 764 1079 appellatae
792 1000 861 1061 sint.
906 1001 1007 1078 itaque
1035 998 1143 1078 scripsi
1166 1000 1252 1073 mana

143 1111 310 1169 secandam
326 1110 476 1184 parictem
499 1110 560 1167 sint
579 1114 658 1167 tecta
682 1107 805 1181 cubilia,
828 1112 901 1167 ante
923 1122 961 1166 ea
983 1106 1158 1166 vestibulum
1174 1121 1253 1166 camon

144 1222 354 1290 exaequatam.
392 1232 568 1293 quamquam
592 1215 704 1275 rectius
723 1220 787 1275 crat
810 1215 862 1294 sic,
885 1213 1000 1275 cniiiia
1019 1228 1136 1288 carano,
1157 1219 1256 1273 antem

144 1323 321 1384 nestibulum
345 1328 557 1397 exaequatum.
603 1321 740 1381 similiter
761 1320 800 1380 dc
828 1319 944 1399 gallinis
967 1337 1059 1398 supra
1082 1315 1149 1401 9,7
1174 1319 1258 1398 scripto

144 1437 215 1490 sunt
237 1428 324 1504 lnaec,
354 1432 385 1489 in
405 1433 527 1506 pariete
554 1431 680 1489 esclusa
707 1432 769 1490 sint
791 1430 906 1490 cubilia
929 1444 1052 1489 carram:
1082 1433 1153 1488 ante
1172 1428 1260 1506 nitet

143 1539 218 1611 ami,
241 1537 419 1598 vestibulum
442 1543 586 1612 saeptam.
1264 1544 1267 1549 ’

231 1641 374 1703 Caralis
398 1644 432 1702 iu
456 1660 557 1721 quam
582 1649 617 1702 et
640 1640 743 1703 cibus
766 1643 915 1720 ponitur
939 1644 972 1702 in
1004 1644 1050 1702 iis
1074 1649 1109 1702 et
1136 1642 1262 1702 inmitti·

143 1757 202 1811 tur
221 1747 324 1828 aqua]
341 1751 377 1810 In
393 1767 482 1824 anam
503 1755 532 1810 ct
551 1751 637 1810 cibus
652 1752 778 1826 ponitur
798 1755 827 1810 ct
847 1752 1017 1810 immittitur
1030 1767 1113 1824 aqna
1127 1747 1264 1827 iucundus,

143 1861 175 1918 in
203 1872 294 1932 qaam
318 1864 348 1916 et
370 1858 456 1917 cibus
475 1859 602 1933 panitur
625 1859 662 1917 iis
686 1875 751 1935 sqq.
775 1854 932 1917 Victorius.
978 1859 1009 1916 in
1033 1873 1124 1931 qnam
1148 1862 1177 1915 et
1199 1855 1266 1915 ciinn

143 1965 300 2040 inponitur
323 1966 360 2023 iis
384 1965 499 2042 scripsi.
547 1966 693 2039 inponere
721 1961 858 2023 similiter
882 1962 995 2023 dictum
1019 1971 1065 2024 cst
1089 1961 1128 2022 lll
1150 1959 1198 2042 14,
1213 1958 1268 2021 isi

144 2073 315 2132 adduxeris
335 2073 441 2143 fistula
469 2073 551 2130 etin
577 2088 643 2130 cam
672 2073 850 2130 mammillas
878 2073 1057 2146 inposueris.
1104 2087 1166 2130 rem
1192 2070 1266 2147 ipsam

143 2196 201 2239 una
221 2195 289 2238 cum
309 2174 415 2256 pabulo
435 2177 565 2236 analium
585 2178 753 2236 accuratius
772 2175 931 2254 descripsit
945 2173 1107 2236 Columella
1121 2174 1185 2235 Vlll
1200 2169 1268 2252 15‚6

143 2288 244 2346 statim
268 2286 378 2345 deinde
397 2290 564 2360 perpetuas
588 2285 779 2344 canaliculus
797 2267 882 2342 hami
899 2284 1060 2358 depressas
1081 2287 1269 2352 constrantur,

124 2410 199 2468 ,per
221 2409 309 2466 quem
328 2393 547 2452 cotidie-miser·
564 2408 632 2450 cum
651 2407 733 2464 aqua
754 2391 817 2450 cibi
834 2392 1019 2450 decurrant:
1040 2391 1087 2450 sic
1102 2391 1180 2449 enim
1190 2387 1267 2464 pain·

144 2501 228 2558 latur
251 2501 286 2558 id
305 2515 402 2573 penus
426 2499 534 2557 aniam.
575 2499 753 2572 cratissima
784 2503 827 2556 est
850 2514 921 2557 esca
950 2497 1107 2557 terrestris
1130 2494 1268 2571 icquminis

141 2608 287 2682 panicum
306 2613 335 2665 ct
353 2606 466 2664 milium
490 2621 547 2664 nec
565 2622 625 2664 non
645 2611 676 2664 ct
692 2605 847 2664 incrdcnm.
885 2605 941 2664 scd
952 2604 1007 2663 ordi
1022 2605 1112 2679 copia
1127 2607 1179 2682 est,
1196 2603 1268 2662 ctiam

141 2714 232 2785 alans
251 2728 289 2770 cc
309 2712 438 2770 vinacea
455 2712 653 2785 praebentur.
691 2712 835 2785 aquatilis
854 2716 954 2770 antem
973 2711 1037 2771 cibi
1053 2712 1082 2769 si
1094 2711 1134 2769 sit
1143 2707 1268 2784 scenitas

144 2818 239 2877 datar
268 2832 441 2876 cammarus
464 2823 493 2876 et
516 2819 622 2877 rivalis
644 2818 804 2890 nallecnia,
828 2819 876 2876 ael
900 2818 989 2890 siqua
1011 2823 1083 2877 snnt
1112 2814 1270 2877 incrementi

140 2925 236 3000 parvi
245 2925 410 2997 flaviarum
429 2926 584 2984 animalia.
616 2925 688 2984 item
708 2941 832 3003 geopon.
851 2920 915 2983 xlv
933 2918 986 3003 23,
1001 2919 1021 2982 2
1039 2914 1172 3004 τροφὴν
1190 2913 1222 2982 dl
1233 2916 1269 2989 εἰς

145 3019 262 3109 ὀχετὸν
281 3020 404 3104 ὕδατος
425 3024 606 3110 indiction
627 3038 720 3092 σῖτον
737 3020 914 3111 ἣκέγχρον
934 3017 1092 3111 ἢκριθὰς
1110 3016 1131 3107 ἢ
1150 3026 1268 3108 γίγαρτα

144 3131 375 3217 πεφυραμένα,
399 3131 506 3198 διὰδὲ
530 3133 656 3217 χρόνου
678 3128 770 3210 τινὸς
791 3131 846 3197 καὶ
865 3127 1005 3217 ἀκρίδας
1024 3123 1044 3215 ἢ
1063 3132 1210 3217 καρίδας,
1224 3125 1267 3191 nai

144 3236 207 3303 ica
236 3243 373 3324 λιμναῖα
402 3232 422 3323 ἢ
455 3236 600 3325 ποτάμια
632 3237 764 3316 τούτοις
789 3235 1002 3325 παραπλήσια
1034 3235 1176 3304 εἰώθασι
1205 3242 1268 3318 lap·

143 3341 272 3428 βάνειν.
305 3394 308 3400 -

233 3454 254 3517 3
291 3455 339 3516 Nc
373 3476 413 3517 eo
447 3457 610 3518 inuolare
644 3456 764 3537 aquila
799 3459 917 3537 possit
948 3475 1040 3519 neue
1073 3476 1111 3518 ea
1144 3456 1270 3540 euolare

145 3559 245 3638 annas]
281 3564 361 3623 Neve
388 3582 428 3624 ex
456 3583 494 3626 ca
522 3569 644 3628 evolare
672 3565 750 3626 edita
778 3565 847 3625 iude
875 3582 891 3625 a
918 3567 1053 3645 principe
1081 3563 1208 3625 editione
1231 3579 1270 3622 en·

145 3666 293 3745 emplaria.
340 3668 437 3730 deletu
460 3674 635 3751 pronomine
659 3690 705 3752 ca,
729 3671 808 3750 quud
833 3689 930 3750 neque
953 3671 989 3731 ad
1012 3680 1108 3732 retem
1134 3667 1272 3730 commode

145 3773 254 3832 reterri
277 3781 376 3851 potest
404 3795 501 3855 neqnnc
531 3795 586 3856 pro
616 3777 753 3838 adverbio
781 3775 898 3858 haberi,
926 3779 1032 3856 scripsi
1059 3795 1135 3838 nece
1160 3779 1273 3838 coelare.

145 3878 256 3939 Colum.
276 3878 340 3939 Vlll
362 3879 445 3963 15,1
470 3887 554 3945 locas
573 3888 686 3961 planas
710 3888 834 3960 elicitur
853 3887 937 3960 isque
961 3886 1099 3945 munitur
1120 3885 1275 3946 sublimiter

141 3989 253 4062 pedum
276 3991 450 4062 qaindecim
470 3995 616 4073 maceria,
640 3994 750 4053 deinde
769 3995 875 4053 clatris
893 3989 1092 4068 superpositis
1110 3990 1276 4069 celerandi

144 4097 265 4154 maenia
294 4097 410 4155 retibus
438 4101 623 4174 contenitur,
652 4118 696 4161 nc·
718 4106 774 4160 ant
801 4100 943 4160 evolandi
968 4102 1009 4160 sit
1032 4105 1168 4175 potestas
1190 4101 1274 4160 dome

145 4201 229 4258 sticis
253 4201 359 4259 avidas
382 4208 436 4260 ant
459 4206 569 4277 aquilis
593 4213 622 4267 ct
645 4206 845 4282 accipitribus
868 4207 1032 4266 innodandi.

234 4302 406 4377 Pabulum
429 4310 474 4368 iis
499 4311 604 4370 datur
628 4313 791 4372 triticum
815 4310 987 4374 hordeum
1012 4314 1158 4373 uinacei
1181 4306 1272 4384 uuae]

151 4407 231 4471 Uvae
244 4410 401 4475 delendum
417 4426 467 4478 aut
488 4422 612 4481 vinacei
623 4437 664 4480 cn·
677 4438 736 4481 naa
756 4417 947 4482 scribendum
967 4437 1034 4480 esse
1052 4421 1170 4482 monuit
1182 4418 1271 4480 Ponte
