2874 4994
259 323 309 378 DE
328 323 418 378 AGRI
436 323 768 380 curvaturarum
788 323 817 380 C.
839 320 1013 380 156-157
1145 316 1210 381 173

120 476 262 557 pellantur,
294 482 339 540 sic
372 498 451 555 quae
481 488 632 541 uocantur
663 464 774 557 septem
802 482 881 541 bona
911 483 942 540 in
969 483 1209 559 commisturam,

120 592 178 646 tara
204 589 306 647 omnia
334 587 411 647 baec
438 588 530 650 babet
558 589 710 661 brassica,
742 604 816 666 quae
846 588 884 647 ita
913 589 1127 665 interpretatus
1156 598 1209 668 est,

121 710 146 751 m
177 701 290 771 septem
324 694 384 753 sint
413 693 567 755 facultates
596 694 880 755 medicamentorum
910 693 1101 774 simplicium,
1134 711 1209 773 quae

120 798 194 875 pulae
224 800 286 859 iere
315 800 439 879 singuiis
467 804 582 881 insunt,
616 801 843 862 commiscendis
871 801 1011 881 proinde,
1039 802 1064 859 si
1092 818 1141 860 res
1168 802 1208 859 ita

120 916 153 967 rt:
175 925 224 967 eas
247 909 403 968 universas
422 908 511 969 simul
528 915 660 987 praestat
679 907 818 987 brassica,
841 908 930 986 digna
949 907 1024 987 ideo,
1048 925 1123 986 quae
1143 908 1208 966 uni·

120 1013 185 1077 uelis
208 1015 372 1075 medicinae
397 1014 495 1076 locum
518 1011 644 1076 subeat'.
681 1017 781 1094 inepta
805 1024 875 1075 sunt
898 1033 972 1095 quae
993 1012 1138 1074 Trillerus
1157 1012 1208 1073 ob·

120 1130 171 1181 'at
193 1120 229 1179 tv
249 1119 290 1182 27
315 1142 342 1200 p.
363 1120 427 1183 466
457 1124 598 1204 coniecit,
625 1125 680 1184 sed
706 1133 785 1198 quae
812 1129 966 1198 vapantur
993 1128 1104 1198 septem
1127 1124 1206 1182 bana

120 1232 410 1302 mauraneum
434 1233 535 1291 omnia
558 1233 636 1290 baec
658 1231 750 1290 babet
772 1231 920 1290 brassica.
967 1230 1003 1289 de
1028 1227 1158 1290 brassica
1182 1230 1208 1288 is

120 1353 154 1394 m
177 1335 246 1395 Cato
270 1338 301 1396 in
325 1336 379 1396 hac
399 1346 483 1416 parte
502 1345 654 1397 auctorem
673 1345 795 1396 secutus
815 1344 877 1397 erat
896 1335 969 1396 haec
989 1335 1051 1396 iere
1070 1335 1207 1396 docuisse

124 1450 189 1524 tur,
212 1442 374 1503 brassicam
397 1463 464 1505 cum
489 1443 600 1525 calore,
628 1443 656 1504 b.
680 1462 706 1504 e.
730 1445 818 1503 variis
841 1445 911 1503 anni
935 1438 1132 1522 temporibus,
1157 1460 1206 1502 aa·

120 1569 161 1619 ¹ru
183 1568 267 1611 suam
290 1560 473 1610 commutare
497 1552 546 1631 ita,
571 1559 605 1610 ut
628 1549 716 1610 simul
739 1549 821 1609 arida
844 1558 875 1609 et
894 1550 993 1610 umida
1013 1558 1043 1609 et
1064 1549 1159 1610 dulcis
1178 1560 1208 1610 et

120 1674 162 1717 ra
185 1666 214 1717 et
238 1659 315 1716 acris
339 1666 432 1738 esset3
456 1656 508 1717 sed
533 1660 661 1736 quaein
685 1656 750 1717 aliis
770 1657 993 1718 medicamentis
1012 1659 1206 1717 commixtura

120 1780 142 1822 a
164 1766 295 1825 inessent
318 1765 404 1847 bona,
428 1784 461 1825 ea
485 1768 581 1826 omnia
606 1775 709 1826 natura
723 1767 762 1825 ‘iu
782 1783 814 1825 se
833 1764 943 1826 habere
963 1764 1132 1825 brassicam.
1171 1763 1206 1823 ad

120 1888 153 1930 m
183 1874 360 1932 sententiam
393 1874 424 1932 in
454 1872 534 1932 huuc
563 1873 683 1933 modum
711 1871 800 1933 verba
828 1871 924 1951 redigi
953 1878 1091 1952 possunt,
1120 1875 1206 1948 prin·

120 1996 174 2037 um
205 1988 235 2040 te
267 1998 451 2054 euanescere
483 1988 612 2056 oportet,
645 1998 724 2055 quae
754 1998 871 2054 ponera
904 1981 1063 2039 brassicae
1090 1981 1150 2039 sint
1178 1986 1208 2039 et

120 2089 233 2147 asmodi
259 2094 404 2146 naturam
431 2088 572 2148 babeant.
618 2091 719 2147 omnia
742 2089 933 2146 adsalutem
957 2094 1105 2164 temperat
1127 2104 1206 2146 com-

121 2201 217 2268 atquc
235 2212 300 2254 sese
317 2211 435 2269 semper
454 2210 522 2253 cum
541 2197 653 2266 calore,
674 2196 766 2254 arida
784 2177 875 2254 simul
891 2202 921 2253 et
939 2196 1042 2254 umida
1062 2201 1091 2255 et
1110 2196 1207 2255 dulcis

120 2318 231 2359 amara
259 2307 288 2361 et
316 2303 408 2360 acris.
458 2302 514 2360 sed
540 2318 619 2374 quae
646 2308 796 2361 uocantur
823 2308 934 2376 septem
961 2302 1040 2360 bona
1069 2303 1100 2361 in
1128 2318 1206 2361 cum·
1324 2368 1329 2379 ,

120 2414 207 2487 aura,
226 2415 341 2466 natura
360 2408 460 2466 omnia
479 2409 556 2466 baec
575 2408 665 2467 babet
683 2408 832 2467 brassica.
863 2406 913 2467 sed
930 2425 1004 2486 quae
1019 2409 1079 2467 sint
1093 2416 1207 2487 septem
1320 2394 1325 2405 ’

120 2532 149 2595 a,
171 2533 246 2593 quae
270 2515 301 2572 in
325 2512 455 2573 brassica
474 2515 572 2573 inesse
597 2513 746 2594 dicuutur,
769 2532 806 2574 ex
828 2515 866 2574 iis
889 2533 965 2592 quae
987 2522 1089 2593 postea
1114 2515 1150 2576 de
1174 2534 1208 2575 ea

120 2623 288 2698 eripiuntur
312 2639 370 2680 non
395 2619 585 2698 intellegitur.

152 2727 251 2788 Nunc
275 2729 329 2787 uti
354 2746 550 2806 cognoscas
574 2736 734 2789 naturam
759 2746 878 2789 earum
903 2731 1015 2808 prima
1039 2737 1093 2791 est
1112 2729 1206 2790 leuis

120 2851 151 2893 re
178 2833 399 2911 nominatur]
424 2834 585 2913 Praecepta
609 2834 728 2895 Catonis
756 2835 792 2896 de
818 2835 949 2896 brassica
973 2839 1071 2915 tetigit
1093 2835 1206 2897 Plinius

120 2938 133 2999 i
150 2937 209 3003 136
234 2944 306 3003 Olus
324 2945 494 3017 caulesque,
513 2944 622 3017 auibus
636 2961 719 3004 nunc
730 2946 925 3020 principatus
939 2947 1105 3019 bortorum,
1125 2946 1210 3021 apud

120 3065 199 3110 accos
224 3053 255 3109 in
278 3051 393 3109 bonore
409 3046 507 3124 [uisse
525 3067 585 3110 non
604 3053 734 3126 reperio.
770 3052 826 3110 sed
847 3051 919 3111 Cato
938 3052 1096 3112 brassicae
1114 3055 1210 3113 miras

120 3159 151 3215 :it
171 3158 291 3231 laudes,
314 3173 391 3230 quas
415 3159 446 3216 in
469 3158 610 3216 medendi
632 3160 697 3217 ioco
720 3159 889 3217 reddemus.
934 3176 1052 3231 penora
1075 3162 1140 3219 eius
1157 3156 1209 3237 [α-

141 3267 268 3324 catcatis
288 3261 372 3338 soliis
396 3266 485 3323 caule
508 3280 627 3342 mapno,
651 3266 780 3323 aiteram
804 3267 906 3340 crispo
927 3262 1011 3345 solio,
1034 3283 1125 3340 quarn
1144 3268 1208 3342 api·
1256 3241 1261 3254 ⁸

120 3387 154 3428 rm
176 3364 337 3453 (apianam
359 3368 452 3428 codex
471 3367 624 3430 Parisinus
643 3365 740 3451 6795,
764 3375 924 3448 appiacam
944 3364 1067 3453 reliqui)
1092 3379 1209 3447 uacant,

120 3479 184 3537 tiam
208 3479 331 3537 minutas
354 3479 494 3537 caulibus
517 3481 613 3538 lenem
636 3483 772 3538 teneram
795 3482 975 3553 minimeque
994 3479 1115 3555 probat.
1161 3497 1208 3538 ex-

120 3594 165 3660 pta
185 3591 298 3645 mutato
318 3583 421 3644 ordine
440 3602 546 3662 parum
565 3591 703 3645 accurate
721 3588 822 3663 posuit
840 3583 893 3645 XX
910 3582 962 3666 80,
985 3586 1058 3647 Cato
1077 3588 1209 3663 crispam

120 3695 194 3752 aime
210 3693 331 3768 probat,
351 3694 422 3752 dein
440 3695 533 3752 leuem
545 3693 718 3766 arcadibus
730 3691 814 3767 soliis
829 3697 918 3753 caule
931 3711 1049 3767 mapno.
1073 3689 1162 3775 (157,
1173 3687 1209 3776 6)

120 3799 205 3860 »desse
228 3802 326 3859 tradit
348 3803 459 3876 capitis
478 3801 641 3874 doloribus,
665 3804 822 3860 oculorum
842 3803 971 3874 calipini
987 3802 1209 3862 scintillationi-

120 3919 129 3958 2
158 3898 494 3989 (scintillationibusquc
531 3907 638 3967 codex·
655 3905 809 3966 Parisinus
842 3899 944 3989 6795)
977 3911 1025 3967 uei
1054 3909 1208 3967 stomacbo

120 4012 403 4088 intibatianibusque
425 4016 500 4074 lieni
517 4017 672 4075 stomacbo
691 4005 844 4094 editores),
864 4014 1060 4089 praecordiis
1079 4015 1209 4072 crudam

137 4129 217 4181 aceto
246 4138 284 4181 ac
311 4125 397 4181 melle
423 4123 589 4182 coriandro
612 4130 685 4181 ruta
708 4128 809 4182 menta
832 4123 942 4180 laseris
964 4120 1108 4180 radicula
1130 4136 1208 4180 sum·

120 4240 148 4284 rm
173 4228 341 4287 acetabulis
368 4230 484 4288 duobus
512 4231 671 4302 matutina,
702 4235 878 4301 tantamque
905 4243 969 4287 esse
995 4229 1068 4301 uim,
1095 4232 1130 4287 ut
1156 4230 1210 4302 qui

121 4339 149 4392 at
168 4337 246 4396 baec
269 4337 448 4396 ualidiorem
467 4338 541 4408 lieri
561 4353 595 4396 se
616 4337 736 4396 sentiat.
781 4350 856 4409 erpo
878 4337 927 4394 uel
947 4350 1016 4394 cum
1038 4334 1086 4396 bis
1104 4336 1208 4395 tritam

120 4440 246 4503 *bendum
285 4444 334 4501 uei
367 4460 407 4503 ea
438 4445 495 4503 boc
528 4444 656 4502 intincta
688 4444 878 4522 sumendam,
910 4443 1072 4519 poaaprae
1108 4451 1208 4503 autem
