2874 4994
323 346 454 402 RERVM
471 346 711 402 Rvsutonnvn
728 347 796 403 LIB.
815 348 828 401 1
848 344 923 402 7-8
1151 338 1194 404 35

147 500 248 568 VIIII
290 504 420 579 loquum
452 510 482 563 et
510 503 558 564 hic
590 512 620 564 et
642 512 744 584 postea
767 499 836 585 9,1
863 521 921 564 non
945 502 981 563 ad
1004 505 1102 583 ipsum
1125 501 1194 562 Var-

29 626 160 675 ronem
185 609 377 671 referendum
406 628 485 691 esse,
514 610 567 671 sed
597 610 632 670 ad
662 609 809 692 Scrofam,
837 611 987 691 intelleget
1014 612 1194 690 quicumque

33 718 199 781 rationem
221 718 352 778 instituti
376 719 522 778 sermonis
544 720 741 798 perspexerit

105 851 112 858 ·
148 823 241 885 iliae
273 816 366 885 enim
394 824 548 886 humiles
576 843 614 886 ac
644 827 720 886 sine
743 811 878 887 'ridicis
906 833 944 887 ut
971 827 1006 885 in
1034 823 1195 904 hispania

45 932 147 991 aliae
168 930 340 995 sublimes
360 941 398 992 ut
416 950 506 1011 quae
525 930 756 1012 appellantur
776 932 919 1010 iugatae
943 941 980 993 ut
998 932 1195 1013 pleraeque

47 1038 82 1096 iu
115 1037 214 1099 italia
238 1041 343 1099 cuius
367 1040 510 1099 nomina
534 1038 601 1100 duo
630 1038 839 1118 pedamenta
868 1047 902 1100 ct
930 1038 1030 1119 iuga]
1060 1042 1195 1113 Quorum

50 1148 178 1206 nomino
201 1164 238 1206 ex
262 1146 398 1224 principe
428 1145 557 1206 editione
586 1154 740 1225 receptum
768 1155 840 1206 erat.
877 1148 1048 1207 ridicorurrr
1075 1149 1197 1207 nomino

50 1244 188 1313 Ursinus.
228 1256 317 1313 cuius
338 1256 465 1329 perceris
487 1254 610 1314 nomino
633 1239 762 1332 scripsi
786 1260 940 1332 praetcrea
967 1261 1001 1314 ut
1027 1262 1094 1314 ante
1118 1271 1197 1329 quoe

51 1353 158 1441 deleri,
176 1361 327 1435 sublimes,
348 1377 428 1435 quae
447 1362 640 1438 appellantur
660 1361 793 1435 iugatae,
812 1367 847 1421 art
860 1364 1026 1438 pleraeque
1045 1364 1075 1421 io
1096 1361 1197 1435 italio,

49 1467 139 1525 wius
166 1471 294 1543 perceris
320 1470 444 1528 nomino
473 1469 540 1528 duo.
582 1485 650 1527 nam
685 1468 800 1545 iugatae
828 1467 970 1529 dicuutur
1000 1470 1101 1528 vineae
1129 1466 1198 1528 suh·

47 1565 147 1654 limes,
172 1583 333 1654 propterea
357 1572 436 1653 quod
460 1575 490 1633 in
514 1572 560 1634 his
580 1577 664 1653 vites,
687 1582 720 1635 ut
739 1573 881 1634 sublimes
901 1575 984 1655 liant,
1008 1573 1198 1654 adiugantur3

44 1677 112 1738 sine
140 1683 214 1760 iugo
238 1691 309 1742 sunt
332 1680 468 1762 humiles,
497 1680 576 1760 quod
599 1698 694 1760 genus
717 1679 896 1743 describitur
925 1692 1027 1762 postea
1056 1679 1076 1758 ἓ
1097 1677 1126 1743 5.
1167 1682 1197 1740 in

42 1782 165 1862 iugatis
189 1795 288 1849 autem
312 1789 406 1848 vineis
430 1787 488 1848 dno
512 1796 583 1847 sunt
606 1788 725 1848 nomina
749 1806 850 1849 earum
875 1807 990 1871 rerum,
1018 1788 1126 1868 quibus
1150 1787 1198 1848 ad·

26 1886 207 1976 legantur,
228 1894 404 1974 pedamenta
428 1903 458 1955 et
481 1896 557 1973 iuga.

141 2001 285 2074 Quibus
308 2008 381 2063 stat
404 2002 518 2062 rectis
542 2003 648 2062 uinea
672 2001 844 2064 dicuntur
872 2002 1082 2082 pedamenta
1111 2020 1200 2082 quae

34 2108 271 2171 transuersa
288 2110 489 2188 iunguntur
508 2105 602 2188 iuga]
622 2108 721 2169 Recto
738 2113 831 2170 uinea
851 2109 928 2170 edita
948 2118 1015 2171 ante
1035 2108 1199 2170 Victorium

31 2216 245 2297 exemplaria.
282 2220 367 2292 queis
390 2223 567 2277 transuerso
587 2219 756 2290 turpantur
776 2198 910 2296 Ursinus,
933 2216 1012 2296 quod
1035 2235 1093 2277 non
1113 2216 1200 2277 debe-

30 2311 83 2376 bat
117 2323 259 2402 probare
284 2321 493 2405 Schneiderus,
517 2325 567 2402 qui
592 2321 664 2383 haec
687 2325 728 2383 ita
751 2323 907 2384 scribenda
930 2325 1067 2404 coniecit,
1092 2326 1201 2399 quibus

29 2429 97 2484 stat
138 2438 231 2493 recto
254 2435 352 2505 vineo,
377 2432 523 2492 dicuntur
542 2431 742 2507 pedamenta;
766 2432 833 2506 quis
854 2437 1030 2491 transverso
1054 2433 1202 2506 iungitur,

27 2528 133 2604 maa.
178 2539 229 2600 sed
253 2539 335 2619 iuga,
363 2536 434 2599 dum
458 2544 625 2598 transversa
654 2536 820 2617 adligantur
848 2537 883 2598 ad
913 2536 1086 2617 pedamenta
1110 2546 1201 2618 recta,

27 2633 136 2718 iungi
165 2645 314 2707 cumillis
339 2645 489 2727 dicuntur,
518 2654 548 2706 et
572 2644 709 2706 similiter
732 2644 769 2705 de
791 2644 1009 2706 harundinibus
1037 2647 1067 2706 in
1090 2643 1138 2705 illa
1167 2663 1200 2706 re

29 2737 199 2813 adhibitis
221 2754 375 2834 praecepit
393 2751 552 2814 Columella
572 2752 609 2813 lV
630 2751 713 2834 11,1
734 2755 924 2815 harundines
939 2755 1082 2832 pluribus
1100 2755 1200 2830 operis

28 2846 220 2936 furantur,
253 2865 394 2936 quonium
427 2868 457 2922 et
484 2863 627 2938 pluribus
657 2862 731 2921 locis
764 2867 937 2922 nectuntur.
980 2866 1131 2939 praeterea
1165 2859 1199 2919 de

27 2949 183 3026 ablativo
211 2986 281 3029 casu
309 2969 493 3048 pronominis
521 2965 650 3048 relativi,
676 2969 708 3027 in
736 2985 795 3046 quo
825 2969 942 3046 saepius
972 2973 1104 3027 erratum
1135 2984 1199 3026 esse

32 3059 159 3155 video,
180 3074 237 3136 hoc
259 3073 440 3141 monendum
465 3082 520 3155 est,
542 3072 678 3134 breviore
703 3073 796 3133 forma
815 3076 882 3149 quis
901 3071 1062 3133 Varronem
1081 3075 1201 3134 omnino

31 3179 152 3241 “Sum
179 3200 238 3242 non
266 3200 332 3244 esse
362 3183 421 3243 nisi
450 3199 518 3242 cum
546 3178 830 3260 praepositionibus:
862 3197 882 3238 o
910 3182 989 3254 ques,
1018 3183 1049 3240 io
1078 3183 1144 3255 quis
1172 3189 1203 3240 et

25 3282 185 3349 maxime
212 3309 230 3351 e
253 3292 321 3366 quis
349 3307 436 3367 saepe
465 3287 539 3349 dixit
567 3296 597 3347 et
624 3288 655 3346 in
684 3286 729 3346 his
752 3285 838 3346 libris
866 3284 955 3346 etde
983 3285 1080 3364 lingua
1104 3285 1201 3348 latina.

151 3393 171 3456 2
202 3397 373 3457 Derecto
366 3413 396 3455 rn
424 3394 583 3474 archetypo
615 3394 759 3473 scriptum
789 3393 844 3453 luit
874 3388 1044 3471 et113‚6
1069 3396 1201 3468 derr'pos,

30 3474 90 3565 ¹8,
124 3500 148 3562 1
172 3505 293 3580 derr'prt,
315 3499 368 3584 40,
384 3499 404 3563 6
427 3510 458 3561 et
481 3498 572 3582 1115,
586 3496 607 3561 9
632 3503 795 3577 derectum,
820 3510 923 3561 contra
942 3497 1004 3580 l4,
1021 3499 1036 3559 l
1058 3502 1202 3582 derepere,

26 3578 56 3643 Π
80 3594 120 3658 9
124 3605 173 3687 3
197 3613 323 3672 derectos
347 3608 427 3669 nullo
451 3607 630 3668 discrimine

152 3715 244 3777 llaec
268 3714 331 3778 ubi
353 3716 453 3776 domo
480 3721 678 3775 nascuntur
705 3715 810 3774 uinea
838 3733 905 3775 non
930 3716 1058 3776 metuit
1086 3732 1202 3794 sump-

24 3799 217 3884 tu¹11ubi
240 3821 348 3885 nrulta
372 3829 408 3883 ct
430 3823 632 3901 propinqua
656 3818 778 3880 uillam
802 3839 871 3881 non
895 3821 1016 3899 ualde]
1042 3823 1141 3884 Multo
1164 3841 1204 3884 erc

22 3917 233 4007 WOpr'nquo
261 3933 333 3991 villo
360 3936 442 3990 recte
474 3926 634 3988 iucundus.
671 3945 738 3987 nam
772 3935 804 3987 ut
831 3929 914 3987 vinea
943 3937 1115 4006 sumptuosa
1144 3948 1203 3989 non

30 4024 118 4107 est,
151 4038 174 4096 si
201 4055 237 4121 ea
265 4034 374 4115 quibus
402 4051 477 4114 opus
501 4042 546 4094 est
570 4031 637 4093 ad'
629 4051 696 4112 ruga
726 4032 858 4093 iacienda
882 4034 982 4114 domo,
1010 4033 1066 4093 hoc
1094 4042 1140 4094 est
1168 4054 1203 4095 ex

33 4129 128 4197 11181)
152 4143 252 4225 lundo,
275 4152 447 4221 nascuntur,
471 4142 511 4201 ita
531 4157 590 4199 non
609 4139 692 4199 valde
713 4149 894 4223 sumptuosa,
918 4141 943 4200 si
968 4139 1058 4201 multa
1077 4159 1113 4201 cx
1136 4159 1204 4220 pro·

37 4229 172 4329 Plssqoa
196 4249 275 4332 villa,
303 4250 359 4310 hoc
388 4258 435 4309 est
462 4267 497 4308 ex
526 4246 591 4307 loco
619 4264 679 4306 non
702 4245 789 4326 longe
814 4254 937 4330 remoto,
964 4257 1115 4328 parantur.

149 4356 171 4420 4
204 4355 240 4419 ln
268 4354 527 4418 hardulatione
560 4356 594 4413 in
623 4351 721 4431 licis]
756 4354 792 4414 In
819 4356 1079 4418 horundulotr'ooc
1111 4376 1144 4418 er
1175 4377 1204 4418 m

56 4451 155 4528 edidit
176 4465 329 4528 Iucundus
352 4474 382 4526 et
401 4461 509 4523 deinde
533 4459 640 4540 reliqui
659 4459 799 4543 editores,
818 4461 896 4540 quod
916 4460 953 4523 de
972 4465 1062 4524 ramis
1080 4465 1204 4525 ficorum

957 4570 971 4596 n
978 4564 993 4596 1
