<?xml version="1.0" encoding="UTF-8"?>
<!DOCTYPE html PUBLIC "-//W3C//DTD XHTML 1.0 Transitional//EN"
    "http://www.w3.org/TR/xhtml1/DTD/xhtml1-transitional.dtd">
<html xmlns="http://www.w3.org/1999/xhtml" xml:lang="en" lang="en">
 <head>
  <title>
</title>
<meta http-equiv="Content-Type" content="text/html;charset=utf-8" />
  <meta name='ocr-system' content='tesseract 3.04.00' />
  <meta name='ocr-capabilities' content='ocr_page ocr_carea ocr_par ocr_line ocrx_word'/>
</head>
<body>
  <div class='ocr_page' id='page_1' title='image "./mporcicatonisde00keilgoog_0017.png"; bbox 0 0 2874 4994; ppageno 0'>
   <div class='ocr_carea' id='block_1_1' title="bbox 129 334 804 392">
    <p class='ocr_par' dir='ltr' id='par_1_1' title="bbox 129 334 804 392">
     <span class='ocr_line' id='line_1_1' title="bbox 129 334 804 392; baseline 0.004 -4"><span class='ocrx_word' id='word_1_1' title='bbox 129 334 194 389; x_wconf 90' lang='lat' dir='ltr'><em>Vlll</em></span> <span class='ocrx_word' id='word_1_2' title='bbox 601 335 804 392; x_wconf 79' lang='lat' dir='ltr'>PRAEFATIO</span> 
     </span>
    </p>
   </div>
   <div class='ocr_carea' id='block_1_2' title="bbox 70 503 1277 4495">
    <p class='ocr_par' dir='ltr' id='par_1_2' title="bbox 70 503 1277 4495">
     <span class='ocr_line' id='line_1_2' title="bbox 131 503 1275 584; baseline 0.002 -22"><span class='ocrx_word' id='word_1_3' title='bbox 131 503 283 563; x_wconf 74' lang='lat' dir='ltr'><strong>codicibus</strong></span> <span class='ocrx_word' id='word_1_4' title='bbox 307 515 373 563; x_wconf 91' lang='lat' dir='ltr'><em>ante</em></span> <span class='ocrx_word' id='word_1_5' title='bbox 397 522 465 563; x_wconf 91' lang='lat' dir='ltr'><em>cum</em></span> <span class='ocrx_word' id='word_1_6' title='bbox 489 504 679 564; x_wconf 78' lang='lat' dir='ltr'>adnotaverat</span> <span class='ocrx_word' id='word_1_7' title='bbox 704 523 761 563; x_wconf 80' lang='lat' dir='ltr'><em>tion</em></span> <span class='ocrx_word' id='word_1_8' title='bbox 787 504 938 584; x_wconf 89' lang='lat' dir='ltr'><em>hahuisse,</em></span> <span class='ocrx_word' id='word_1_9' title='bbox 967 515 1000 566; x_wconf 90' lang='lat' dir='ltr'><em>ut</em></span> <span class='ocrx_word' id='word_1_10' title='bbox 1022 506 1126 566; x_wconf 91' lang='lat' dir='ltr'><em>hahuit</em></span> <span class='ocrx_word' id='word_1_11' title='bbox 1149 524 1219 565; x_wconf 89' lang='lat' dir='ltr'><em>sane</em></span> <span class='ocrx_word' id='word_1_12' title='bbox 1245 508 1275 564; x_wconf 90' lang='lat' dir='ltr'><em>in</em></span> 
     </span>
     <span class='ocr_line' id='line_1_3' title="bbox 132 600 1271 682; baseline 0.003 -22"><span class='ocrx_word' id='word_1_13' title='bbox 132 601 288 661; x_wconf 77' lang='lat' dir='ltr'><em>l‘andectis</em></span> <span class='ocrx_word' id='word_1_14' title='bbox 313 600 448 665; x_wconf 89' lang='lat' dir='ltr'><em>Politiani</em></span> <span class='ocrx_word' id='word_1_15' title='bbox 475 609 613 680; x_wconf 87' lang='lat' dir='ltr'><em>excerpta</em></span> <span class='ocrx_word' id='word_1_16' title='bbox 640 620 674 661; x_wconf 90' lang='lat' dir='ltr'><em>ex</em></span> <span class='ocrx_word' id='word_1_17' title='bbox 700 600 871 662; x_wconf 87' lang='lat' dir='ltr'><em>Florentino</em></span> <span class='ocrx_word' id='word_1_18' title='bbox 896 603 997 663; x_wconf 87' lang='lat' dir='ltr'><em>codice</em></span> <span class='ocrx_word' id='word_1_19' title='bbox 1022 605 1106 664; x_wconf 87' lang='lat' dir='ltr'><em>iacta.</em></span> <span class='ocrx_word' id='word_1_20' title='bbox 1153 622 1210 682; x_wconf 84' lang='lat' dir='ltr'><em>qua</em></span> <span class='ocrx_word' id='word_1_21' title='bbox 1235 604 1271 663; x_wconf 89' lang='lat' dir='ltr'><em>de</em></span> 
     </span>
     <span class='ocr_line' id='line_1_4' title="bbox 132 698 1274 760; baseline 0.001 -2"><span class='ocrx_word' id='word_1_22' title='bbox 132 718 163 758; x_wconf 85' lang='lat' dir='ltr'><em>ce</em></span> <span class='ocrx_word' id='word_1_23' title='bbox 183 699 267 759; x_wconf 87' lang='lat' dir='ltr'><em>etde</em></span> <span class='ocrx_word' id='word_1_24' title='bbox 287 701 368 759; x_wconf 81' lang='lat' dir='ltr'><em>omiti</em></span> <span class='ocrx_word' id='word_1_25' title='bbox 386 699 442 758; x_wconf 90' lang='lat' dir='ltr'><em>hoc</em></span> <span class='ocrx_word' id='word_1_26' title='bbox 462 699 561 759; x_wconf 88' lang='lat' dir='ltr'><em>studio</em></span> <span class='ocrx_word' id='word_1_27' title='bbox 581 698 719 760; x_wconf 84' lang='lat' dir='ltr'><em>Politiani</em></span> <span class='ocrx_word' id='word_1_28' title='bbox 737 701 767 758; x_wconf 94' lang='lat' dir='ltr'><em>in</em></span> <span class='ocrx_word' id='word_1_29' title='bbox 787 699 1026 760; x_wconf 81' lang='lat' dir='ltr'>adnotationibus</span> <span class='ocrx_word' id='word_1_30' title='bbox 1046 703 1074 760; x_wconf 94' lang='lat' dir='ltr'><em>in</em></span> <span class='ocrx_word' id='word_1_31' title='bbox 1095 699 1274 759; x_wconf 75' lang='lat' dir='ltr'><em>Columellas</em></span> 
     </span>
     <span class='ocr_line' id='line_1_5' title="bbox 132 793 1275 877; baseline 0.003 -22"><span class='ocrx_word' id='word_1_32' title='bbox 132 795 239 856; x_wconf 88' lang='lat' dir='ltr'><em>librum</em></span> <span class='ocrx_word' id='word_1_33' title='bbox 256 797 463 857; x_wconf 84' lang='lat' dir='ltr'><em>duodecimum</em></span> <span class='ocrx_word' id='word_1_34' title='bbox 479 797 583 857; x_wconf 78' lang='lat' dir='ltr'>scribit</span> <span class='ocrx_word' id='word_1_35' title='bbox 602 797 683 877; x_wconf 85' lang='lat' dir='ltr'><em>haec,</em></span> <span class='ocrx_word' id='word_1_36' title='bbox 699 793 793 870; x_wconf 76' lang='lat' dir='ltr'><em>‘linia</em></span> <span class='ocrx_word' id='word_1_37' title='bbox 807 816 898 874; x_wconf 81' lang='lat' dir='ltr'><em>saepe</em></span> <span class='ocrx_word' id='word_1_38' title='bbox 914 803 944 858; x_wconf 88' lang='lat' dir='ltr'><em>in</em></span> <span class='ocrx_word' id='word_1_39' title='bbox 959 802 1016 860; x_wconf 86' lang='lat' dir='ltr'><em>boc</em></span> <span class='ocrx_word' id='word_1_40' title='bbox 1030 803 1275 860; x_wconf 89' lang='lat' dir='ltr'><em>commentariolo</em></span> 
     </span>
     <span class='ocr_line' id='line_1_6' title="bbox 131 898 1277 976; baseline -0.001 -20"><span class='ocrx_word' id='word_1_41' title='bbox 131 900 245 957; x_wconf 79' lang='lat' dir='ltr'><em>ueteris</em></span> <span class='ocrx_word' id='word_1_42' title='bbox 263 901 446 974; x_wconf 84' lang='lat' dir='ltr'><em>scripturae,</em></span> <span class='ocrx_word' id='word_1_43' title='bbox 467 913 547 970; x_wconf 81' lang='lat' dir='ltr'><em>quac</em></span> <span class='ocrx_word' id='word_1_44' title='bbox 565 904 610 956; x_wconf 88' lang='lat' dir='ltr'><em>est</em></span> <span class='ocrx_word' id='word_1_45' title='bbox 628 899 658 956; x_wconf 91' lang='lat' dir='ltr'><em>in</em></span> <span class='ocrx_word' id='word_1_46' title='bbox 675 903 851 972; x_wconf 87' lang='lat' dir='ltr'><em>peruetusta</em></span> <span class='ocrx_word' id='word_1_47' title='bbox 870 898 947 956; x_wconf 87' lang='lat' dir='ltr'><em>libro</em></span> <span class='ocrx_word' id='word_1_48' title='bbox 968 898 1203 976; x_wconf 83' lang='lat' dir='ltr'><em>Pandeclarnm,</em></span> <span class='ocrx_word' id='word_1_49' title='bbox 1222 900 1277 970; x_wconf 79' lang='lat' dir='ltr'><em>qui</em></span> 
     </span>
     <span class='ocr_line' id='line_1_7' title="bbox 129 993 1275 1073; baseline -0.001 -19"><span class='ocrx_word' id='word_1_50' title='bbox 129 997 250 1071; x_wconf 81' lang='lat' dir='ltr'><em>publice</em></span> <span class='ocrx_word' id='word_1_51' title='bbox 278 998 308 1054; x_wconf 90' lang='lat' dir='ltr'><em>in</em></span> <span class='ocrx_word' id='word_1_52' title='bbox 336 998 396 1055; x_wconf 87' lang='lat' dir='ltr'><em>hoc</em></span> <span class='ocrx_word' id='word_1_53' title='bbox 424 997 501 1056; x_wconf 90' lang='lat' dir='ltr'><em>urbe</em></span> <span class='ocrx_word' id='word_1_54' title='bbox 533 996 712 1067; x_wconf 82' lang='lat' dir='ltr'><strong><em>custoditur,</em></strong></span> <span class='ocrx_word' id='word_1_55' title='bbox 745 997 922 1054; x_wconf 77' lang='lat' dir='ltr'><em>mentionem</em></span> <span class='ocrx_word' id='word_1_56' title='bbox 952 993 1029 1073; x_wconf 83' lang='lat' dir='ltr'><em>feci,</em></span> <span class='ocrx_word' id='word_1_57' title='bbox 1061 1002 1178 1055; x_wconf 81' lang='lat' dir='ltr'><em>reclaam</em></span> <span class='ocrx_word' id='word_1_58' title='bbox 1210 1013 1275 1053; x_wconf 90' lang='lat' dir='ltr'><em>csse</em></span> 
     </span>
     <span class='ocr_line' id='line_1_8' title="bbox 131 1093 1273 1167; baseline -0.001 -15"><span class='ocrx_word' id='word_1_59' title='bbox 131 1097 237 1153; x_wconf 90' lang='lat' dir='ltr'><em>censui</em></span> <span class='ocrx_word' id='word_1_60' title='bbox 258 1097 359 1167; x_wconf 91' lang='lat' dir='ltr'><em>semel,</em></span> <span class='ocrx_word' id='word_1_61' title='bbox 390 1098 478 1154; x_wconf 78' lang='lat' dir='ltr'><em>cicius</em></span> <span class='ocrx_word' id='word_1_62' title='bbox 506 1095 618 1153; x_wconf 87' lang='lat' dir='ltr'><em>indicio</em></span> <span class='ocrx_word' id='word_1_63' title='bbox 642 1095 799 1166; x_wconf 83' lang='lat' dir='ltr'><em>antiquam</em></span> <span class='ocrx_word' id='word_1_64' title='bbox 821 1110 984 1166; x_wconf 81' lang='lat' dir='ltr'><em>veramque</em></span> <span class='ocrx_word' id='word_1_65' title='bbox 1007 1097 1162 1153; x_wconf 85' lang='lat' dir='ltr'><em>lectionem</em></span> <span class='ocrx_word' id='word_1_66' title='bbox 1186 1093 1273 1152; x_wconf 89' lang='lat' dir='ltr'><em>inda-</em></span> 
     </span>
     <span class='ocr_line' id='line_1_9' title="bbox 126 1193 1274 1266; baseline -0.001 -16"><span class='ocrx_word' id='word_1_67' title='bbox 126 1194 276 1265; x_wconf 85' lang='lat' dir='ltr'><em>pouerim,</em></span> <span class='ocrx_word' id='word_1_68' title='bbox 301 1193 478 1251; x_wconf 88' lang='lat' dir='ltr'><em>declarare:</em></span> <span class='ocrx_word' id='word_1_69' title='bbox 501 1208 560 1251; x_wconf 87' lang='lat' dir='ltr'><em>non</em></span> <span class='ocrx_word' id='word_1_70' title='bbox 584 1193 662 1251; x_wconf 88' lang='lat' dir='ltr'><em>enim</em></span> <span class='ocrx_word' id='word_1_71' title='bbox 686 1193 843 1265; x_wconf 73' lang='lat' dir='ltr'><em>exemplar</em></span> <span class='ocrx_word' id='word_1_72' title='bbox 866 1193 963 1265; x_wconf 86' lang='lat' dir='ltr'><em>ipsum</em></span> <span class='ocrx_word' id='word_1_73' title='bbox 985 1208 1102 1266; x_wconf 79' lang='lat' dir='ltr'><em>semper</em></span> <span class='ocrx_word' id='word_1_74' title='bbox 1121 1193 1274 1250; x_wconf 88' lang='lat' dir='ltr'><em>consului:</em></span> 
     </span>
     <span class='ocr_line' id='line_1_10' title="bbox 124 1287 1274 1366; baseline -0.001 -18"><span class='ocrx_word' id='word_1_75' title='bbox 124 1291 180 1349; x_wconf 87' lang='lat' dir='ltr'><em>sed</em></span> <span class='ocrx_word' id='word_1_76' title='bbox 201 1290 297 1348; x_wconf 88' lang='lat' dir='ltr'><em>habui</em></span> <span class='ocrx_word' id='word_1_77' title='bbox 319 1307 448 1349; x_wconf 77' lang='lat' dir='ltr'><em>excusos</em></span> <span class='ocrx_word' id='word_1_78' title='bbox 468 1287 578 1363; x_wconf 84' lang='lat' dir='ltr'><em>formis</em></span> <span class='ocrx_word' id='word_1_79' title='bbox 601 1289 703 1366; x_wconf 90' lang='lat' dir='ltr'><em>libros,</em></span> <span class='ocrx_word' id='word_1_80' title='bbox 726 1304 800 1360; x_wconf 79' lang='lat' dir='ltr'><em>quos</em></span> <span class='ocrx_word' id='word_1_81' title='bbox 823 1306 891 1348; x_wconf 90' lang='lat' dir='ltr'><em>cum</em></span> <span class='ocrx_word' id='word_1_82' title='bbox 910 1292 1044 1363; x_wconf 84' lang='lat' dir='ltr'><em>antiquis</em></span> <span class='ocrx_word' id='word_1_83' title='bbox 1062 1292 1121 1348; x_wconf 89' lang='lat' dir='ltr'><em>illis</em></span> <span class='ocrx_word' id='word_1_84' title='bbox 1141 1290 1274 1362; x_wconf 78' lang='lat' dir='ltr'><em>Ampelos</em></span> 
     </span>
     <span class='ocr_line' id='line_1_11' title="bbox 126 1387 1272 1462; baseline -0.001 -17"><span class='ocrx_word' id='word_1_85' title='bbox 126 1387 295 1446; x_wconf 87' lang='lat' dir='ltr'><em>Politianus</em></span> <span class='ocrx_word' id='word_1_86' title='bbox 318 1389 451 1447; x_wconf 77' lang='lat' dir='ltr'><em>studiose</em></span> <span class='ocrx_word' id='word_1_87' title='bbox 474 1390 543 1447; x_wconf 93' lang='lat' dir='ltr'><em>olim</em></span> <span class='ocrx_word' id='word_1_88' title='bbox 567 1389 752 1457; x_wconf 89' lang='lat' dir='ltr'><em>contulerat,</em></span> <span class='ocrx_word' id='word_1_89' title='bbox 783 1402 892 1459; x_wconf 78' lang='lat' dir='ltr'><em>eosque</em></span> <span class='ocrx_word' id='word_1_90' title='bbox 919 1396 1064 1461; x_wconf 84' lang='lat' dir='ltr'><em>quantum</em></span> <span class='ocrx_word' id='word_1_91' title='bbox 1091 1388 1168 1462; x_wconf 82' lang='lat' dir='ltr'><em>mibi</em></span> <span class='ocrx_word' id='word_1_92' title='bbox 1194 1403 1272 1445; x_wconf 89' lang='lat' dir='ltr'><em>com-</em></span> 
     </span>
     <span class='ocr_line' id='line_1_12' title="bbox 125 1483 1271 1561; baseline 0 -18"><span class='ocrx_word' id='word_1_93' title='bbox 125 1487 243 1544; x_wconf 87' lang='lat' dir='ltr'><em>modum</em></span> <span class='ocrx_word' id='word_1_94' title='bbox 264 1483 334 1559; x_wconf 77' lang='lat' dir='ltr'><em>suit,</em></span> <span class='ocrx_word' id='word_1_95' title='bbox 355 1488 564 1561; x_wconf 70' lang='lat' dir='ltr'><em>pertractanti:</em></span> <span class='ocrx_word' id='word_1_96' title='bbox 589 1487 634 1544; x_wconf 87' lang='lat' dir='ltr'><em>illi</em></span> <span class='ocrx_word' id='word_1_97' title='bbox 656 1487 735 1544; x_wconf 87' lang='lat' dir='ltr'><em>enim</em></span> <span class='ocrx_word' id='word_1_98' title='bbox 758 1501 876 1558; x_wconf 78' lang='lat' dir='ltr'><em>quoque</em></span> <span class='ocrx_word' id='word_1_99' title='bbox 896 1487 1013 1560; x_wconf 90' lang='lat' dir='ltr'><em>publici</em></span> <span class='ocrx_word' id='word_1_100' title='bbox 1035 1493 1112 1545; x_wconf 86' lang='lat' dir='ltr'><em>sum.</em></span> <span class='ocrx_word' id='word_1_101' title='bbox 1159 1485 1271 1544; x_wconf 79' lang='lat' dir='ltr'><em>Erudi-</em></span> 
     </span>
     <span class='ocr_line' id='line_1_13' title="bbox 125 1583 1269 1657; baseline 0 -16"><span class='ocrx_word' id='word_1_102' title='bbox 125 1585 233 1642; x_wconf 88' lang='lat' dir='ltr'><em>lissimi</em></span> <span class='ocrx_word' id='word_1_103' title='bbox 256 1586 351 1657; x_wconf 81' lang='lat' dir='ltr'><em>ipitur</em></span> <span class='ocrx_word' id='word_1_104' title='bbox 374 1587 439 1643; x_wconf 90' lang='lat' dir='ltr'><em>uiri</em></span> <span class='ocrx_word' id='word_1_105' title='bbox 463 1585 550 1644; x_wconf 88' lang='lat' dir='ltr'><em>labor</em></span> <span class='ocrx_word' id='word_1_106' title='bbox 573 1600 683 1657; x_wconf 86' lang='lat' dir='ltr'><em>mapno</em></span> <span class='ocrx_word' id='word_1_107' title='bbox 707 1599 752 1641; x_wconf 89' lang='lat' dir='ltr'><em>me</em></span> <span class='ocrx_word' id='word_1_108' title='bbox 775 1583 880 1641; x_wconf 90' lang='lat' dir='ltr'><em>labore</em></span> <span class='ocrx_word' id='word_1_109' title='bbox 904 1586 1033 1643; x_wconf 89' lang='lat' dir='ltr'><em>leuauit:</em></span> <span class='ocrx_word' id='word_1_110' title='bbox 1065 1585 1118 1657; x_wconf 80' lang='lat' dir='ltr'><em>qui</em></span> <span class='ocrx_word' id='word_1_111' title='bbox 1140 1585 1269 1656; x_wconf 77' lang='lat' dir='ltr'><em>quidem,</em></span> 
     </span>
     <span class='ocr_line' id='line_1_14' title="bbox 125 1681 1274 1755; baseline -0.002 -15"><span class='ocrx_word' id='word_1_112' title='bbox 125 1688 159 1741; x_wconf 93' lang='lat' dir='ltr'><em>ut</em></span> <span class='ocrx_word' id='word_1_113' title='bbox 182 1689 250 1740; x_wconf 89' lang='lat' dir='ltr'><em>erat</em></span> <span class='ocrx_word' id='word_1_114' title='bbox 274 1683 403 1755; x_wconf 86' lang='lat' dir='ltr'><em>dilipens</em></span> <span class='ocrx_word' id='word_1_115' title='bbox 427 1689 456 1742; x_wconf 89' lang='lat' dir='ltr'><em>el</em></span> <span class='ocrx_word' id='word_1_116' title='bbox 481 1688 662 1754; x_wconf 88' lang='lat' dir='ltr'><em>accuratus,</em></span> <span class='ocrx_word' id='word_1_117' title='bbox 693 1682 753 1740; x_wconf 85' lang='lat' dir='ltr'><em>hac</em></span> <span class='ocrx_word' id='word_1_118' title='bbox 780 1681 927 1739; x_wconf 86' lang='lat' dir='ltr'><em>librorum</em></span> <span class='ocrx_word' id='word_1_119' title='bbox 956 1683 1116 1741; x_wconf 86' lang='lat' dir='ltr'><em>collatione</em></span> <span class='ocrx_word' id='word_1_120' title='bbox 1143 1682 1274 1750; x_wconf 83' lang='lat' dir='ltr'><em>mirifice</em></span> 
     </span>
     <span class='ocr_line' id='line_1_15' title="bbox 126 1780 1272 1855; baseline -0.002 -17"><span class='ocrx_word' id='word_1_121' title='bbox 126 1781 344 1852; x_wconf 81' lang='lat' dir='ltr'><em>delectabatur,</em></span> <span class='ocrx_word' id='word_1_122' title='bbox 368 1786 397 1840; x_wconf 87' lang='lat' dir='ltr'><em>et</em></span> <span class='ocrx_word' id='word_1_123' title='bbox 415 1783 459 1839; x_wconf 90' lang='lat' dir='ltr'><em>ilo</em></span> <span class='ocrx_word' id='word_1_124' title='bbox 479 1797 568 1855; x_wconf 88' lang='lat' dir='ltr'><em>posse</em></span> <span class='ocrx_word' id='word_1_125' title='bbox 586 1780 678 1839; x_wconf 88' lang='lat' dir='ltr'><em>bonos</em></span> <span class='ocrx_word' id='word_1_126' title='bbox 700 1786 841 1839; x_wconf 89' lang='lat' dir='ltr'><em>auctores</em></span> <span class='ocrx_word' id='word_1_127' title='bbox 865 1781 964 1837; x_wconf 88' lang='lat' dir='ltr'><em>multis</em></span> <span class='ocrx_word' id='word_1_128' title='bbox 987 1781 1115 1837; x_wconf 91' lang='lat' dir='ltr'><em>maculis</em></span> <span class='ocrx_word' id='word_1_129' title='bbox 1135 1781 1272 1853; x_wconf 81' lang='lat' dir='ltr'><em>parpari</em></span> 
     </span>
     <span class='ocr_line' id='line_1_16' title="bbox 126 1877 1274 1952; baseline -0.002 -16"><span class='ocrx_word' id='word_1_130' title='bbox 126 1895 201 1937; x_wconf 89' lang='lat' dir='ltr'><em>uere</em></span> <span class='ocrx_word' id='word_1_131' title='bbox 232 1878 440 1936; x_wconf 79' lang='lat' dir='ltr'><em>existimabat:</em></span> <span class='ocrx_word' id='word_1_132' title='bbox 472 1893 672 1952; x_wconf 81' lang='lat' dir='ltr'><em>quaecunque</em></span> <span class='ocrx_word' id='word_1_133' title='bbox 706 1879 809 1950; x_wconf 79' lang='lat' dir='ltr'><em>itaque</em></span> <span class='ocrx_word' id='word_1_134' title='bbox 842 1879 872 1935; x_wconf 88' lang='lat' dir='ltr'><em>in</em></span> <span class='ocrx_word' id='word_1_135' title='bbox 902 1879 1016 1951; x_wconf 78' lang='lat' dir='ltr'><em>priscis</em></span> <span class='ocrx_word' id='word_1_136' title='bbox 1048 1877 1274 1950; x_wconf 78' lang='lat' dir='ltr'><em>exemplaribus</em></span> 
     </span>
     <span class='ocr_line' id='line_1_17' title="bbox 127 1975 1273 2051; baseline -0.001 -17"><span class='ocrx_word' id='word_1_137' title='bbox 127 1976 312 2047; x_wconf 86' lang='lat' dir='ltr'><em>inueniebat,</em></span> <span class='ocrx_word' id='word_1_138' title='bbox 341 1978 371 2034; x_wconf 89' lang='lat' dir='ltr'><em>in</em></span> <span class='ocrx_word' id='word_1_139' title='bbox 397 1978 549 2051; x_wconf 86' lang='lat' dir='ltr'><em>impressis</em></span> <span class='ocrx_word' id='word_1_140' title='bbox 575 1977 679 2035; x_wconf 91' lang='lat' dir='ltr'><em>sedula</em></span> <span class='ocrx_word' id='word_1_141' title='bbox 708 1975 889 2035; x_wconf 76' lang='lat' dir='ltr'><em>amputabat:</em></span> <span class='ocrx_word' id='word_1_142' title='bbox 918 1975 1001 2047; x_wconf 80' lang='lat' dir='ltr'><em>quod</em></span> <span class='ocrx_word' id='word_1_143' title='bbox 1026 1976 1055 2032; x_wconf 89' lang='lat' dir='ltr'><em>si</em></span> <span class='ocrx_word' id='word_1_144' title='bbox 1081 1975 1194 2033; x_wconf 89' lang='lat' dir='ltr'><em>diutius</em></span> <span class='ocrx_word' id='word_1_145' title='bbox 1223 1977 1273 2034; x_wconf 89' lang='lat' dir='ltr'><em>illc</em></span> 
     </span>
     <span class='ocr_line' id='line_1_18' title="bbox 126 2074 1272 2148; baseline -0.003 -16"><span class='ocrx_word' id='word_1_146' title='bbox 126 2075 266 2145; x_wconf 78' lang='lat' dir='ltr'><em>uixisset,</em></span> <span class='ocrx_word' id='word_1_147' title='bbox 295 2079 325 2132; x_wconf 91' lang='lat' dir='ltr'><em>et</em></span> <span class='ocrx_word' id='word_1_148' title='bbox 346 2090 426 2146; x_wconf 81' lang='lat' dir='ltr'><em>quae</em></span> <span class='ocrx_word' id='word_1_149' title='bbox 454 2080 551 2132; x_wconf 89' lang='lat' dir='ltr'><em>mente</em></span> <span class='ocrx_word' id='word_1_150' title='bbox 578 2074 787 2132; x_wconf 90' lang='lat' dir='ltr'><em>destinauerat</em></span> <span class='ocrx_word' id='word_1_151' title='bbox 812 2074 965 2146; x_wconf 76' lang='lat' dir='ltr'><em>perficere</em></span> <span class='ocrx_word' id='word_1_152' title='bbox 990 2075 1149 2148; x_wconf 86' lang='lat' dir='ltr'><em>potuisset,</em></span> <span class='ocrx_word' id='word_1_153' title='bbox 1177 2089 1272 2146; x_wconf 89' lang='lat' dir='ltr'><em>opero</em></span> 
     </span>
     <span class='ocr_line' id='line_1_19' title="bbox 126 2167 1270 2246; baseline -0.003 -16"><span class='ocrx_word' id='word_1_154' title='bbox 126 2173 331 2244; x_wconf 83' lang='lat' dir='ltr'><em>sodalitasque</em></span> <span class='ocrx_word' id='word_1_155' title='bbox 354 2173 447 2246; x_wconf 89' lang='lat' dir='ltr'><em>ipsius</em></span> <span class='ocrx_word' id='word_1_156' title='bbox 471 2188 595 2245; x_wconf 86' lang='lat' dir='ltr'><em>mopnos</em></span> <span class='ocrx_word' id='word_1_157' title='bbox 621 2172 763 2231; x_wconf 81' lang='lat' dir='ltr'><em>studiosis</em></span> <span class='ocrx_word' id='word_1_158' title='bbox 785 2172 945 2229; x_wconf 90' lang='lat' dir='ltr'><em>literarum</em></span> <span class='ocrx_word' id='word_1_159' title='bbox 966 2167 1090 2243; x_wconf 84' lang='lat' dir='ltr'><em>fruetus</em></span> <span class='ocrx_word' id='word_1_160' title='bbox 1114 2170 1270 2240; x_wconf 83' lang='lat' dir='ltr'><em>attulisset,</em></span> 
     </span>
     <span class='ocr_line' id='line_1_20' title="bbox 127 2267 1272 2344; baseline -0.003 -17"><span class='ocrx_word' id='word_1_161' title='bbox 127 2272 292 2343; x_wconf 86' lang='lat' dir='ltr'><em>multosque</em></span> <span class='ocrx_word' id='word_1_162' title='bbox 314 2271 368 2342; x_wconf 81' lang='lat' dir='ltr'><em>qui</em></span> <span class='ocrx_word' id='word_1_163' title='bbox 391 2276 497 2344; x_wconf 89' lang='lat' dir='ltr'><em>posteo</em></span> <span class='ocrx_word' id='word_1_164' title='bbox 526 2272 599 2329; x_wconf 88' lang='lat' dir='ltr'><em>huic</em></span> <span class='ocrx_word' id='word_1_165' title='bbox 626 2270 747 2328; x_wconf 87' lang='lat' dir='ltr'><em>muneri</em></span> <span class='ocrx_word' id='word_1_166' title='bbox 774 2269 1028 2341; x_wconf 85' lang='lat' dir='ltr'><em>corripendorum</em></span> <span class='ocrx_word' id='word_1_167' title='bbox 1051 2267 1199 2327; x_wconf 89' lang='lat' dir='ltr'><em>librarum</em></span> <span class='ocrx_word' id='word_1_168' title='bbox 1223 2284 1272 2325; x_wconf 87' lang='lat' dir='ltr'><em>ne·</em></span> 
     </span>
     <span class='ocr_line' id='line_1_21' title="bbox 126 2365 1273 2444; baseline -0.004 -18"><span class='ocrx_word' id='word_1_169' title='bbox 126 2369 260 2426; x_wconf 88' lang='lat' dir='ltr'><em>cessaria</em></span> <span class='ocrx_word' id='word_1_170' title='bbox 281 2367 494 2444; x_wconf 86' lang='lat' dir='ltr'><em>incubuerunt,</em></span> <span class='ocrx_word' id='word_1_171' title='bbox 518 2383 630 2440; x_wconf 86' lang='lat' dir='ltr'><em>mapna</em></span> <span class='ocrx_word' id='word_1_172' title='bbox 651 2381 780 2441; x_wconf 90' lang='lat' dir='ltr'><em>prorsus</em></span> <span class='ocrx_word' id='word_1_173' title='bbox 803 2366 938 2424; x_wconf 89' lang='lat' dir='ltr'><em>molestia</em></span> <span class='ocrx_word' id='word_1_174' title='bbox 962 2365 1138 2423; x_wconf 84' lang='lat' dir='ltr'><em>liberasset:</em></span> <span class='ocrx_word' id='word_1_175' title='bbox 1161 2365 1273 2423; x_wconf 89' lang='lat' dir='ltr'><em>sedeo</em></span> 
     </span>
     <span class='ocr_line' id='line_1_22' title="bbox 126 2461 1275 2539; baseline -0.004 -16"><span class='ocrx_word' id='word_1_176' title='bbox 126 2481 208 2523; x_wconf 88' lang='lat' dir='ltr'><em>nunc</em></span> <span class='ocrx_word' id='word_1_177' title='bbox 230 2466 331 2523; x_wconf 83' lang='lat' dir='ltr'><em>arania</em></span> <span class='ocrx_word' id='word_1_178' title='bbox 355 2466 499 2524; x_wconf 83' lang='lat' dir='ltr'><em>inchoato</em></span> <span class='ocrx_word' id='word_1_179' title='bbox 523 2461 762 2539; x_wconf 78' lang='lat' dir='ltr'><em>imperfecteque</em></span> <span class='ocrx_word' id='word_1_180' title='bbox 786 2464 901 2522; x_wconf 88' lang='lat' dir='ltr'><em>iacent:</em></span> <span class='ocrx_word' id='word_1_181' title='bbox 925 2479 1000 2522; x_wconf 92' lang='lat' dir='ltr'><em>raro</em></span> <span class='ocrx_word' id='word_1_182' title='bbox 1024 2464 1103 2521; x_wconf 85' lang='lat' dir='ltr'><em>enim</em></span> <span class='ocrx_word' id='word_1_183' title='bbox 1127 2463 1176 2520; x_wconf 88' lang='lat' dir='ltr'><em>ille</em></span> <span class='ocrx_word' id='word_1_184' title='bbox 1198 2463 1275 2534; x_wconf 80' lang='lat' dir='ltr'><em>qaid</em></span> 
     </span>
     <span class='ocr_line' id='line_1_23' title="bbox 70 2559 1270 2635; baseline -0.006 -13"><span class='ocrx_word' id='word_1_185' title='bbox 70 2580 75 2593; x_wconf 65' lang='lat'>²</span> <span class='ocrx_word' id='word_1_186' title='bbox 125 2564 250 2622; x_wconf 83' lang='lat' dir='ltr'><em>sentiret</em></span> <span class='ocrx_word' id='word_1_187' title='bbox 274 2563 457 2635; x_wconf 85' lang='lat' dir='ltr'><em>ostendebat,</em></span> <span class='ocrx_word' id='word_1_188' title='bbox 481 2564 537 2622; x_wconf 91' lang='lat' dir='ltr'><em>sed</em></span> <span class='ocrx_word' id='word_1_189' title='bbox 558 2568 690 2621; x_wconf 89' lang='lat' dir='ltr'><em>ueterem</em></span> <span class='ocrx_word' id='word_1_190' title='bbox 715 2566 832 2619; x_wconf 88' lang='lat' dir='ltr'><em>tontum</em></span> <span class='ocrx_word' id='word_1_191' title='bbox 855 2561 1041 2634; x_wconf 88' lang='lat' dir='ltr'><em>scripturam</em></span> <span class='ocrx_word' id='word_1_192' title='bbox 1065 2575 1132 2618; x_wconf 91' lang='lat' dir='ltr'><em>cum</em></span> <span class='ocrx_word' id='word_1_193' title='bbox 1152 2559 1216 2629; x_wconf 81' lang='lat' dir='ltr'><em>fide</em></span> <span class='ocrx_word' id='word_1_194' title='bbox 1239 2560 1270 2615; x_wconf 88' lang='lat' dir='ltr'><em>in</em></span> 
     </span>
     <span class='ocr_line' id='line_1_24' title="bbox 115 2656 1274 2739; baseline -0.007 -20"><span class='ocrx_word' id='word_1_195' title='bbox 115 2676 196 2739; x_wconf 83' lang='lat' dir='ltr'><em>suos</em></span> <span class='ocrx_word' id='word_1_196' title='bbox 210 2660 330 2718; x_wconf 90' lang='lat' dir='ltr'><em>codices</em></span> <span class='ocrx_word' id='word_1_197' title='bbox 344 2656 566 2733; x_wconf 79' lang='lat' dir='ltr'><em>transferebat:</em></span> <span class='ocrx_word' id='word_1_198' title='bbox 585 2660 776 2731; x_wconf 85' lang='lat' dir='ltr'><em>commodius,</em></span> <span class='ocrx_word' id='word_1_199' title='bbox 791 2664 826 2717; x_wconf 90' lang='lat' dir='ltr'><em>ut</em></span> <span class='ocrx_word' id='word_1_200' title='bbox 838 2660 954 2733; x_wconf 88' lang='lat' dir='ltr'><em>opinor,</em></span> <span class='ocrx_word' id='word_1_201' title='bbox 970 2664 1083 2733; x_wconf 90' lang='lat' dir='ltr'><em>tempus</em></span> <span class='ocrx_word' id='word_1_202' title='bbox 1098 2662 1274 2731; x_wconf 79' lang='lat' dir='ltr'><em>expectans,</em></span> 
     </span>
     <span class='ocr_line' id='line_1_25' title="bbox 120 2746 1272 2833; baseline -0.006 -17"><span class='ocrx_word' id='word_1_203' title='bbox 120 2746 185 2833; x_wconf 68' lang='lat' dir='ltr'><em>&#39;quo</em></span> <span class='ocrx_word' id='word_1_204' title='bbox 210 2762 311 2831; x_wconf 89' lang='lat' dir='ltr'><em>posset</em></span> <span class='ocrx_word' id='word_1_205' title='bbox 340 2758 377 2816; x_wconf 90' lang='lat' dir='ltr'><em>de</em></span> <span class='ocrx_word' id='word_1_206' title='bbox 404 2758 451 2815; x_wconf 88' lang='lat' dir='ltr'><em>his</em></span> <span class='ocrx_word' id='word_1_207' title='bbox 479 2757 570 2816; x_wconf 89' lang='lat' dir='ltr'><em>rebus</em></span> <span class='ocrx_word' id='word_1_208' title='bbox 597 2762 717 2816; x_wconf 88' lang='lat' dir='ltr'><em>mature</em></span> <span class='ocrx_word' id='word_1_209' title='bbox 744 2758 926 2815; x_wconf 89' lang='lat' dir='ltr'><em>diiudicare.</em></span> <span class='ocrx_word' id='word_1_210' title='bbox 974 2755 1059 2816; x_wconf 89' lang='lat' dir='ltr'><em>Mars</em></span> <span class='ocrx_word' id='word_1_211' title='bbox 1082 2760 1181 2813; x_wconf 88' lang='lat' dir='ltr'><em>tamen</em></span> <span class='ocrx_word' id='word_1_212' title='bbox 1205 2768 1272 2811; x_wconf 90' lang='lat' dir='ltr'><em>cum</em></span> 
     </span>
     <span class='ocr_line' id='line_1_26' title="bbox 123 2854 1271 2931; baseline -0.005 -17"><span class='ocrx_word' id='word_1_213' title='bbox 123 2857 300 2931; x_wconf 85' lang='lat' dir='ltr'><em>praeuenit,</em></span> <span class='ocrx_word' id='word_1_214' title='bbox 332 2871 390 2913; x_wconf 88' lang='lat' dir='ltr'><em>nec</em></span> <span class='ocrx_word' id='word_1_215' title='bbox 416 2872 496 2928; x_wconf 77' lang='lat' dir='ltr'><em>oilae</em></span> <span class='ocrx_word' id='word_1_216' title='bbox 523 2857 716 2928; x_wconf 86' lang='lat' dir='ltr'><em>capitoueral</em></span> <span class='ocrx_word' id='word_1_217' title='bbox 746 2856 789 2913; x_wconf 91' lang='lat' dir='ltr'><em>ad</em></span> <span class='ocrx_word' id='word_1_218' title='bbox 817 2857 931 2914; x_wconf 84' lang='lat' dir='ltr'><em>cocitum</em></span> <span class='ocrx_word' id='word_1_219' title='bbox 961 2855 1136 2929; x_wconf 89' lang='lat' dir='ltr'><em>perducere</em></span> <span class='ocrx_word' id='word_1_220' title='bbox 1165 2854 1271 2927; x_wconf 87' lang='lat' dir='ltr'><em>potuit.</em></span> 
     </span>
     <span class='ocr_line' id='line_1_27' title="bbox 127 2952 1271 3028; baseline -0.006 -16"><span class='ocrx_word' id='word_1_221' title='bbox 127 2952 216 3013; x_wconf 86' lang='lat' dir='ltr'><em>Libri</em></span> <span class='ocrx_word' id='word_1_222' title='bbox 233 2969 307 3012; x_wconf 88' lang='lat' dir='ltr'><em>uera</em></span> <span class='ocrx_word' id='word_1_223' title='bbox 326 2953 408 3013; x_wconf 87' lang='lat' dir='ltr'><em>obitu</em></span> <span class='ocrx_word' id='word_1_224' title='bbox 428 2955 521 3028; x_wconf 87' lang='lat' dir='ltr'><em>ipsius</em></span> <span class='ocrx_word' id='word_1_225' title='bbox 545 2953 685 3028; x_wconf 76' lang='lat' dir='ltr'><em>dissipati</em></span> <span class='ocrx_word' id='word_1_226' title='bbox 705 2961 782 3025; x_wconf 87' lang='lat' dir='ltr'><em>sunt,</em></span> <span class='ocrx_word' id='word_1_227' title='bbox 803 2954 958 3028; x_wconf 82' lang='lat' dir='ltr'><em>paucique</em></span> <span class='ocrx_word' id='word_1_228' title='bbox 981 2969 998 3010; x_wconf 92' lang='lat' dir='ltr'><em>e</em></span> <span class='ocrx_word' id='word_1_229' title='bbox 1016 2966 1125 3024; x_wconf 84' lang='lat' dir='ltr'><em>mapno</em></span> <span class='ocrx_word' id='word_1_230' title='bbox 1145 2965 1271 3007; x_wconf 78' lang='lat' dir='ltr'><em>nrcmcro</em></span> 
     </span>
     <span class='ocr_line' id='line_1_28' title="bbox 128 3042 1271 3127; baseline -0.006 -18"><span class='ocrx_word' id='word_1_231' title='bbox 128 3045 346 3111; x_wconf 65' lang='lat' dir='ltr'><em>inueniuntur?</em></span> <span class='ocrx_word' id='word_1_232' title='bbox 392 3051 422 3109; x_wconf 93' lang='lat' dir='ltr'><em>in</em></span> <span class='ocrx_word' id='word_1_233' title='bbox 447 3049 531 3109; x_wconf 89' lang='lat' dir='ltr'><em>libris</em></span> <span class='ocrx_word' id='word_1_234' title='bbox 559 3050 650 3127; x_wconf 89' lang='lat' dir='ltr'><em>igitur</em></span> <span class='ocrx_word' id='word_1_235' title='bbox 674 3048 793 3109; x_wconf 86' lang='lat' dir='ltr'><em>Catonis</em></span> <span class='ocrx_word' id='word_1_236' title='bbox 820 3058 850 3109; x_wconf 88' lang='lat' dir='ltr'><em>et</em></span> <span class='ocrx_word' id='word_1_237' title='bbox 873 3047 1013 3107; x_wconf 84' lang='lat' dir='ltr'><em>Varronis</em></span> <span class='ocrx_word' id='word_1_238' title='bbox 1038 3044 1186 3105; x_wconf 86' lang='lat' dir='ltr'><em>Victorius</em></span> <span class='ocrx_word' id='word_1_239' title='bbox 1215 3042 1271 3102; x_wconf 88' lang='lat' dir='ltr'><em>lec·</em></span> 
     </span>
     <span class='ocr_line' id='line_1_29' title="bbox 128 3143 1269 3226; baseline -0.007 -18"><span class='ocrx_word' id='word_1_240' title='bbox 128 3149 224 3208; x_wconf 91' lang='lat' dir='ltr'><em>tiones</em></span> <span class='ocrx_word' id='word_1_241' title='bbox 242 3147 404 3226; x_wconf 83' lang='lat' dir='ltr'><em>archetypi,</em></span> <span class='ocrx_word' id='word_1_242' title='bbox 424 3166 497 3225; x_wconf 74' lang='lat' dir='ltr'><em>oxias</em></span> <span class='ocrx_word' id='word_1_243' title='bbox 513 3146 556 3207; x_wconf 83' lang='lat' dir='ltr'><em>sel</em></span> <span class='ocrx_word' id='word_1_244' title='bbox 574 3149 603 3206; x_wconf 92' lang='lat' dir='ltr'><em>in</em></span> <span class='ocrx_word' id='word_1_245' title='bbox 623 3146 868 3225; x_wconf 84' lang='lat' dir='ltr'><em>explicationibus</em></span> <span class='ocrx_word' id='word_1_246' title='bbox 889 3147 989 3224; x_wconf 87' lang='lat' dir='ltr'><em>posuit</em></span> <span class='ocrx_word' id='word_1_247' title='bbox 1004 3143 1049 3203; x_wconf 88' lang='lat' dir='ltr'><em>vel</em></span> <span class='ocrx_word' id='word_1_248' title='bbox 1063 3147 1094 3203; x_wconf 92' lang='lat' dir='ltr'><em>in</em></span> <span class='ocrx_word' id='word_1_249' title='bbox 1109 3143 1269 3202; x_wconf 86' lang='lat' dir='ltr'><em>editionem</em></span> 
     </span>
     <span class='ocr_line' id='line_1_30' title="bbox 128 3239 1267 3327; baseline -0.007 -22"><span class='ocrx_word' id='word_1_250' title='bbox 128 3247 256 3327; x_wconf 86' lang='lat' dir='ltr'><em>recepit,</em></span> <span class='ocrx_word' id='word_1_251' title='bbox 283 3264 317 3304; x_wconf 91' lang='lat' dir='ltr'><em>ex</em></span> <span class='ocrx_word' id='word_1_252' title='bbox 346 3247 419 3324; x_wconf 89' lang='lat' dir='ltr'><em>ipsis</em></span> <span class='ocrx_word' id='word_1_253' title='bbox 448 3245 626 3305; x_wconf 87' lang='lat' dir='ltr'><em>membranis</em></span> <span class='ocrx_word' id='word_1_254' title='bbox 655 3249 806 3323; x_wconf 83' lang='lat' dir='ltr'><em>petiverat.</em></span> <span class='ocrx_word' id='word_1_255' title='bbox 854 3245 899 3303; x_wconf 89' lang='lat' dir='ltr'><em>his</em></span> <span class='ocrx_word' id='word_1_256' title='bbox 922 3252 1021 3303; x_wconf 87' lang='lat' dir='ltr'><em>aulem</em></span> <span class='ocrx_word' id='word_1_257' title='bbox 1045 3260 1118 3302; x_wconf 90' lang='lat' dir='ltr'><em>usus</em></span> <span class='ocrx_word' id='word_1_258' title='bbox 1141 3239 1267 3319; x_wconf 85' lang='lat' dir='ltr'><em>plurima</em></span> 
     </span>
     <span class='ocr_line' id='line_1_31' title="bbox 129 3339 1271 3421; baseline -0.005 -20"><span class='ocrx_word' id='word_1_259' title='bbox 129 3361 204 3421; x_wconf 81' lang='lat' dir='ltr'><em>quae</em></span> <span class='ocrx_word' id='word_1_260' title='bbox 219 3353 281 3403; x_wconf 83' lang='lat' dir='ltr'><em>tuin</em></span> <span class='ocrx_word' id='word_1_261' title='bbox 297 3342 523 3421; x_wconf 84' lang='lat' dir='ltr'><em>interpolatione</em></span> <span class='ocrx_word' id='word_1_262' title='bbox 538 3344 685 3404; x_wconf 85' lang='lat' dir='ltr'><em>editorum</em></span> <span class='ocrx_word' id='word_1_263' title='bbox 701 3343 856 3421; x_wconf 87' lang='lat' dir='ltr'><em>depravata</em></span> <span class='ocrx_word' id='word_1_264' title='bbox 878 3341 1049 3402; x_wconf 79' lang='lat' dir='ltr'><em>serebantur</em></span> <span class='ocrx_word' id='word_1_265' title='bbox 1064 3340 1098 3399; x_wconf 91' lang='lat' dir='ltr'><em>ad</em></span> <span class='ocrx_word' id='word_1_266' title='bbox 1114 3339 1271 3417; x_wconf 89' lang='lat' dir='ltr'><em>genuinam</em></span> 
     </span>
     <span class='ocr_line' id='line_1_32' title="bbox 129 3434 1270 3520; baseline -0.006 -20"><span class='ocrx_word' id='word_1_267' title='bbox 129 3442 307 3519; x_wconf 85' lang='lat' dir='ltr'><em>scripturam</em></span> <span class='ocrx_word' id='word_1_268' title='bbox 332 3443 479 3501; x_wconf 88' lang='lat' dir='ltr'><em>revocavit</em></span> <span class='ocrx_word' id='word_1_269' title='bbox 502 3448 532 3501; x_wconf 89' lang='lat' dir='ltr'><em>et</em></span> <span class='ocrx_word' id='word_1_270' title='bbox 555 3443 686 3501; x_wconf 93' lang='lat' dir='ltr'><em>omnium</em></span> <span class='ocrx_word' id='word_1_271' title='bbox 709 3444 819 3520; x_wconf 89' lang='lat' dir='ltr'><em>optime</em></span> <span class='ocrx_word' id='word_1_272' title='bbox 839 3440 875 3500; x_wconf 91' lang='lat' dir='ltr'><em>de</em></span> <span class='ocrx_word' id='word_1_273' title='bbox 895 3439 940 3499; x_wconf 88' lang='lat' dir='ltr'><em>his</em></span> <span class='ocrx_word' id='word_1_274' title='bbox 959 3439 1045 3499; x_wconf 87' lang='lat' dir='ltr'><em>libris</em></span> <span class='ocrx_word' id='word_1_275' title='bbox 1064 3438 1182 3497; x_wconf 88' lang='lat' dir='ltr'><em>meruit.</em></span> <span class='ocrx_word' id='word_1_276' title='bbox 1220 3434 1270 3494; x_wconf 88' lang='lat' dir='ltr'><em>sed</em></span> 
     </span>
     <span class='ocr_line' id='line_1_33' title="bbox 128 3532 1272 3618; baseline -0.008 -20"><span class='ocrx_word' id='word_1_277' title='bbox 128 3539 207 3599; x_wconf 88' lang='lat' dir='ltr'><em>idem</em></span> <span class='ocrx_word' id='word_1_278' title='bbox 230 3540 318 3599; x_wconf 92' lang='lat' dir='ltr'><em>nimis</em></span> <span class='ocrx_word' id='word_1_279' title='bbox 341 3537 431 3598; x_wconf 89' lang='lat' dir='ltr'><em>multa</em></span> <span class='ocrx_word' id='word_1_280' title='bbox 456 3539 498 3597; x_wconf 91' lang='lat' dir='ltr'><em>sic</em></span> <span class='ocrx_word' id='word_1_281' title='bbox 524 3547 556 3598; x_wconf 87' lang='lat' dir='ltr'><em>ut</em></span> <span class='ocrx_word' id='word_1_282' title='bbox 580 3541 609 3598; x_wconf 92' lang='lat' dir='ltr'><em>in</em></span> <span class='ocrx_word' id='word_1_283' title='bbox 633 3540 721 3600; x_wconf 87' lang='lat' dir='ltr'><em>editis</em></span> <span class='ocrx_word' id='word_1_284' title='bbox 740 3538 967 3618; x_wconf 82' lang='lat' dir='ltr'><em>exemplaribus,</em></span> <span class='ocrx_word' id='word_1_285' title='bbox 991 3535 1100 3615; x_wconf 87' lang='lat' dir='ltr'><em>quihus</em></span> <span class='ocrx_word' id='word_1_286' title='bbox 1124 3532 1272 3610; x_wconf 84' lang='lat' dir='ltr'><em>utebatur,</em></span> 
     </span>
     <span class='ocr_line' id='line_1_34' title="bbox 130 3631 1273 3716; baseline -0.005 -23"><span class='ocrx_word' id='word_1_287' title='bbox 130 3635 244 3715; x_wconf 86' lang='lat' dir='ltr'><em>vulgata</em></span> <span class='ocrx_word' id='word_1_288' title='bbox 268 3644 353 3695; x_wconf 89' lang='lat' dir='ltr'><em>erant</em></span> <span class='ocrx_word' id='word_1_289' title='bbox 377 3638 512 3716; x_wconf 81' lang='lat' dir='ltr'><em>retinuit,</em></span> <span class='ocrx_word' id='word_1_290' title='bbox 541 3655 718 3716; x_wconf 85' lang='lat' dir='ltr'><em>quamquam</em></span> <span class='ocrx_word' id='word_1_291' title='bbox 743 3635 864 3696; x_wconf 87' lang='lat' dir='ltr'><em>meliora</em></span> <span class='ocrx_word' id='word_1_292' title='bbox 887 3632 1069 3714; x_wconf 86' lang='lat' dir='ltr'><em>praebebant</em></span> <span class='ocrx_word' id='word_1_293' title='bbox 1092 3631 1160 3690; x_wconf 86' lang='lat' dir='ltr'><em>libri</em></span> <span class='ocrx_word' id='word_1_294' title='bbox 1183 3647 1273 3689; x_wconf 89' lang='lat' dir='ltr'><em>mann</em></span> 
     </span>
     <span class='ocr_line' id='line_1_35' title="bbox 129 3727 1272 3812; baseline -0.005 -20"><span class='ocrx_word' id='word_1_295' title='bbox 129 3735 241 3812; x_wconf 89' lang='lat' dir='ltr'><em>scripti.</em></span> <span class='ocrx_word' id='word_1_296' title='bbox 288 3732 496 3810; x_wconf 82' lang='lat' dir='ltr'><em>Lugdunensis</em></span> <span class='ocrx_word' id='word_1_297' title='bbox 524 3735 613 3795; x_wconf 90' lang='lat' dir='ltr'><em>editio</em></span> <span class='ocrx_word' id='word_1_298' title='bbox 639 3753 695 3795; x_wconf 91' lang='lat' dir='ltr'><em>una</em></span> <span class='ocrx_word' id='word_1_299' title='bbox 719 3752 788 3794; x_wconf 88' lang='lat' dir='ltr'><em>cum</em></span> <span class='ocrx_word' id='word_1_300' title='bbox 812 3729 1058 3811; x_wconf 82' lang='lat' dir='ltr'><em>explicationibus</em></span> <span class='ocrx_word' id='word_1_301' title='bbox 1083 3727 1204 3788; x_wconf 85' lang='lat' dir='ltr'><em>Victorii</em></span> <span class='ocrx_word' id='word_1_302' title='bbox 1228 3746 1272 3787; x_wconf 87' lang='lat' dir='ltr'><em>rc·</em></span> 
     </span>
     <span class='ocr_line' id='line_1_36' title="bbox 130 3817 1273 3909; baseline -0.005 -19"><span class='ocrx_word' id='word_1_303' title='bbox 130 3833 220 3909; x_wconf 85' lang='lat' dir='ltr'><em>petita</em></span> <span class='ocrx_word' id='word_1_304' title='bbox 244 3817 450 3890; x_wconf 75' lang='lat' dir='ltr'><em>est‘Parisiis</em></span> <span class='ocrx_word' id='word_1_305' title='bbox 473 3851 507 3891; x_wconf 85' lang='lat' dir='ltr'><em>ex</em></span> <span class='ocrx_word' id='word_1_306' title='bbox 532 3833 648 3892; x_wconf 84' lang='lat' dir='ltr'><em>cilicina</em></span> <span class='ocrx_word' id='word_1_307' title='bbox 673 3832 795 3892; x_wconf 86' lang='lat' dir='ltr'><em>Roherti</em></span> <span class='ocrx_word' id='word_1_308' title='bbox 819 3828 961 3909; x_wconf 90' lang='lat' dir='ltr'><em>Stephani</em></span> <span class='ocrx_word' id='word_1_309' title='bbox 990 3825 1165 3907; x_wconf 81' lang='lat' dir='ltr'><em>typographi</em></span> <span class='ocrx_word' id='word_1_310' title='bbox 1189 3825 1273 3903; x_wconf 83' lang='lat' dir='ltr'><em>Regii</em></span> 
     </span>
     <span class='ocr_line' id='line_1_37' title="bbox 135 3922 1271 4009; baseline -0.007 -20"><span class='ocrx_word' id='word_1_311' title='bbox 135 3923 241 3990; x_wconf 79' lang='lat'>1543&#39;.</span> <span class='ocrx_word' id='word_1_312' title='bbox 285 3928 337 3991; x_wconf 85' lang='lat' dir='ltr'><em>sed</em></span> <span class='ocrx_word' id='word_1_313' title='bbox 365 3931 396 3988; x_wconf 93' lang='lat' dir='ltr'><em>in</em></span> <span class='ocrx_word' id='word_1_314' title='bbox 425 3947 458 3989; x_wconf 88' lang='lat' dir='ltr'><em>ea</em></span> <span class='ocrx_word' id='word_1_315' title='bbox 486 3930 615 3990; x_wconf 84' lang='lat' dir='ltr'><em>editione</em></span> <span class='ocrx_word' id='word_1_316' title='bbox 644 3931 737 4009; x_wconf 91' lang='lat' dir='ltr'><em>ipsius</em></span> <span class='ocrx_word' id='word_1_317' title='bbox 761 3928 885 4001; x_wconf 72' lang='lat' dir='ltr'><em>Victorii</em></span> <span class='ocrx_word' id='word_1_318' title='bbox 912 3945 983 3987; x_wconf 87' lang='lat' dir='ltr'><em>cura</em></span> <span class='ocrx_word' id='word_1_319' title='bbox 1013 3924 1069 3985; x_wconf 86' lang='lat' dir='ltr'><em>luit</em></span> <span class='ocrx_word' id='word_1_320' title='bbox 1097 3923 1189 4003; x_wconf 85' lang='lat' dir='ltr'><em>nulla,</em></span> <span class='ocrx_word' id='word_1_321' title='bbox 1220 3922 1271 3982; x_wconf 88' lang='lat' dir='ltr'><em>sed</em></span> 
     </span>
     <span class='ocr_line' id='line_1_38' title="bbox 131 4021 1270 4106; baseline -0.005 -21"><span class='ocrx_word' id='word_1_322' title='bbox 131 4026 313 4105; x_wconf 83' lang='lat' dir='ltr'><em>neglegentia</em></span> <span class='ocrx_word' id='word_1_323' title='bbox 342 4045 444 4088; x_wconf 88' lang='lat' dir='ltr'><em>eorum</em></span> <span class='ocrx_word' id='word_1_324' title='bbox 473 4027 582 4106; x_wconf 88' lang='lat' dir='ltr'><em>quibus</em></span> <span class='ocrx_word' id='word_1_325' title='bbox 611 4026 778 4105; x_wconf 87' lang='lat' dir='ltr'><em>Stephanus</em></span> <span class='ocrx_word' id='word_1_326' title='bbox 806 4042 881 4103; x_wconf 90' lang='lat' dir='ltr'><em>opus</em></span> <span class='ocrx_word' id='word_1_327' title='bbox 912 4023 1101 4083; x_wconf 81' lang='lat' dir='ltr'><em>mandaverat</em></span> <span class='ocrx_word' id='word_1_328' title='bbox 1129 4021 1270 4101; x_wconf 88' lang='lat' dir='ltr'><em>quaedam</em></span> 
     </span>
     <span class='ocr_line' id='line_1_39' title="bbox 131 4120 1270 4206; baseline -0.004 -25"><span class='ocrx_word' id='word_1_329' title='bbox 131 4127 234 4185; x_wconf 80' lang='lat' dir='ltr'><em>vitiose</em></span> <span class='ocrx_word' id='word_1_330' title='bbox 258 4142 397 4203; x_wconf 87' lang='lat' dir='ltr'><em>expressa</em></span> <span class='ocrx_word' id='word_1_331' title='bbox 422 4134 505 4206; x_wconf 82' lang='lat' dir='ltr'><em>sunt,</em></span> <span class='ocrx_word' id='word_1_332' title='bbox 532 4143 607 4203; x_wconf 88' lang='lat' dir='ltr'><em>quae</em></span> <span class='ocrx_word' id='word_1_333' title='bbox 636 4123 742 4184; x_wconf 89' lang='lat' dir='ltr'><em>deinde</em></span> <span class='ocrx_word' id='word_1_334' title='bbox 771 4121 807 4181; x_wconf 89' lang='lat' dir='ltr'><em>ab</em></span> <span class='ocrx_word' id='word_1_335' title='bbox 836 4124 871 4181; x_wconf 90' lang='lat' dir='ltr'><em>iis</em></span> <span class='ocrx_word' id='word_1_336' title='bbox 900 4123 952 4200; x_wconf 89' lang='lat' dir='ltr'><em>qui</em></span> <span class='ocrx_word' id='word_1_337' title='bbox 980 4120 1143 4181; x_wconf 87' lang='lat' dir='ltr'><em>Parisinam</em></span> <span class='ocrx_word' id='word_1_338' title='bbox 1171 4120 1270 4198; x_wconf 89' lang='lat' dir='ltr'><em>potius</em></span> 
     </span>
     <span class='ocr_line' id='line_1_40' title="bbox 130 4221 1173 4302; baseline -0.005 -20"><span class='ocrx_word' id='word_1_339' title='bbox 130 4242 217 4302; x_wconf 82' lang='lat' dir='ltr'><em>(piam</em></span> <span class='ocrx_word' id='word_1_340' title='bbox 241 4221 470 4301; x_wconf 85' lang='lat' dir='ltr'><em>Lugdunensem</em></span> <span class='ocrx_word' id='word_1_341' title='bbox 494 4223 652 4282; x_wconf 90' lang='lat' dir='ltr'><em>editionem</em></span> <span class='ocrx_word' id='word_1_342' title='bbox 676 4229 889 4299; x_wconf 83' lang='lat' dir='ltr'><em>expresserunt</em></span> <span class='ocrx_word' id='word_1_343' title='bbox 911 4227 1070 4298; x_wconf 89' lang='lat' dir='ltr'><em>propagata</em></span> <span class='ocrx_word' id='word_1_344' title='bbox 1095 4226 1173 4278; x_wconf 85' lang='lat' dir='ltr'><em>sunt.</em></span> 
     </span>
     <span class='ocr_line' id='line_1_41' title="bbox 219 4315 1273 4396; baseline -0.001 -20"><span class='ocrx_word' id='word_1_345' title='bbox 219 4319 342 4380; x_wconf 88' lang='lat' dir='ltr'><em>Victorii</em></span> <span class='ocrx_word' id='word_1_346' title='bbox 374 4320 502 4379; x_wconf 87' lang='lat' dir='ltr'><em>editione</em></span> <span class='ocrx_word' id='word_1_347' title='bbox 540 4318 644 4377; x_wconf 82' lang='lat' dir='ltr'><em>codem</em></span> <span class='ocrx_word' id='word_1_348' title='bbox 681 4319 743 4378; x_wconf 87' lang='lat' dir='ltr'><em>iere</em></span> <span class='ocrx_word' id='word_1_349' title='bbox 780 4326 913 4396; x_wconf 87' lang='lat' dir='ltr'><em>tempore</em></span> <span class='ocrx_word' id='word_1_350' title='bbox 945 4318 992 4377; x_wconf 87' lang='lat' dir='ltr'><em>usi</em></span> <span class='ocrx_word' id='word_1_351' title='bbox 1024 4324 1094 4376; x_wconf 89' lang='lat' dir='ltr'><em>sunt</em></span> <span class='ocrx_word' id='word_1_352' title='bbox 1126 4315 1273 4376; x_wconf 78' lang='lat' dir='ltr'><em>Adrianus</em></span> 
     </span>
     <span class='ocr_line' id='line_1_42' title="bbox 131 4413 1273 4495; baseline -0.004 -18"><span class='ocrx_word' id='word_1_353' title='bbox 131 4417 288 4478; x_wconf 86' lang='lat' dir='ltr'><em>Turnebus</em></span> <span class='ocrx_word' id='word_1_354' title='bbox 312 4426 342 4476; x_wconf 87' lang='lat' dir='ltr'><em>el</em></span> <span class='ocrx_word' id='word_1_355' title='bbox 365 4415 507 4493; x_wconf 91' lang='lat' dir='ltr'><em>losephus</em></span> <span class='ocrx_word' id='word_1_356' title='bbox 527 4413 666 4495; x_wconf 87' lang='lat' dir='ltr'><em>Scaliger.</em></span> <span class='ocrx_word' id='word_1_357' title='bbox 713 4434 840 4495; x_wconf 86' lang='lat' dir='ltr'><em>quorum</em></span> <span class='ocrx_word' id='word_1_358' title='bbox 859 4414 1017 4475; x_wconf 78' lang='lat' dir='ltr'><em>Turnebus</em></span> <span class='ocrx_word' id='word_1_359' title='bbox 1041 4415 1071 4473; x_wconf 90' lang='lat' dir='ltr'><em>in</em></span> <span class='ocrx_word' id='word_1_360' title='bbox 1095 4413 1273 4473; x_wconf 87' lang='lat' dir='ltr'><em>adversariis</em></span> 
     </span>
    </p>
   </div>
   <div class='ocr_carea' id='block_1_3' title="bbox 0 0 1445 4994">
    <p class='ocr_par' dir='ltr' id='par_1_3' title="bbox 0 0 1445 4994">
     <span class='ocr_line' id='line_1_43' title="bbox 0 0 1445 4994; baseline 0 0"><span class='ocrx_word' id='word_1_361' title='bbox 0 0 1445 4994; x_wconf 95' lang='lat' dir='ltr'><em> </em></span> 
     </span>
    </p>
   </div>
  </div>
 </body>
</html>
