2874 4994
339 112 470 168 RERVM
488 112 728 169 RVSTIOARVM
746 113 813 168 LIB.
833 114 845 168 Ι
865 110 994 167 24—26
1194 103 1235 169 75

120 277 254 350 praecepta
272 267 393 330 Catonis
412 267 449 329 de
469 267 633 330 sationibus
651 269 901 349 commemoravit,
920 269 977 328 iam
997 266 1099 328 Scroia
1120 286 1155 329 eo
1175 286 1236 329 ser·

10 363 20 414 ¹
121 391 188 436 moue
212 387 352 455 suscepto
380 375 469 437 adicit
497 394 572 456 quae
600 385 754 455 praeterea
784 375 819 436 ab
843 375 947 436 eodem
971 377 1117 455 scriptore
1142 394 1175 437 ea
1199 375 1235 435 de

10 482 34 527 ¹·
120 498 144 540 re
157 492 305 563 praecepta
323 492 416 545 erant.
455 482 591 544 similiter
614 483 650 544 de
671 482 780 545 Catone
800 485 910 563 scripta
929 479 1236 566 suuthaee,122,5

117 589 243 652 duntur
265 592 306 652 ab
329 592 432 652 eodem
455 594 614 667 scriptore.

186 695 237 758 lbi
270 697 395 759 oculos
422 696 637 758 harundinis
665 696 774 777 pedes
808 705 931 758 ternos
958 696 1068 757 altum
1096 695 1136 756 ab
1166 696 1236 756 alio

108 805 165 864 seri
192 795 310 885 aptam
333 823 411 866 esse
435 806 582 885 utrique
606 804 726 865 eadem
749 804 825 865 lere
849 802 1045 882 culturam]
1074 805 1173 865 Alium
1197 807 1236 865 ab

10 997 12 1001 7
104 911 151 971 ulio
177 921 210 973 et
233 911 339 973 deiude
367 914 493 974 eandem
516 910 637 972 Merula.
673 909 787 991 cate,
807 908 827 972 3
854 913 898 971 ibi
924 914 1026 971 oculos
1053 913 1237 972 harundinis

95 1019 186 1088 peaes
214 1026 316 1080 terum
343 1021 436 1080 ulium
465 1021 503 1079 ab
531 1022 593 1080 alio
620 1022 721 1080 serito
695 1021 803 1080 eibi
829 1021 994 1079 corrudam
1021 1020 1128 1092 serito
1156 1021 1237 1079 uude

95 1128 246 1202 enarrat
263 1129 351 1200 fiunt.
388 1145 459 1187 uam
482 1130 621 1188 conuenit
642 1128 880 1188 barurrdiuetum
899 1143 966 1186 cum
986 1127 1131 1187 corruda
1168 1123 1236 1184 inde

29 1208 36 1235 ³
90 1230 302 1310 supplementa
324 1235 428 1313 petivit
446 1231 607 1315 lucundus,
630 1251 719 1313 quem
738 1232 844 1294 deinde
864 1231 971 1309 reliqui
992 1231 1122 1292 editores
1142 1233 1236 1292 secuti

86 1345 176 1420 suot,
207 1341 252 1401 ibi
274 1344 436 1402 oculus-
457 1344 532 1416 seri,
560 1342 604 1401 ibi
629 1358 747 1416 quoque
774 1342 953 1412 corrudam,
980 1341 1063 1399 uude
1089 1341 1239 1415 asparapi

80 1441 187 1520 tant,
215 1456 317 1524 uptam
346 1466 410 1509 esce
438 1451 560 1524 utrique
587 1451 714 1509 eundem
736 1447 806 1523 sere
834 1451 995 1508 cariturum.
1033 1463 1131 1523 neque
1159 1444 1241 1505 credi

10 1632 16 1647 ‚
80 1556 198 1624 potest
220 1564 378 1635 praecepta
402 1553 522 1615 Catonis
549 1573 565 1614 a
590 1554 720 1615 Varrone
748 1557 788 1614 ita
816 1553 968 1614 deminuta
996 1571 1076 1635 esse,
1105 1561 1139 1614 ut
1167 1571 1242 1632 qnae

10 1670 14 1715 ἐ
78 1649 111 1712 ab
148 1658 213 1721 illo
237 1660 273 1722 de
301 1664 453 1723 communi
480 1661 596 1723 cultura
625 1661 769 1723 corrudae
798 1672 828 1722 et
856 1661 990 1741 asparagi
1019 1662 1129 1740 scripta
1156 1671 1241 1721 erant

52 1759 107 1820 td
129 1770 305 1829 cacumina
326 1768 505 1850 populorum
525 1779 556 1831 et
573 1769 805 1831 harundinetum
825 1768 1008 1830 transferret.
1042 1769 1141 1845 ltaque
1161 1766 1239 1828 lacu

72 1881 157 1932 nam
191 1874 326 1938 indicari

189 1986 280 2043 XXVI
311 1982 439 2044 llidica
472 1986 560 2045 uitis
588 2002 604 2044 a
631 1984 894 2063 septemtrione
924 1999 1051 2042 uersus
1080 1980 1240 2060 tegatur]

71 2080 128 2140 M
167 2094 412 2167 septemtrionem
431 2109 460 2151 m
479 2100 509 2151 et
527 2090 717 2151 Florentinus
736 2089 828 2151 codex
848 2098 879 2150 et
897 2089 974 2150 edita
995 2087 1063 2148 inde
1083 2088 1119 2148 ab
1138 2087 1240 2159 aldina

36 2237 41 2247 .
68 2183 228 2257 editione
256 2197 442 2278 exemplaria.
480 2202 601 2274 fiuntur
630 2216 658 2258 m
687 2208 717 2258 et
745 2205 896 2258 corrector
926 2194 1090 2256 Florentini
1122 2194 1242 2277 codicis,

66 2300 180 2366 ¹l¹¹0d
204 2302 352 2365 lucundus
378 2306 500 2384 recepit.
538 2313 661 2380 tepatur
689 2322 725 2364 ex
754 2302 838 2363 libris
862 2301 1002 2380 Angelius
1026 2303 1167 2363 restituit.
1205 2302 1241 2363 de

65 2399 204 2469 eidem
226 2429 259 2471 re
283 2409 443 2472 Columella
467 2410 504 2472 lV
527 2409 579 2492 16,
599 2409 620 2474 2
649 2408 754 2472 scribit
783 2415 867 2487 isque
890 2413 982 2486 putus
1005 2412 1164 2486 ponendus
1183 2418 1242 2486 est,

62 2512 93 2560 ¹¹¹
119 2512 307 2593 frt‘pururn
329 2526 359 2581 et
381 2522 555 2594 aquilonum
578 2522 715 2596 excipiat
737 2521 908 2580 uiolentiam
927 2520 1075 2591 vitemque
1088 2524 1241 2593 proteaat.

124 2676 129 2681 .
189 2622 230 2686 Et
262 2627 293 2686 si
325 2643 520 2705 cupressos
557 2628 661 2687 uluas
693 2644 757 2705 pro
790 2625 918 2685 ridicls
956 2640 1042 2703 quas
1074 2624 1243 2685 inserunt

56 2711 259 2792 ¹¹sternas
291 2731 438 2794 ordines
471 2735 660 2812 imponunt
689 2751 802 2813 neque
837 2750 896 2792 eos
929 2747 1098 2791 erescere
1131 2729 1242 2792 altius

55 2835 102 2896 ll!
120 2847 201 2897 am
224 2837 359 2900 ridicas
382 2841 569 2920 patiantur
597 2859 711 2919 neque
735 2849 888 2919 propter
917 2855 976 2897 eos
1004 2846 1042 2897 ut
1069 2836 1242 2903 adserunt

54 2926 85 2983 ¹¹¹
99 2939 130 2991 ῑ
146 2942 213 3023 es]
228 2945 268 3005 Et
281 2949 310 3006 si
327 2964 485 3023 cupressus
504 2951 586 3007 riuus
601 2965 661 3023 pro
676 2949 815 3007 ridicis
804 2951 950 3016 auserunt,
931 2947 1104 3003 talternos
1119 2947 1241 3005 ordines

51 3031 396 3128 munerandumque
427 3048 480 3115 eas
512 3073 654 3115 crescere
682 3057 773 3114 ultius
802 3069 892 3127 quam
924 3052 1041 3111 ridicas
1067 3053 1241 3131 patiuntur,

49 3154 198 3224 neque
216 3167 344 3237 propter
367 3179 419 3222 eus
442 3164 590 3222 adserunt
578 3144 686 3221 utites
709 3159 869 3220 lucundns
907 3175 1004 3233 aeque
1024 3165 1151 3233 propter
1177 3161 1242 3218 olus

49 3248 247 3328 “fixerunt
270 3269 344 3327 cites
366 3265 531 3328 Pontedera
558 3288 584 3347 p.
606 3264 684 3346 122,
713 3265 791 3346 quod
816 3263 1017 3325 Schneiderus
1047 3265 1167 3342 recepit.
1204 3263 1241 3325 de

48 3366 156 3428 ¹⁵¹1
190 3391 400 3454 cupressorum
433 3377 463 3435 in
492 3376 586 3435 vineis
614 3373 695 3434 solus
723 3372 838 3434 Plinius
866 3370 971 3433 scribit
994 3369 1058 3431 XVI
1085 3368 1148 3431 140
1181 3374 1240 3433 duo

44 3472 214 3542 dehere
237 3499 355 3557 eurum,
377 3490 456 3544 meta
480 3486 511 3543 in
531 3482 692 3559 [usticiam
715 3484 883 3554 conuoluta,
907 3498 986 3555 quae
1005 3486 1033 3539 et
1049 3477 1165 3554 semina
1189 3497 1241 3556 ap·

42 3573 247 3660 pellatam
276 3606 342 3650 mas
364 3594 484 3666 speruit
511 3597 602 3650 extra
629 3607 661 3650 se
688 3606 791 3650 ramos
819 3591 1045 3664 deputaturque
1073 3594 1102 3646 et
1130 3589 1244 3663 accipit

48 3684 198 3755 vllem.
234 3693 337 3776 Varro,
360 3697 438 3775 siqui
461 3694 508 3755 his
532 3694 688 3756 arboribus
712 3712 767 3774 pro
792 3693 893 3754 ridicis
919 3700 1040 3752 utantur
1059 3701 1090 3750 et
1110 3694 1174 3750 eius
1198 3694 1241 3752 rel

49 3790 192 3860 ¹&usa
215 3794 345 3863 alternos
368 3802 488 3863 ordines
512 3820 723 3881 cupressorum
748 3804 908 3881 imponant,
934 3816 985 3858 eos
1009 3799 1039 3857 in
1063 3795 1108 3855 liis
1132 3795 1241 3856 ordini-

50 3878 163 3964 bus
183 3907 254 3969 illud
278 3906 435 3969 observare
460 3908 539 3992 dicit,
563 3927 601 3969 ne
625 3909 711 3968 altius
735 3917 879 3986 crescant,
903 3922 990 3985 quam
1009 3902 1118 3964 ridicae
1138 3905 1240 3964 vitium

56 4005 173 4072 ‘Sta
197 4015 306 4096 solent,
334 4034 407 4076 neve
435 4034 528 4094 prope
557 4018 638 4096 ipsos
666 4013 806 4075 arborum
839 4012 958 4073 ordines
991 4018 1129 4072 serantur
1158 4012 1242 4093 vites,

63 4111 180 4214 ‘luas
200 4121 235 4182 ad
259 4121 376 4184 illarum
400 4140 498 4183 ramos
521 4121 686 4201 deputatos,
716 4128 749 4181 nt
772 4122 812 4181 ait
835 4119 961 4199 Plinius,
990 4117 1108 4198 alligare
1131 4117 1241 4180 volunt.

68 4208 202 4305 ¹¹‘intre
221 4228 373 4310 archetypi
393 4231 572 4308 scripturam
592 4229 718 4308 restitui,
737 4227 789 4289 sed
809 4235 842 4289 ut
861 4230 1008 4288 adserunt
1026 4228 1140 4305 scripsi.
1174 4245 1242 4287 uam
