2874 4994
255 122 304 176 DE
323 121 412 177 AGRI
431 119 607 178 CVLTVRA
626 121 767 210 LIBRYM
786 70 815 177 C,
837 120 1010 178 135-136
1144 112 1206 179 139

57 298 94 340 ex
127 278 193 358 lege
219 277 328 339 metalli
353 277 539 356 Vipascensis
563 279 676 358 cphcm.
701 278 852 357 epigraplr.
877 299 901 338 r.
922 277 959 337 lll
982 297 1010 357 p.
1032 273 1093 338 167
1119 297 1145 339 r.
1163 273 1205 338 48

57 396 89 448 et
113 381 158 449 54
183 389 393 463 lapicaediais.
431 387 502 446 item
521 385 551 446 C.
570 385 592 446 Ι.
610 386 642 446 L.
662 406 687 446 v.
706 385 746 446 lll
769 404 797 446 n.
818 382 859 447 75
878 404 974 447 uoaae
994 388 1207 461 Iapicacdiaac

57 497 254 575 adinventae,
272 493 360 573 gloss.
375 492 423 554 lat.
438 513 464 553 r.
479 492 515 553 lV
533 512 561 572 p.
578 489 651 575 105,
672 492 688 554 1
713 494 898 570 iapiccdiaa
917 497 1001 554 locus
1021 494 1073 553 udi
1090 494 1206 570 lapides

57 605 206 664 caedunt.

151 709 251 770 lnter
269 707 465 770 miliarium
485 716 519 769 et
537 707 673 768 labrum
693 726 721 786 p.
736 707 762 767 ll
776 706 910 787 digitos
925 706 950 767 ll
970 706 1068 767 labra
1085 726 1207 768 crassa

56 815 229 896 digitum]
253 815 400 877 Numeros
422 816 532 895 pedum
555 824 585 877 et
609 815 768 894 digitorum
788 817 819 875 in
838 815 1006 896 archetypo,
1030 823 1063 874 ut
1082 815 1208 895 ridetur,

56 932 223 1004 corruptos
246 923 446 985 Schneiderus
469 924 504 984 ad
529 941 662 984 normam
686 941 789 984 eorum
814 942 888 1002 quae
911 931 1015 1002 postea
1038 922 1074 983 de
1103 941 1206 982 serun-

56 1031 146 1093 dario
166 1041 196 1092 et
215 1031 251 1092 de
270 1035 359 1093 tertio
379 1039 494 1112 trapeto
514 1033 625 1111 scripta
644 1038 714 1091 sunt
733 1039 885 1092 correctos
905 1030 994 1111 dedit,
1014 1034 1094 1092 iuter
1112 1033 1207 1090 milia·

57 1143 143 1200 rium
159 1148 187 1201 et
201 1141 321 1201 labrum
331 1143 401 1218 ped.
418 1142 558 1215 Idipitos
573 1141 616 1222 II,
634 1142 724 1200 labra
739 1158 847 1201 crassa
862 1143 971 1215 dipitas
993 1139 1022 1198 V.
1055 1146 1207 1217 praetcrea

56 1255 130 1327 post
146 1266 178 1324 p.
198 1249 237 1307 ΙΙ
252 1246 296 1308 rel
312 1267 342 1325 p.
363 1247 496 1309 Iaddidi
515 1256 545 1310 et
563 1256 593 1309 et
611 1255 713 1327 postea
732 1249 762 1308 in
782 1249 870 1308 tertio
890 1255 1005 1325 trapeto
1024 1245 1060 1305 ad
1084 1245 1207 1305 eandem

58 1372 199 1415 normam
231 1356 339 1434 scripsi
366 1357 448 1416 orbis
475 1357 552 1416 altos
576 1373 607 1431 p.
632 1355 688 1415 111
712 1362 742 1417 et
768 1357 878 1430 dipitos
906 1356 972 1435 III,
1003 1352 1055 1414 ubi
1082 1355 1153 1414 item
1182 1360 1213 1415 et

58 1464 208 1523 omissum
232 1470 304 1523 erat.

155 1566 174 1629 7
209 1568 401 1648 Trapctum
434 1568 495 1630 ubi
527 1579 712 1630 aruectnm
746 1572 816 1630 erit
849 1569 909 1630 ubi
942 1577 1080 1630 statues
1113 1568 1162 1629 ibi
1195 1589 1211 1630 e

59 1676 286 1738 commodato
309 1676 619 1757 concinnatoque]
644 1677 806 1754 llapetum
824 1680 879 1738 ubi
896 1681 1054 1739 aduectum
1073 1681 1141 1756 erit,
1160 1679 1215 1737 abi

57 1792 178 1847 statues
202 1787 247 1846 ibi
267 1793 297 1847 ct
319 1788 490 1847 connodata
514 1789 756 1861 concinnataque
779 1784 1041 1865 editio'princeps,
1065 1783 1116 1844 ubi
1135 1783 1210 1844 Poli-

59 1895 163 1953 tianus
183 1901 342 1954 arucctum
361 1901 391 1953 et
409 1896 596 1954 commodato
616 1911 632 1953 e
651 1893 753 1953 codice
773 1892 931 1971 adnotavit,
951 1901 980 1953 ct
999 1910 1058 1951 non
1080 1893 1210 1951 mutarit.

59 2002 107 2061 ibi
129 2019 148 2062 e
169 2004 371 2076 commodata,
400 2000 478 2080 quod
508 2000 618 2061 habent
642 2000 823 2081 apographa,
851 2001 881 2059 in
905 1999 1064 2078 archetypo
1096 1999 1211 2058 ridetur

58 2110 211 2188 scriptum
240 2107 345 2169 luisse:
378 2110 422 2168 ibi
447 2117 477 2168 et
504 2110 691 2170 commodato
717 2125 753 2167 ex
777 2105 881 2167 Aldina
904 2107 1033 2167 editione
1058 2113 1210 2183 receptum

59 2224 137 2277 erat
185 2214 376 2276 scribendum
403 2222 503 2275 autem
531 2224 576 2277 est
601 2217 644 2275 ibi
666 2215 906 2289 accommodato,
936 2221 970 2274 ut
993 2212 1211 2291 Sclioettgenus

60 2325 190 2385 monuit.
236 2340 303 2383 nam
331 2322 388 2383 hoc
417 2322 507 2383 verbo
531 2322 601 2383 Cato
630 2322 666 2383 de
694 2323 907 2401 compositione
938 2324 1045 2400 trapeti
1070 2338 1142 2381 usus
1166 2328 1213 2380 est

60 2432 194 2511 saepius,
213 2424 301 2508 21,5
320 2431 399 2491 idem
418 2436 569 2508 trapetum
587 2437 705 2506 oportet
722 2432 936 2509 accommodet,
954 2426 1038 2510 22,1
1061 2436 1212 2505 trapetum

58 2542 122 2601 bac
146 2539 234 2599 mado
258 2539 491 2599 accommodare
514 2545 643 2615 oportet,
674 2536 712 2597 ib.
732 2535 753 2597 3
777 2540 859 2598 domi
880 2541 985 2598 metius
1008 2539 1212 2598 concinnatur

59 2655 93 2709 et
117 2647 376 2706 accommodatur.
398 2677 441 2688 —
466 2653 621 2707 arrectam
645 2655 675 2707 et
698 2664 723 2705 c.
746 2641 807 2706 138
832 2649 982 2706 arcebant
1004 2643 1152 2704 Victorius
1176 2662 1211 2703 ex

61 2754 169 2816 codice
192 2753 334 2813 restituit.

157 2859 308 2922 CXXXVI
331 2859 368 2920 ln
392 2878 476 2939 agro
501 2859 670 2921 Casinate
694 2858 771 2940 squ]
799 2858 945 2920 llubricae
969 2858 1033 2918 loco
1057 2860 1087 2917 in
1111 2856 1212 2917 arche·

62 2979 137 3050 typo
160 2969 345 3047 praescripta
368 2975 453 3028 erant
475 2967 557 3048 lraec,
581 2969 757 3029 Politioaem
780 2985 839 3043 pao
859 2973 951 3044 pacta
976 2968 1049 3026 dari
1066 2973 1212 3042 oporteat,

63 3094 144 3157 quae
168 3073 320 3135 Gesnerus
343 3077 373 3134 in
397 3076 483 3134 initio
507 3077 613 3154 capitis
635 3076 742 3154 posuit.
790 3075 857 3134 nam
881 3076 911 3134 in
935 3071 1085 3152 prioribus
1110 3073 1212 3132 editio-

63 3182 157 3245 nibus
181 3192 210 3242 et
233 3183 264 3241 in
287 3199 377 3241 manu
396 3183 517 3260 scriptis
536 3164 620 3241 libris
640 3200 674 3242 ea
692 3200 746 3260 pro
766 3183 960 3259 inscriptione
979 3181 1083 3261 posita,
1106 3179 1212 3239 deinde

63 3295 96 3353 in
122 3296 265 3351 contextu
289 3285 447 3348 verborum
467 3290 574 3348 omissa
594 3295 687 3349 erant.
716 3287 767 3347 sed
787 3289 955 3348 accuratius
974 3287 1045 3347 haec
1065 3289 1095 3346 in
1115 3286 1212 3346 indice

64 3396 267 3479 capitulorum
291 3396 402 3475 scripta
426 3404 509 3477 sunt,
534 3397 710 3456 Politiouem
734 3414 793 3471 pao
813 3404 906 3472 pacto
929 3398 1116 3472 redemptori
1137 3397 1214 3454 darc

66 3509 189 3569 debeas.
235 3521 326 3584 quare
355 3503 454 3565 addito
484 3502 581 3563 dativo
608 3505 806 3582 redemptori,
837 3521 924 3582 quem
952 3497 984 3563 is'
1007 3505 1059 3583 qui
1085 3501 1214 3562 indicem

66 3611 268 3694 capitulorum
292 3611 363 3671 iecit
385 3609 493 3690 legisse
517 3609 642 3688 ridetur,
667 3609 857 3670 scribendum
876 3619 940 3670 erat
959 3612 1136 3671 Potitiaaem
1155 3626 1214 3684 qua
1275 3586 1278 3593 Δ

64 3728 160 3799 pacto
193 3722 380 3797 redemptori
409 3720 484 3780 dari
508 3727 654 3796 oporteat.
706 3722 736 3778 ia
765 3735 842 3794 apro
873 3719 1015 3778 Casinate
1043 3736 1106 3795 sqq.
1135 3717 1213 3776 idem

68 3846 178 3890 nomen
206 3829 237 3887 in
264 3826 384 3888 rubrica
412 3828 565 3913 sequentis
594 3828 699 3905 capitis
727 3827 871 3904 scriptum
900 3832 945 3883 est
968 3832 998 3884 et
1021 3823 1123 3882 eodeni
1149 3822 1213 3882 loco

69 3937 99 3997 in
118 3936 253 4014 margine
273 3935 425 4014 archetypi
445 3934 627 4013 adscriptum
648 3942 724 4014 erat3
748 3935 778 3992 in
798 3939 937 3992 contextu
959 3930 1115 3991 verborum
1136 3930 1213 3990 idem

70 4042 179 4123 legitur
209 4038 324 4124 145,3
353 4045 457 4118 siquid
482 4043 682 4118 redemptoris
709 4058 804 4117 opera
832 4042 950 4100 domiuo
979 4041 1084 4100 damni
1110 4040 1213 4099 datum

74 4153 137 4211 crit.
184 4147 257 4228 quid
285 4149 323 4209 sit
351 4167 461 4226 aprum
478 4153 593 4229 potire,
622 4147 708 4208 docet
731 4146 845 4208 Nonius
867 4165 895 4225 p.
915 4142 967 4229 66,
987 4143 1028 4208 18
1052 4148 1214 4208 Potitiaaes

77 4274 219 4333 aprorum
247 4259 346 4318 cultus
373 4259 545 4334 diligentes,
573 4262 606 4315 ut
630 4258 726 4332 polita
754 4258 855 4316 amaia
882 4256 1011 4316 dicimus
1039 4257 1162 4316 exculta
1186 4260 1215 4314 ct
