2874 4994
140 300 183 364 22
499 304 691 361 COMMENT.
708 306 748 361 IN
767 304 925 360 CATONIS
1033 305 1037 309 ’

141 457 260 545 (dicens
283 461 375 522 codex
398 460 593 543 Levandnus,
615 464 721 523 dicant
744 462 788 521 vel
812 464 919 523 dicam
940 460 1061 544 reliqui,
1085 465 1190 525 dicent
1210 461 1283 544 Moy·
1333 474 1336 485 ·

141 561 276 652 hodius),
299 573 336 630 ‘ta
361 568 481 645 sriaido
504 576 605 630 antem
628 577 658 630 et
680 587 786 630 macro
809 571 953 630 liciniam.
997 573 1108 646 omani
1129 573 1210 632 enim
1233 580 1284 632 oat

139 677 273 754 tarenti
292 679 399 737 vitiari
420 679 485 737 eins
507 680 604 738 oleam
625 677 826 751 arboremque
844 679 940 753 ipsam
960 676 1123 752 fertilitate
1141 682 1283 753 consumi,

72 853 73 858 γ
141 803 244 846 masao
268 791 436 861 praeterea
463 791 494 845 et
518 786 632 846 rubore
655 783 806 860 infestari.
852 791 993 861 spectare
1015 787 1124 846 oliveta
1148 788 1180 845 ia
1201 784 1284 861 saon·

141 895 225 953 niam
258 894 324 952 loeo
357 893 493 968 exposito
523 893 636 953 solidas
668 899 771 952 censet
796 909 853 952 neo
881 894 942 952 alio
970 894 1030 952 atto
1057 892 1145 952 modo
1173 895 1286 953 tondat.

142 992 218 1082 (Gai.
240 996 268 1078 7,
282 990 319 1080 4)
343 999 435 1058 condi
457 1000 551 1058 olivas
574 1000 684 1074 optime
707 1000 839 1058 orchites
863 1004 893 1058 et
910 999 1015 1074 posias
1042 1000 1091 1058 oet
1116 1000 1231 1059 virides
1257 1001 1287 1060 io

142 1108 244 1166 maria
263 1108 311 1165 vel
324 1103 447 1180 fractas
466 1107 497 1164 ia
516 1106 650 1165 lentisco.
692 1096 769 1186 (Cot.
789 1095 847 1186 65)
866 1107 962 1164 oleam
981 1120 1072 1178 qaam
1091 1106 1288 1167 acerbissimo

143 1216 222 1274 oliva
241 1215 383 1289 optimam
399 1213 480 1285 fieri,
499 1218 601 1272 cetero
619 1229 709 1286 qaam
725 1215 857 1287 primam
878 1217 995 1272 eterra
1010 1214 1211 1287 oolliaeadam
1226 1230 1289 1293 sqq.

232 1317 305 1379 Hoc
336 1335 448 1393 genus
481 1316 579 1377 olene
611 1320 647 1378 in
675 1316 763 1377 XXV
796 1325 855 1378 not
886 1320 922 1378 in
951 1316 1041 1378 XXX
1070 1319 1180 1398 pedes
1208 1339 1289 1381 eon·

145 1425 273 1504 serito]
302 1427 364 1486 Ant
390 1428 421 1485 in
450 1424 551 1484 XXX
570 1427 678 1501 pedes,
707 1423 785 1504 qnod
816 1424 907 1485 codex
936 1424 1089 1487 Parisinus
1114 1426 1137 1485 Α
1165 1435 1196 1488 et
1223 1445 1289 1507 apo·

144 1533 254 1614 grapho
273 1531 414 1592 italorum
432 1531 542 1592 hebeni
560 1534 591 1592 in
610 1531 770 1612 archetypo
790 1534 934 1611 scriptum
954 1541 1026 1613 erat,
1045 1552 1073 1594 a.
1088 1533 1188 1595 XXX
1197 1539 1291 1612 pedes

144 1641 295 1702 Medioens
319 1659 364 1720 m,
387 1647 441 1700 aot
464 1642 592 1714 triainta
612 1641 706 1715 pedes
729 1638 807 1698 edita
831 1646 898 1698 ante
918 1636 1081 1699 victorium
1104 1640 1291 1722 exemplaria,

146 1747 198 1809 nbi
234 1745 439 1825 neglegentius
471 1744 634 1807 Politianus
666 1746 917 1824 praepositionem
950 1764 1008 1806 non
1042 1745 1161 1808 addidit
1217 1747 1292 1808 Piin.

145 1851 285 1915 xv1193
312 1858 379 1915 olea
402 1862 502 1914 tamen
525 1856 657 1913 maximo
682 1856 857 1933 intervallo,
885 1855 923 1913 de
945 1871 1007 1928 qao
1034 1855 1156 1915 Catonis
1180 1856 1292 1927 Italica

144 1965 294 2024 sententia
318 1963 417 2023 estin
442 1960 538 2020 XXV
554 1961 693 2040 pedibas,
713 1963 878 2037 plurimam
902 1961 1000 2020 XXX
1020 1964 1091 2022 seri.

235 2065 256 2129 2
281 2065 342 2127 Sin
370 2068 405 2127 in
433 2065 510 2126 loco
534 2084 657 2126 crasso
680 2073 741 2126 nui
763 2064 879 2127 calido
904 2067 1058 2147 seueris]
1084 2069 1139 2129 Sia
1162 2071 1194 2129 ia
1218 2072 1294 2143 loeo,

147 2175 225 2255 qnod
250 2173 390 2235 nonnulla
413 2172 581 2252 apographo
605 2180 634 2233 et
658 2173 736 2233 edito
760 2173 856 2234 adhuc
879 2174 1057 2252 exemplaria
1075 2173 1194 2256 habent,
1217 2173 1293 2236 Poli-

147 2285 245 2344 tianus
278 2283 309 2341 in
340 2282 477 2360 principe
509 2280 639 2340 editione
672 2298 731 2340 non
764 2282 908 2360 correxit,
940 2284 969 2342 si
1000 2285 1030 2342 ia
1059 2285 1124 2343 loeo
1152 2283 1234 2342 Amo.
1264 2283 1295 2343 in

147 2389 307 2468 archetypo
335 2386 453 2448 videtur
482 2391 530 2448 sia
557 2386 653 2448 deleta
683 2408 701 2448 n
730 2386 828 2447 littera
862 2389 1007 2466 seriptum
1039 2388 1140 2449 inisse.
1187 2389 1296 2450 deinde

147 2500 248 2559 calido
273 2497 329 2556 init
351 2497 382 2554 in
406 2493 580 2575 archetypo,
606 2497 696 2555 caldo
720 2494 801 2555 dedit
825 2493 989 2576 luonndus,
1012 2499 1113 2558 calido
1137 2495 1297 2577 Victorius,

148 2607 238 2665 coldo
266 2603 395 2663 Meursio
428 2608 549 2660 auctore
578 2599 728 2661 Gesnerns
757 2604 902 2682 restituit,
933 2611 963 2663 et
990 2605 1029 2663 ito
1058 2605 1204 2683 seriptum
1232 2613 1299 2667 erat

151 2729 239 2791 supro
265 2714 296 2770 in
320 2726 397 2785 aero
421 2726 526 2769 crasso
550 2715 579 2768 et
602 2711 706 2787 coldo,
729 2710 801 2768 item
826 2704 869 2770 75
888 2708 961 2785 foco
983 2712 1080 2783 ealda,
1106 2707 1198 2792 76,4
1222 2720 1298 2774 testo

149 2821 251 2891 coldo,
285 2812 327 2876 79
356 2818 485 2876 ahenam
514 2817 649 2895 caldam,
679 2812 722 2877 80
750 2834 871 2892 manaem
901 2819 1023 2878 caldam
1051 2826 1080 2877 ei
1108 2821 1230 2880 caldam
1259 2838 1300 2881 ae

149 2929 282 2998 nimiam,
303 2919 391 3003 95,2
411 2940 569 3015 amurcam
588 2896 717 2996 caldam,
740 2919 811 3004 157,
827 2922 846 2985 8
866 2926 1035 2985 brassicam
1049 2927 1179 3006 caldam,
1197 2925 1238 2986 ih.
1255 2923 1300 2989 10

149 3035 220 3093 latio
243 3033 345 3105 caldo,
370 3026 454 3110 34‚1
481 3033 512 3089 in
536 3032 716 3091 caldissimts
739 3034 826 3106 loeis,
853 3030 944 3091 semel
968 3027 1056 3111 652
1079 3034 1300 3096 calidissimam

151 3141 362 3212 torcolarium,
382 3123 460 3215 quod
480 3138 611 3218 correxi,
630 3137 681 3198 sed
701 3156 783 3213 aqua
798 3141 909 3214 calida,
929 3156 989 3197 non
1004 3141 1095 3200 calda
1111 3137 1162 3202 81.
1178 3136 1254 3223 156,
1268 3138 1300 3204 5.

151 3241 224 3325 157,
239 3242 309 3324 3;4
332 3251 362 3303 et
388 3240 450 3305 156
464 3239 494 3323 3,
518 3243 570 3303 ubi
593 3248 672 3305 lavet
695 3246 797 3305 oaada
821 3246 966 3324 scriptum
989 3253 1061 3305 eret.

239 3349 260 3413 3
283 3350 326 3411 Et
348 3352 498 3411 materia
521 3353 551 3411 si
575 3369 642 3430 quo
667 3369 757 3430 opus
780 3353 829 3411 sit
850 3360 973 3430 parata
997 3352 1080 3430 erit]
1104 3354 1144 3414 Et
1166 3358 1302 3417 materia

149 3464 179 3521 si
204 3461 280 3535 qnid
305 3476 379 3535 opas
407 3460 467 3517 erit
491 3465 609 3534 parata
637 3461 677 3518 sit
699 3456 824 3540 Merula,
853 3467 881 3520 et
908 3464 1082 3541 materiam,
1109 3469 1143 3521 at
1170 3465 1199 3523 si
1224 3465 1304 3538 qaid

152 3585 226 3643 opas
245 3570 305 3626 erit
318 3572 436 3641 parato
454 3567 510 3624 siet
529 3563 689 3643 iucunduS,
711 3571 741 3625 et
758 3569 898 3640 materia,
918 3567 1007 3641 siqdo
1026 3584 1099 3644 opas
1118 3572 1164 3642 sit,
1180 3578 1302 3646 parata

152 3676 211 3733 erit
229 3670 380 3749 Angelius,
403 3668 456 3730 ubi
478 3674 584 3745 siquae
608 3669 688 3731 dedii
708 3669 864 3733 Victorino.
900 3677 1017 3754 siano,
1042 3674 1119 3753 quod
1144 3677 1174 3734 in
1196 3676 1301 3737 arohe-

152 3786 221 3856 typo
246 3778 316 3858 init,
340 3778 471 3858 restitui,
499 3775 527 3837 h.
546 3796 572 3840 e.
595 3778 631 3838 nd
655 3778 782 3857 aliquam
807 3798 883 3840 rem:
911 3777 963 3860 22,
987 3777 1007 3841 3
1031 3798 1066 3842 eo
1091 3787 1203 3860 sumpti
1224 3802 1302 3862 opas

153 3893 197 3946 est
224 3885 349 3945 IISLX.
395 3893 548 3963 praeterea
575 3891 717 3948 materies
745 3889 865 3969 scripsi,
897 3896 929 3947 nt
957 3897 1003 3947 est
1030 3889 1107 3967 apud
1135 3886 1302 3951 Varronem

152 4009 176 4052 r.
199 4009 224 4051 r.
248 3988 376 4071 124,3
403 3994 486 4067 qaod
511 3992 584 4053 Cato
613 3997 657 4054 ait
685 3997 803 4055 circam
827 3992 958 4069 [andam
986 3998 1081 4056 almos
1109 4004 1138 4057 et
1161 4003 1301 4075 populos,

152 4100 233 4159 ande
248 4097 317 4174 fros
336 4101 439 4159 onibus
458 4106 487 4159 et
505 4101 602 4160 dabas
620 4104 659 4160 sit
678 4104 876 4175 amatorios,
895 4105 959 4162 seri
976 4111 1125 4178 oportere.
1167 4107 1300 4166 nomino-

153 4207 212 4266 tivo
236 4222 307 4265 casu
330 4209 472 4266 materies
495 4204 531 4265 de
555 4205 634 4284 ligno
659 4207 803 4285 scriptum
828 4214 873 4267 esi
902 4205 982 4286 17,1
1009 4210 1126 4286 saepius
1150 4217 1180 4270 et
1202 4208 1254 4292 31,
1270 4209 1301 4293 2,

153 4313 224 4372 item
243 4313 410 4372 accusativo
429 4317 585 4374 materiem
607 4309 691 4393 14‚3
711 4312 765 4392 bie,
790 4311 876 4393 31,2
896 4313 951 4394 bis,
970 4311 1020 4396 37,
1035 4313 1066 4375 4.
1088 4313 1158 4378 123.
1180 4314 1253 4399 151,
1268 4317 1300 4399 2,

155 4416 246 4479 semei
270 4415 359 4499 37,4
380 4423 541 4481 materiam
563 4421 708 4499 scriptum
728 4428 805 4480 erat:
828 4420 924 4482 dativo
945 4440 1023 4511 casu·
1033 4427 1183 4495 materiae
1203 4421 1254 4507 18,
1269 4422 1299 4507 6,
