2874 4994
249 334 312 398 130
606 341 796 398 conuunr.
815 342 855 397 nt
875 308 1032 398 canorus

248 506 340 579 team,
367 507 400 558 nt
423 498 574 558 Gesnorus
607 498 765 559 adnotavit.
810 501 980 560 martimum
1003 505 1033 558 ct
1056 496 1163 558 doinde
1186 496 1377 557 morticinio

248 604 349 665 codice
373 604 505 665 llcdicco
532 624 561 665 m
590 608 735 684 scriptum
764 615 818 666 est
864 605 937 666 Plin.
957 604 1008 664 XV
1030 602 1093 667 123
1122 603 1160 665 de
1189 612 1288 703 myrto
1318 602 1378 665 cao

248 715 353 773 docuit
375 714 475 772 aiaton
496 715 570 785 ficri
592 716 719 788 suipra
737 716 856 774 siccato
875 730 970 789 usque
989 717 1019 772 in
1039 715 1218 773 ariditatem
1236 715 1269 772 in
1287 712 1379 772 ambr
1427 768 1429 779 ,

248 827 340 895 utque
364 823 407 880 ito
431 829 527 881 musio
551 823 657 881 indito.
698 824 807 881 sinon
831 824 987 881 siccentur
1009 821 1115 895 bocca,
1137 822 1237 881 oleum
1256 819 1349 894 pruni
1426 826 1429 877 i

338 926 461 988 cxxvi
489 927 536 987 bd
566 929 719 987 tormina
748 937 782 988 et
810 930 840 988 si
867 926 971 988 aluus
999 944 1067 987 non
1095 926 1278 988 consistet
1303 932 1336 984 et
1357 924 1381 983 ai
1427 952 1429 991 ;

201 1072 205 1077 -
248 1035 366 1094 leniae
395 1043 429 1093 et
458 1033 628 1096 lumbrici
656 1033 801 1096 molesti
829 1032 949 1112 erunt]
982 1035 1128 1096 Concitet
1154 1035 1186 1093 iu
1215 1029 1382 1093 rubricaet
1426 1056 1429 1085 ε

247 1142 278 1200 in
311 1141 409 1201 indice
442 1140 640 1220 capitulorum
669 1139 832 1202 Politiauus
867 1160 935 1202 curn
967 1139 1157 1220 apographis,
1190 1140 1382 1201 conairiaiiu

250 1247 369 1309 rubrica
393 1248 484 1308 editio
505 1247 636 1308 Victorii.
677 1251 706 1307 in
731 1257 872 1309 contextu
891 1247 1050 1309 verborum
1068 1250 1214 1309 consistet
1230 1244 1383 1325 apograpln

248 1365 278 1415 et
306 1354 469 1437 Victorius,
502 1359 648 1417 consistat
675 1354 839 1416 Politiauus
873 1355 1078 1435 neglegcntius
1105 1362 1243 1416 correcta
1266 1351 1382 1439 ,lectione

247 1464 392 1542 principis
420 1463 574 1543 editionis,
608 1465 638 1522 iu
671 1481 729 1541 qua
762 1461 834 1523 boec
862 1464 893 1522 in
922 1461 1042 1523 rubrica
1069 1463 1165 1541 posita
1194 1469 1226 1521 et
1254 1462 1287 1521 in
1313 1461 1383 1521 initio

248 1571 353 1647 rapitis
377 1572 485 1630 omissa
509 1580 589 1650 stant,
613 1570 745 1629 retinuit.
774 1569 826 1629 sed
849 1569 956 1630 deinde
980 1573 1097 1631 molesti
1118 1574 1212 1631 erum
1228 1567 1311 1629 idem
1327 1586 1382 1629 con

249 1675 334 1736 libris
358 1695 447 1738 manu
471 1678 600 1755 scriptis,
625 1679 696 1736 item
720 1677 750 1735 in
774 1676 871 1737 indico
895 1676 1101 1757 capitulorum.
1137 1694 1206 1737 nant
1230 1674 1306 1736 ialso
1327 1674 1384 1736 Ges

247 1802 339 1844 ueros
358 1792 458 1864 erunt,
481 1802 536 1863 pro
556 1801 615 1862 quo
634 1787 764 1844 existent
782 1791 828 1844 est
846 1785 877 1843 in
896 1785 1033 1862 principe
1052 1782 1194 1864 editione,
1217 1801 1234 1842 a
1255 1781 1384 1844 Politiam

249 1892 391 1951 omissum
416 1908 482 1951 csse
506 1890 664 1951 adnotavit.

337 1997 477 2058 CXXVII
510 1993 527 2056 1
561 1994 608 2055 dd
642 1994 870 2076 dyspepsiam
904 2003 938 2055 et
970 1996 1215 2073 stranguriam
1250 1993 1384 2071 mederi]

249 2104 372 2165 Mederi
393 2105 424 2163 in
449 2101 568 2163 rubrica
592 2111 622 2162 et
646 2104 677 2162 iu
701 2102 797 2163 indice
822 2102 1018 2182 capitulorum
1043 2103 1189 2181 scriptum
1214 2122 1276 2164 non
1299 2110 1384 2165 estet

249 2214 279 2271 in
308 2210 396 2271 editis
424 2218 492 2271 ante
521 2207 684 2270 Victoriam
714 2208 933 2288 exemplaribus
960 2211 1103 2269 omissum
1132 2218 1211 2290 erat;
1251 2220 1386 2290 tamqoao

249 2320 385 2398 spurium
409 2318 560 2378 Gesnerus
590 2319 711 2377 notavit.
758 2320 801 2377 ad
827 2317 863 2377 de
891 2316 982 2378 rebus
1011 2315 1046 2375 ad
1075 2334 1149 2395 quas
1179 2317 1252 2395 quid
1277 2315 1387 2379 remedii

249 2443 337 2484 causa
362 2433 483 2504 paratur
507 2424 620 2484 dictum
644 2431 690 2483 est
714 2442 738 2483 c.
761 2421 824 2484 125
849 2427 948 2484 idest
971 2426 1135 2484 adcitum
1159 2426 1295 2485 crudum
1311 2432 1339 2487 et
1354 2425 1389 2484 ati

249 2536 354 2593 icteris
383 2535 516 2592 dolorem
544 2540 572 2592 et
600 2534 644 2591 oti
669 2534 850 2605 carliacum,
879 2549 903 2590 c.
926 2526 988 2591 126
1013 2533 1057 2591 uti
1078 2533 1222 2605 tormina,
1248 2540 1280 2593 et
1301 2530 1387 2593 addito

250 2638 394 2698 adiectivo
423 2635 467 2698 vci
498 2636 589 2698 verbo
613 2634 723 2699 0123
747 2640 848 2697 vinum
871 2640 914 2697 oti
937 2640 1066 2698 isciacos
1087 2640 1134 2698 sic
1153 2637 1265 2720 facito,
1290 2636 1387 2719 toti-1

250 2748 294 2805 oti
319 2764 420 2806 omues
448 2764 498 2805 res
525 2747 649 2805 salubre
672 2754 728 2824 est,
759 2740 876 2824 157‚4
900 2747 1012 2821 optima
1035 2751 1080 2804 est
1102 2746 1147 2804 od
1167 2747 1300 2808 huiusce
1321 2746 1392 2807 uoti

251 2856 366 2925 ruiana,
395 2848 506 2930 161,4
530 2854 628 2911 idest
651 2854 792 2927 optimum
816 2853 859 2909 od
880 2868 946 2910 eum
966 2868 1039 2911 rem.
1072 2848 1198 2911 aliorum
1218 2854 1390 2933 scriptorum

251 2957 383 3035 exentpla
404 2956 537 3018 Haudius
556 2955 682 3017 Turseli.
703 2976 728 3017 v.
745 2955 758 3016 l
777 2976 803 3035 p.
821 2952 884 3017 118
904 2946 1062 3017 adnotavit.
1092 2956 1127 3016 ad
1147 2959 1391 3039 praepositionem

251 3073 350 3124 atatem
374 3083 441 3125 cum
466 3082 520 3124 suo
545 3067 663 3124 nominc
688 3063 836 3141 adpositas
856 3073 902 3124 est
921 3064 1084 3123 inlinitirus
1102 3066 1231 3145 mederi,
1255 3084 1316 3146 quo
1338 3080 1391 3125 rem

251 3171 287 3231 ad
312 3170 489 3231 medendum
512 3170 615 3231 totilam
639 3189 705 3230 esse
729 3173 899 3231 accuratius
922 3169 1073 3233 delinitur.

340 3275 592 3339 2lnconatum
618 3277 717 3340 iubet
741 3297 819 3339 esse
843 3278 1023 3359 postridie
1050 3278 1168 3340 thuris
1185 3271 1394 3341 ‘drachman

251 3404 354 3448 unam
382 3386 564 3444 conterito
594 3394 628 3445 et
656 3385 722 3445 mel
746 3395 886 3446 coctum
910 3384 1113 3445 drachmam
1138 3403 1244 3447 unam
1268 3395 1306 3448 et
1328 3384 1395 3446 uini

252 3494 450 3553 sextarium
474 3491 648 3569 origauiti
672 3491 752 3551 dato
776 3490 913 3569 ieiuno]
945 3494 1141 3552 trecenorum
1170 3495 1243 3555 iube
1266 3512 1332 3556 ease
1348 3509 1395 3570 ptr

251 3602 368 3660 stridis.
420 3600 518 3656 lituris
547 3599 725 3657 drachmum
759 3602 907 3659 couterito
935 3604 963 3658 et
991 3602 1051 3659 mei
1075 3606 1195 3660 coctum
1223 3603 1396 3663 orarium

252 3722 359 3775 unum,
388 3711 417 3762 et
444 3704 508 3762 viui
534 3707 695 3763 sestarium
723 3712 752 3764 et
774 3707 952 3778 artronum,
981 3707 1052 3765 dato
1077 3708 1179 3767 ieiuno
1202 3706 1333 3789 Merula,
1358 3710 1397 3767 ia·

254 3818 412 3871 coenatum
445 3810 514 3868 iube
546 3828 618 3882 esse,
647 3813 798 3886 postridie
830 3812 929 3871 lituris
961 3812 1141 3872 drachmum
1174 3818 1342 3899 conterite,
1370 3820 1396 3873 ei

254 3921 347 3978 meliis
376 3919 458 3977 cocti
485 3918 664 3977 drachmam
692 3935 797 3997 unum,
830 3924 863 3976 ut
892 3920 956 3978 trini
978 3920 1137 3994 praedicti
1160 3922 1398 3994 sarmium

254 4028 424 4098 ariadnam,
449 4025 520 4083 doto
545 4027 645 4084 ieiuno
669 4021 829 4084 iucundus.
864 4032 893 4084 et
916 4027 980 4085 vini
1001 4027 1174 4085 sextarium
1194 4028 1348 4102 oriouoiti
1365 4040 1397 4083 ex

254 4131 356 4190 codice
380 4129 529 4189 Victorius
553 4131 694 4190 restituit.
740 4134 841 4191 uinum
865 4134 1052 4205 oripaaitum
1075 4130 1135 4191 dici
1158 4138 1280 4209 poterat
1306 4134 1398 4193 vtoon

255 4254 322 4295 torm
351 4237 472 4312 origano
502 4239 640 4317 mixtum,
671 4233 960 4298 utc.125oiuum
984 4245 1147 4311 murteum,
1175 4238 1214 4300 de
1239 4258 1300 4319 quo
1323 4238 1398 4298 liioa·

253 4340 371 4402 corides
391 4349 491 4400 mater.
511 4343 587 4403 med.
606 4339 685 4402 V61
707 4343 810 4404 scribit
829 4339 1018 4425 ὀριγανίτης
1037 4334 1159 4428 (οἶνος)
1175 4336 1221 4406 δι’
1243 4340 1398 4427 ὀριγάνου

263 4446 513 4528 liparitanam
542 4446 729 4522 σκευάζεται
758 4446 879 4530 ὁμοίως
906 4457 950 4536 τῷ
978 4450 1106 4533 θυμίτῃ
1129 4458 1238 4514 ποιῶν
1261 4449 1344 4533 πρὸς
1364 4444 1398 4511 ati
