2874 4994
219 295 263 360 40
578 303 768 361 ΟΟΜΜΕΝΤ.
789 304 829 360 ΙΝ
848 304 1005 361 CATONIS

219 478 345 522 scamna
369 461 426 521 ΙΙΙ
443 464 533 523 sellas
553 461 580 520 V
604 465 679 523 telos
704 465 818 538 iopales
844 463 921 524 duas
944 465 1110 525 luminaria
1132 462 1176 524 Vl
1191 464 1365 540 paullulum

218 571 321 646 pilam,
345 569 398 629 ubi
420 571 555 630 triticum
569 573 703 647 pinsant,
727 587 828 646 anam,
847 569 1029 647 fullonicam
1047 588 1139 632 unam
1157 569 1308 631 Victorius
1326 586 1365 630 ex

222 675 350 737 editione
373 674 486 758 Aldina,
509 677 595 737 cuius
619 675 777 738 lectionem
800 679 831 738 in
854 677 1043 739 adnotatione
1066 677 1201 738 iudicavi.
1247 679 1365 738 lumina

221 803 277 846 sea
295 786 440 864 ineptum,
458 783 564 845 deinde
583 787 748 846 luminaria
771 784 814 846 Vl
830 786 934 847 vitiose
952 786 1113 865 repetitum
1132 802 1197 845 esse
1214 782 1366 846 bleursius

223 890 344 952 viderat.
377 893 408 951 in
426 889 550 969 reliquis
568 890 720 970 archetypi
735 893 913 970 scripturam
927 893 1055 975 restitui,
1069 891 1232 968 fenestras,
1250 895 1367 954 clatros

223 1003 255 1061 ia
284 998 438 1075 fenestras
469 1000 595 1060 maioris
622 1000 770 1075 bipedalis
796 1000 841 1074 X,
873 1003 1039 1061 luminaria
1064 1000 1119 1081 Vl,
1149 1015 1276 1061 scamna
1304 998 1368 1078 ΙΙΙ,

223 1109 312 1167 sellas
328 1105 360 1180 V,
378 1109 454 1166 telas
472 1107 581 1180 tapam
600 1107 686 1186 duas,
700 1110 870 1183 paullulum
885 1110 980 1184 pilam
999 1108 1052 1168 ubi
1069 1109 1202 1168 triticum
1219 1109 1326 1183 pirosat
1341 1106 1367 1187 Ι,

221 1212 382 1288 fulloniam
401 1213 425 1271 I.
463 1210 618 1273 luminaria
642 1206 797 1273 ‘loriculas
820 1209 1035 1275 fenestrarum’
1058 1215 1272 1293 interpretatur
1291 1211 1368 1273 Tur·

225 1318 320 1380 nebus
343 1318 457 1379 advers.
481 1315 587 1400 8,13:
615 1316 703 1396 gloss.
726 1317 935 1399 latino-graec.
959 1340 985 1382 v.
1008 1319 1035 1380 ll
1058 1339 1086 1399 p.
1107 1316 1180 1401 125,
1202 1317 1241 1382 13
1265 1320 1368 1380 Lumi-

225 1429 317 1489 naria
341 1422 488 1505 διαφανῆ
512 1424 730 1506 murmuriosa,
759 1424 897 1506 λυχνικὰ
920 1420 974 1488 καὶ
998 1434 1107 1508 φῶτα,
1135 1427 1224 1507 gloss.
1246 1443 1368 1505 graeco·

227 1534 274 1594 lat.
297 1532 336 1593 ib.
359 1551 387 1612 p.
406 1530 481 1613 474,
495 1529 537 1594 28
561 1531 762 1613 φωταγωγός
785 1536 994 1616 luminarium,
1018 1542 1194 1596 transenna.

315 1637 336 1702 3
377 1638 504 1700 Haerei
543 1641 727 1700 materiem
764 1648 798 1701 et
835 1658 923 1720 quae
960 1659 1048 1722 opus
1085 1648 1169 1702 sunt
1205 1639 1370 1701 dominus

228 1745 418 1828 praebebit
450 1733 491 1806 et'
516 1744 557 1806 ad
589 1762 678 1825 opus
711 1744 809 1808 dabit
836 1747 1000 1809 succidet
1031 1747 1166 1810 dolabit
1194 1765 1329 1809 serram
1357 1747 1371 1807 l

228 1853 388 1916 lineaml
410 1854 592 1914 materiam
615 1853 797 1914 dumtaxat
816 1852 953 1915 secabit
972 1856 1151 1935 facietque
1170 1854 1371 1916 conductor

229 1959 394 2042 lapidem]
419 1961 520 2021 Herus
547 1963 703 2023 materiem
731 1968 761 2022 et
787 1980 866 2037 quae
889 1979 963 2038 opus
986 1970 1056 2023 sunt
1079 1965 1181 2023 domui
1198 1963 1373 2040 praestabit

229 2079 258 2132 et
282 2072 325 2131 ad
345 2087 420 2146 opus
443 2069 536 2129 dabit.
572 2071 710 2130 succidet
732 2071 847 2130 dolabit
869 2072 994 2131 lineablt
1015 2072 1189 2145 secabitque
1211 2072 1373 2131 materiam

230 2193 322 2237 ranam
350 2178 511 2236 duntaxat.
557 2178 726 2237 conductor
749 2194 820 2237 uero
843 2180 928 2252 tiana
950 2178 1081 2254 lapidem
1103 2176 1223 2238 Merula.
1268 2175 1372 2237 arebe-

231 2285 292 2363 typi
320 2281 477 2343 lectionem
502 2281 650 2343 Victorius
678 2285 811 2344 restituit
838 2292 869 2344 et
895 2285 926 2344 iu
954 2282 1198 2362 explicationibus
1225 2282 1300 2343 baec
1323 2281 1373 2343 ad·

230 2392 351 2470 notarit,
374 2384 446 2450 ‘Hae
470 2391 514 2450 rei
535 2392 689 2451 materiem
709 2398 778 2451 etc:
801 2389 857 2451 Hic
875 2389 959 2452 locus
978 2390 1060 2451 valde
1079 2408 1094 2450 a
1114 2408 1253 2471 perverso
1272 2389 1373 2469 aliquo

232 2505 401 2560 correctore
425 2495 602 2576 depravatus
626 2498 730 2558 iuerat.
775 2497 869 2569 Quam
893 2515 948 2557 nos
972 2499 1160 2576 reposuimus
1184 2499 1374 2576 scripturam,

232 2609 262 2666 in
286 2606 397 2684 optimo
420 2602 582 2683 exemplari
604 2602 730 2665 fideliter
750 2611 952 2664 conservatam
971 2606 1146 2665 invenimus.
1182 2604 1239 2665 boc
1257 2611 1374 2664 tantum

232 2711 307 2774 labis
334 2720 410 2791 erat,
438 2710 517 2790 quod
546 2729 581 2772 ex
608 2709 723 2771 duabus
751 2711 855 2790 primis
879 2709 1001 2777 vocibus
1023 2712 1192 2790 importune
1216 2729 1272 2772 uua
1297 2711 1376 2770 iacta

233 2815 321 2881 erat’.
367 2823 425 2880 leae
453 2823 501 2881 rei
526 2821 682 2879 materiem
710 2825 739 2879 et
767 2836 846 2894 quae
869 2836 943 2895 opus
965 2826 1035 2879 sunt
1058 2821 1196 2879 dominus
1214 2819 1378 2896 praebebit

233 2937 262 2990 et
290 2931 333 2988 ad
358 2945 432 3005 opus
456 2929 541 2987 dabit
563 2927 714 2999 (succidet
736 2927 851 2986 dolabit
872 2927 997 2986 lineabit
1019 2928 1193 3001 secabitque
1215 2927 1378 2986 materiam

234 3039 395 3097 dumtaxat
421 3035 602 3107 conductor)
631 3034 761 3110 lapidem
785 3030 994 3094 Schneiderus.
1040 3034 1229 3112 transpositis
1256 3029 1378 3092 duobus

235 3142 333 3203 verbis
355 3143 494 3201 succidet
515 3142 638 3219 dolabit,
661 3157 736 3218 quae
760 3138 854 3200 alieno
878 3118 943 3200 loco
967 3141 998 3200 in
1020 3139 1123 3200 codice
1147 3141 1258 3220 scripta
1281 3148 1378 3218 erant,

235 3251 342 3329 scripsi
369 3252 428 3309 bae
455 3251 503 3309 rei
529 3250 685 3307 materiem
712 3254 742 3308 et
768 3265 847 3322 quae
869 3265 944 3324 opus
965 3254 1036 3308 sunt
1059 3249 1196 3307 dominus
1216 3247 1380 3324 praebebit

236 3364 264 3418 et
292 3359 335 3417 ad
357 3374 430 3433 opus
454 3355 539 3415 dabit
559 3371 679 3414 serram
703 3355 732 3429 I,
760 3357 870 3415 lineam
894 3356 913 3414 l
933 3356 1103 3427 (matulam
1126 3357 1287 3414 dumtaxat
1308 3372 1378 3414 suc-

236 3467 326 3537 cidet,
346 3464 468 3535 dolabit,
486 3462 602 3521 secabit
617 3459 773 3536 facietque
787 3464 979 3536 conductor),
998 3464 1128 3538 lapidem
1142 3478 1206 3539 sqq.
1239 3459 1380 3521 dominus

238 3572 315 3630 enim
345 3577 462 3647 praeter
490 3568 643 3626 materiem
672 3576 702 3627 et
728 3566 856 3649 reliqua,
884 3586 959 3647 quae
987 3568 1022 3628 ad
1046 3566 1143 3627 villam
1166 3566 1380 3627 aedificandam

237 3694 313 3755 opus
342 3683 424 3754 sunt,
452 3675 539 3734 etiam
568 3692 680 3734 serram
709 3682 738 3734 et
766 3674 872 3735 lineam
901 3674 1035 3754 praebet3
1063 3673 1238 3734 conductori
1261 3681 1380 3734 tantum

237 3783 325 3845 modo
349 3783 445 3861 ipsum
470 3798 544 3861 opus
568 3781 735 3842 iaciendum
759 3790 813 3842 est.
835 3814 873 3824 -
898 3782 929 3840 in
953 3781 1050 3841 dativo
1074 3798 1143 3841 casn
1168 3781 1380 3859 pronominum

238 3890 386 3950 Victorius
410 3888 532 3949 eandem
556 3889 680 3949 lormam
702 3908 737 3950 ex
757 3888 916 3968 archetypo
936 3889 1067 3949 restituit
1085 3885 1137 3968 46,
1155 3886 1170 3948 l
1191 3896 1296 3949 terrae
1314 3905 1382 3963 eae,

240 3995 304 4059 142
328 4016 383 4058 eae
407 4000 561 4074 imperari,
587 3991 650 4058 153
674 4006 705 4056 et
729 3992 792 4057 154
815 3998 885 4056 illae
907 3999 957 4057 rei
978 4004 1007 4055 et
1030 3994 1165 4054 similiter
1192 3992 1274 4075 19,1
1298 4013 1383 4057 unae

234 4107 357 4180 fibulae.

328 4212 365 4272 ln
399 4211 537 4290 tegulas
569 4209 730 4289 singulas
758 4209 784 4269 ll
815 4208 848 4268 id
883 4218 1016 4269 lectum
1049 4210 1100 4269 sic
1132 4207 1382 4271 numerabitur

239 4318 359 4396 tegula
383 4320 523 4395 integra
547 4337 633 4397 quae
658 4318 728 4377 erit
752 4335 839 4396 quae
864 4334 931 4376 non
953 4318 1023 4376 erit
1042 4316 1133 4377 unde
1153 4325 1279 4395 quarta
1297 4335 1382 4396 pars

240 4423 360 4486 aberit
392 4424 479 4484 duae
512 4443 575 4503 pro
606 4443 671 4485 una
700 4422 917 4485 cauliciares
945 4441 1032 4502 quae
1061 4431 1167 4484 erunt
1193 4440 1255 4502 pro
1282 4423 1382 4485 binis
