2874 4994
315 317 318 321 ’
392 362 522 422 nsnrn
540 362 778 423 nrsmcnnvn
796 362 864 423 nm.
882 362 922 421 m
941 357 1026 423 sus
1215 352 1281 426 259

143 519 343 600 gignuntur
369 523 429 602 qui
458 521 498 585 ad
527 521 700 586 farturam
728 519 912 602 meliores]
939 521 1023 585 ibae
1049 525 1181 602 optimae
1203 525 1281 588 edita

141 625 212 688 inde
236 645 252 688 a
275 629 409 710 principe
433 630 563 693 editione
586 630 776 712 exemplaria,
800 637 873 694 tuae
895 631 1013 709 opimae
1035 628 1185 694 Gesnerus
1212 651 1281 695 ccu-

140 735 222 795 iecit.
267 741 340 798 tuac
362 740 493 814 optimae
515 744 598 816 sant,
621 746 695 800 tane
718 741 798 816 palli
819 740 948 816 plurimi
966 741 1137 815 pipaaotar
1160 738 1281 800 Schnei-

141 840 234 904 derus
257 861 293 904 ex
316 845 487 906 coniectura
510 844 693 907 Pontederac
720 863 749 926 p.
766 841 842 907 452.
887 851 1021 907 turtures
1044 847 1123 907 cirea
1145 864 1282 927 messem,

141 958 207 1010 tum
229 969 299 1011 cnm
320 951 441 1032 plurimi
464 951 538 1032 pulli
560 955 733 1034 gignuntur,
756 953 860 1033 optimi
884 961 962 1014 sunt.
1008 951 1081 1032 pulli
1104 961 1211 1037 antem,
1230 956 1282 1035 qui

141 1063 207 1119 tum
230 1061 291 1119 nati
314 1066 393 1141 sunt,
416 1059 450 1120 ad
475 1059 618 1120 iacturam
640 1058 778 1121 meliores
797 1068 867 1121 suut
885 1076 974 1140 quam
992 1068 1110 1121 matres.
1147 1061 1282 1123 similiter

141 1163 178 1226 dc
206 1165 374 1245 saginandis
402 1165 570 1227 turturibus
598 1165 703 1227 scribit
730 1164 890 1229 Columella
912 1164 977 1226 l'lIl
995 1163 1065 1250 9,2
1095 1173 1210 1230 aestate
1237 1173 1286 1232 ael

139 1290 199 1334 sua
221 1278 339 1354 sponte,
361 1275 520 1335 dammodo
549 1277 589 1335 sit
611 1272 748 1351 facultas
775 1275 849 1349 cibi,
873 1276 1058 1353 piapaeseit,
1090 1273 1129 1336 ib.
1148 1271 1170 1336 4
1193 1277 1284 1338 baias

140 1382 208 1441 aves
230 1385 316 1442 aetas
342 1381 387 1441 ad
410 1384 551 1457 saginam
573 1398 633 1444 aaa
656 1389 718 1442 tam
740 1387 824 1443 oetas
846 1387 892 1443 est
914 1382 1024 1443 idonea
1042 1397 1133 1457 paam
1156 1386 1282 1446 novella.

140 1489 246 1564 itaque
268 1490 356 1549 cirea
378 1505 509 1564 massera,
533 1505 602 1550 eam
625 1491 685 1549 iam
708 1491 891 1562 confirmata
913 1493 959 1549 est
977 1491 1124 1570 pullities,
1146 1493 1279 1566 eligitur.

228 1600 268 1655 IX
290 1593 305 1657 1
331 1596 440 1657 Axius
463 1614 527 1676 ego
551 1614 640 1676 quac
660 1597 808 1676 requiro
827 1613 995 1657 sarsurae
1014 1612 1160 1658 assuras
1180 1614 1282 1658 mem·

138 1699 203 1763 bra
231 1702 272 1764 dc
299 1701 477 1783 palumbis
504 1700 651 1781 gallinis
677 1701 752 1781 dic]
777 1704 883 1764 Axius.
929 1719 1044 1779 egoque
1070 1707 1195 1780 requiro
1214 1704 1282 1783 sar·

139 1819 232 1871 turae
253 1826 274 1870 a
296 1827 372 1870 sara
395 1811 530 1871 membra
554 1812 592 1871 eie
610 1811 770 1888 palumbis.
808 1812 847 1872 de
867 1812 991 1885 pallians
1014 1813 1065 1872 dic
1088 1811 1178 1873 editio
1202 1815 1283 1892 prin·

139 1934 221 1999 ceps,
245 1916 350 1978 Areias.
395 1934 451 1993 epo
475 1919 534 1977 dac
558 1916 857 1995 requiro'sarsarae
883 1919 1026 1980 membra.
1071 1918 1109 1980 de
1131 1921 1284 1996 palumbis

140 2042 180 2085 ac
205 2026 330 2100 gallinis
358 2025 409 2084 dic
432 2021 570 2106 Ursinus,
598 2025 703 2085 Axius.
749 2025 814 2102 ebo,
841 2042 920 2100 qaae
947 2028 1072 2101 requiro
1096 2025 1283 2104 asarotara

139 2133 284 2205 assanda,
303 2132 438 2192 membra
456 2133 494 2192 de
509 2132 661 2208 palumbes
679 2136 710 2192 et
724 2133 849 2206 gallinis
867 2133 919 2191 die
937 2130 1087 2211 Angelius.
1112 2143 1282 2214 corruptam

140 2237 295 2319 archetypi
318 2239 496 2318 scripturam
521 2236 668 2299 Victorius
691 2239 852 2320 expressit,
875 2237 926 2299 sed
955 2257 991 2299 ex
1014 2237 1117 2300 Aldina
1145 2240 1283 2323 editione,

139 2347 173 2407 in
197 2363 285 2426 quam
308 2346 451 2426 principis
475 2344 613 2407 editionis
641 2344 730 2407 lectio
754 2353 874 2424 recepta
902 2351 978 2428 crat,
1006 2348 1044 2406 de
1068 2349 1219 2424 palumbes
1246 2351 1284 2411 de

138 2455 264 2529 gallinis
287 2455 420 2515 retinuit.
459 2451 606 2530 sarturae
628 2470 758 2514 assarna
780 2450 931 2514 Gesnerus
954 2454 1088 2515 coniecit.
1126 2472 1182 2531 epo
1205 2473 1284 2531 quae

140 2563 268 2637 requiro
295 2558 446 2637 sarsarae
477 2561 611 2622 membra
638 2562 676 2622 de
700 2561 851 2637 palumbis
866 2566 909 2639 et
932 2563 1057 2637 gallinis
1084 2563 1135 2622 die
1163 2560 1283 2623 Schnei-

142 2666 242 2729 derus.
277 2686 426 2731 sarsurae
444 2686 460 2730 a
479 2667 634 2730 sarciendo
653 2666 766 2729 dictum
789 2665 920 2748 intellegi
943 2669 1055 2748 nequit.
1093 2686 1109 2728 a
1132 2668 1282 2730 sarciendo

141 2783 243 2836 autem
265 2775 380 2837 iarsnra
403 2787 463 2837 uon
485 2778 585 2838 minus
613 2784 695 2837 rectc
719 2774 830 2837 dicitur
857 2793 945 2855 quam
972 2775 1093 2838 sartura.
1139 2775 1190 2837 scd
1215 2775 1282 2837 Var-

140 2899 247 2943 ronem
274 2901 308 2944 ea
336 2886 463 2946 nominis
490 2884 585 2946 icrma
612 2900 699 2945 usum
727 2901 793 2944 esse
824 2889 855 2944 ct
882 2881 917 2943 ad
945 2881 1033 2943 huius
1061 2882 1283 2946 similitudinem

143 2990 255 3052 iactum
279 3008 386 3054 norum
410 2990 584 3054 vocabulum
608 3007 757 3066 assaram,
781 2988 859 3071 quod
884 2988 920 3050 dc
944 2991 1019 3050 assis
1042 2989 1183 3052 carnibus
1205 2990 1284 3053 dicc-

140 3106 236 3179 retur,
254 3097 400 3159 addidisse
420 3098 571 3178 probabile
591 3116 649 3159 non
673 3104 727 3158 est.
764 3105 918 3174 praetcrea
937 3095 1049 3157 sartura
1068 3095 1283 3180 palumborum,

140 3223 230 3286 quam
259 3215 327 3286 post
353 3204 474 3285 gallinas
498 3204 569 3266 Cato
592 3223 618 3266 c.
638 3200 681 3264 90
704 3210 735 3263 et
758 3200 917 3263 Columella
941 3199 1044 3264 vius
1072 3210 1283 3288 tractaverunt,

140 3331 156 3373 a
182 3311 312 3374 Varrone
336 3311 484 3392 descripta
507 3329 566 3372 non
589 3318 648 3392 est,
671 3309 723 3371 scd
751 3310 854 3388 paucis
877 3309 976 3371 verbis
1000 3319 1228 3372 commemorata
1252 3313 1283 3372 in

140 3421 200 3481 linc
224 3419 313 3481 huius
342 3420 455 3500 capitis.
501 3436 593 3499 quare
616 3436 685 3480 vera
708 3435 774 3479 esse
803 3425 875 3498 puto
899 3416 971 3479 haec
995 3417 1071 3501 sola,
1094 3418 1204 3492 Aetas,
1228 3435 1283 3493 epo

140 3545 221 3604 qaae
248 3531 372 3605 requiro
397 3526 543 3605 sarturae
565 3528 711 3603 membra,
735 3527 773 3607 ep
796 3527 921 3602 pollinis
943 3528 1008 3607 die,
1031 3524 1077 3586 rel
1104 3532 1186 3587 certe
1210 3526 1282 3585 scri·

141 3635 272 3697 bendum
295 3639 333 3698 de
353 3637 478 3712 pollinis
500 3641 530 3695 et
548 3635 699 3710 palamiis
722 3635 781 3695 die.
824 3649 890 3693 nam
914 3630 969 3694 bae
992 3631 1071 3695 solae
1095 3651 1163 3694 arcs
1187 3649 1223 3693 ex
1247 3633 1283 3693 iis

142 3763 218 3826 quae
246 3752 326 3805 terra
353 3742 440 3804 modo
468 3749 624 3802 contentae
656 3748 727 3801 sunt
754 3733 809 3824 (lll
828 3737 858 3822 3,
876 3732 913 3823 3)
946 3748 1072 3823 restant,
1103 3741 1140 3802 de
1174 3740 1283 3820 quibus

142 3860 254 3932 agatur.
291 3870 341 3913 cas
364 3852 456 3930 igitur
477 3857 576 3930 partes
599 3848 739 3932 iacturae,
761 3864 837 3927 quae
860 3846 895 3907 ad
920 3846 972 3908 bas
995 3848 1159 3928 pertinent,
1180 3865 1212 3909 se
1237 3866 1282 3908 re·

142 3964 262 4042 quirerc
286 3961 358 4022 dicit
381 3961 480 4020 Axius.
960 3962 961 3965 ’

231 4067 435 4131 Raeioeiaari
447 4084 515 4127 cum
529 4064 674 4126 Politiano
687 4062 757 4125 libri
776 4081 863 4124 mann
879 4063 983 4141 scripti
997 4078 1101 4154 omnes
1115 4069 1236 4140 praeter
1250 4061 1282 4141 A,

141 4179 294 4239 raeimari
314 4178 347 4257 A,
371 4173 449 4254 quod
473 4191 510 4235 cx
532 4171 634 4234 codice
657 4169 807 4233 Victorius
830 4167 988 4249 adnotavit,
1010 4169 1199 4229 ratiocinari
1220 4166 1281 4228 edi·

142 4287 238 4346 tiones
262 4293 329 4344 ante
351 4281 523 4344 Victoriam.
569 4282 599 4341 in
623 4277 783 4360 archetypo
805 4276 877 4358 quid
906 4276 996 4336 luerit
1019 4291 1078 4336 non
1101 4274 1188 4355 plane
1212 4292 1280 4337 con·

142 4399 209 4473 stat,
233 4388 284 4450 scd
308 4392 448 4451 rdeiaari
468 4388 539 4451 olim
557 4389 702 4468 scriptum
719 4385 814 4447 fuisso
831 4392 913 4465 puto.
950 4386 1108 4444 casemari
1123 4382 1282 4463 Victorius,

114 4521 116 4527 ·
143 4498 221 4583 quod
246 4516 261 4559 a
282 4494 426 4558 vindemia
448 4494 624 4559 translatum
647 4503 678 4560 et
700 4490 738 4556 dc
760 4491 925 4553 minoribns
948 4490 1074 4626 racemis
1097 4489 1283 4571 neglegentia

1018 4596 1049 4648 ll
