2874 4994
142 315 208 379 304
491 320 682 377 COMMENT.
702 321 741 375 IN
759 318 949 375 VARRONIS

147 482 283 558 arculas,
301 479 355 538 ubi
378 479 543 538 discolores
565 479 625 536 sint
649 493 742 536 cerne
760 473 908 537 Victorius
927 485 958 536 et
976 493 1012 536 es
1032 466 1148 535 ‘vetere
1167 471 1255 538 oodioe'

146 584 281 645 Ursinus
319 602 447 659 maynas
471 582 596 644 Ursinus
620 581 736 664 delevit,
756 581 791 642 ad
815 585 965 644 iaculatus
985 584 1123 659 piscinas
1140 583 1257 662 perdunt

146 691 296 751 adnotavit
325 690 490 750 Pontedera
523 709 551 769 p.
571 686 646 751 461.
691 688 728 748 de
762 689 932 750 encaustica
964 690 1083 768 pictura
1113 687 1180 751 baec
1203 690 1256 752 dicta

147 816 213 858 esse
237 799 353 858 monuit
377 796 503 857 Ursinus
527 796 592 857 coll.
616 795 691 856 Plin.
710 793 816 855 XXXV
837 791 900 857 122
922 805 953 857 at
978 791 1052 858 149.
1090 796 1141 856 sed
1161 813 1258 873 mmnm

151 907 262 966 rectius
286 903 344 964 dici
368 905 498 983 piscinas
522 921 609 982 quarn
634 903 749 963 arculas
772 905 920 982 pictorum
945 911 1078 983 apparet.
1113 905 1162 964 hic
1180 901 1258 982 pinni

144 1029 269 1072 nurnero
293 1012 439 1091 scriptum
463 1018 509 1071 est
541 1011 572 1070 in
600 1008 702 1069 codice
727 1007 867 1069 Varronis
894 1007 931 1069 de
959 1007 1030 1087 ling.
1053 1006 1103 1069 lat
1121 1005 1156 1068 u
1173 1005 1207 1071 ii
1221 1010 1258 1071 hic

145 1136 264 1193 quoqne
286 1121 341 1193 qui
363 1120 481 1190 dicarat,
507 1116 558 1176 sed
582 1119 701 1198 vitiose,
724 1125 758 1176 ut
785 1125 866 1194 puto.
912 1115 1042 1194 deniqne
1066 1117 1201 1176 waleros
1219 1116 1257 1176 ba·

147 1226 238 1285 beant
258 1228 367 1301 pisces,
387 1225 465 1304 qnod
484 1223 635 1284 luouudns
659 1221 801 1302 ediderat,
821 1222 877 1282 lide
897 1220 1043 1282 librorum
1062 1239 1148 1284 mann
1166 1223 1258 1301 scripto

145 1349 212 1391 rurn
246 1330 468 1411 comprobatur,
496 1348 567 1391 nam
590 1338 632 1390 nt
657 1331 787 1390 Pausias
818 1337 847 1390 et
875 1331 972 1390 ceteri
999 1332 1136 1406 pictores
1159 1332 1259 1391 eiusdem

143 1441 267 1514 yeneris
290 1442 438 1499 iaculatus
461 1440 575 1498 habent
597 1440 736 1511 arculas,
760 1438 815 1497 ubi
841 1438 1007 1499 discolores
1028 1439 1092 1497 sint
1116 1453 1209 1508 cerae,
1227 1438 1259 1495 sic

143 1547 177 1606 hi
211 1549 360 1608 loculatas
393 1563 521 1620 maynas
557 1546 669 1605 habent
702 1546 853 1620 piscinas,
890 1544 944 1602 abi
981 1546 1121 1620 dispares
1147 1545 1260 1604 dacusa

140 1654 277 1714 habeant
297 1656 405 1730 pisces.

232 1758 340 1830 Quam
373 1759 427 1819 illi
460 1761 494 1819 in
527 1757 621 1838 lydia
654 1776 743 1837 qrros
774 1759 989 1817 sacrificant
1022 1755 1074 1817 ibi
1111 1774 1205 1817 uarro
1232 1753 1260 1813 ad

144 1865 345 1927 tubicinam
365 1883 533 1945 graecum
553 1867 728 1944 gregatim
750 1867 896 1925 uenisse
915 1863 1077 1941 dicebas]
1104 1864 1260 1937 Ouessaai

117 1977 253 2046 -rteantr'
276 1975 343 2046 tibi,
376 1974 488 2052 Varro,
512 1975 555 2032 ad
582 1975 735 2032 tibicinem
761 1989 909 2046 praecum
943 1970 1096 2031 lucuudus
1127 1980 1156 2030 et
1183 1965 1261 2029 deinde

148 2079 256 2159 reliqui
276 2079 413 2141 editores.
447 2083 490 2139 ad
513 2080 668 2139 tibicinam
686 2097 834 2154 praecum
854 2077 994 2156 Scaliger.
1028 2076 1123 2138 deleri
1138 2091 1263 2154 praesunt,

149 2186 228 2266 qood
252 2187 403 2265 propriam
427 2187 485 2246 vim
509 2187 539 2244 in
563 2184 617 2245 bac
650 2203 680 2245 re
710 2203 769 2245 non
798 2184 900 2266 babet,
925 2185 976 2246 sed
1005 2202 1108 2245 errore
1136 2182 1263 2244 scribentis

146 2311 181 2352 er
197 2311 231 2352 eo
247 2291 325 2372 qtrod
346 2293 483 2371 sequitur
499 2295 653 2367 yreyatim
672 2292 788 2353 ridetur
808 2300 906 2353 ortum
922 2281 998 2374 esse,
1012 2311 1087 2368 qaas
1105 2291 1265 2364 aeramenti

147 2401 212 2474 tibi,
224 2395 226 2401 '
238 2399 350 2473 Varro,
370 2402 413 2459 nd
435 2401 588 2460 tibicinem
605 2402 758 2475 yreyatim
777 2403 892 2461 ventsse
910 2401 1042 2460 dicebas.
1084 2416 1150 2459 nam
1170 2397 1199 2457 ad
1215 2394 1263 2455 tibi·

153 2509 248 2566 cinern
269 2508 298 2565 in
315 2506 467 2566 sacrificiis
487 2506 521 2566 ad
538 2524 617 2566 ararn
633 2509 828 2568 constitutum
845 2508 943 2586 pisces
957 2510 1131 2567 convenisse
1146 2504 1264 2565 dicontur.

236 2613 320 2674 Cum
361 2613 483 2674 eodem
521 2622 683 2692 tempore
725 2614 862 2674 insulas
900 2613 1115 2675 lodonornm
1150 2611 1195 2672 ibi
1223 2625 1263 2669 co·

148 2738 274 2780 reusas
298 2706 472 2797 uidisses]
499 2722 619 2782 Insulas
642 2724 816 2781 indicorum
845 2722 889 2781 ibi
915 2739 1063 2783 corrusas
1090 2718 1205 2797 Merula,
1228 2713 1264 2775 obi

151 2844 294 2887 corrosas
327 2825 420 2886 edidit
451 2826 616 2907 ineundus,
648 2827 763 2902 insulas
794 2831 946 2889 indiarum
980 2827 1129 2889 Victorius
1159 2823 1264 2887 coniecit

147 2937 263 2994 insulas
294 2934 448 3010 Lydorum
482 2936 526 2994 ibi
557 2953 721 2995 concussas
753 2934 912 2997 Turnebus
944 2934 1057 2995 advers.
1077 2931 1108 3014 4,
1127 2931 1156 3015 6,
1177 2931 1264 2992 inula

149 3042 359 3102 Ludianornm
383 3042 426 3101 ibi
447 3043 614 3102 chorensas
638 3040 782 3120 Scaliger,
806 3044 923 3103 insulas
947 3043 1136 3103 Ladinoram
1158 3042 1196 3100 ibi
1212 3037 1263 3098 cho

150 3166 279 3209 reunsas
303 3147 512 3209 Sclrneiderns.
548 3151 662 3208 insulas
686 3149 841 3225 Lydorum
871 3151 914 3210 ibi
944 3143 1147 3230 χορευούσας
1177 3142 1265 3221 scripti·

148 3273 214 3314 naor
239 3255 388 3315 budianos
414 3254 574 3316 Varronem
598 3256 708 3315 dixisse
733 3259 811 3317 sicut
829 3257 963 3336 Asianos,
986 3266 1020 3316 ut
1039 3254 1169 3334 Scaliger
1188 3248 1264 3325 voluit,

151 3361 304 3440 probabile
329 3380 386 3422 non
412 3371 466 3422 est.
512 3362 549 3422 de
573 3362 678 3423 insulis
707 3372 821 3444 autem,
845 3381 919 3442 qnae
948 3365 978 3423 in
1003 3360 1094 3442 Lydia
1117 3362 1225 3422 inenrot
1245 3357 1265 3413 u

149 3467 213 3529 lacn
239 3468 454 3547 Nympharum,
479 3468 617 3529 Varronis
641 3471 844 3530 testimoninm
873 3480 919 3530 est
941 3465 1019 3549 apud
1043 3468 1210 3529 Martianun
1229 3461 1265 3522 u-

151 3573 257 3653 pellam
276 3573 316 3633 lX
335 3572 449 3634 92814.
474 3579 505 3634 in
525 3576 625 3653 Lydia
649 3557 856 3653 Nympharum
880 3580 995 3637 insulas
1018 3578 1090 3649 dici,
1109 3593 1182 3652 quas
1197 3575 1266 3634 etim

148 3684 303 3740 recentior
326 3684 531 3743 adserentinm
553 3683 651 3743 Varro
674 3701 707 3744 sc
728 3686 840 3744 vidisse
859 3691 995 3758 testatur,
1014 3701 1094 3758 qaae
1113 3685 1144 3743 in
1164 3681 1267 3742 mann

147 3793 288 3862 stayrtum
308 3807 328 3847 a
349 3792 516 3849 continenti
530 3793 730 3865 procedentes
750 3799 843 3851 cantu
859 3792 1005 3851 tibiarum
1020 3794 1121 3867 prima
1141 3793 1170 3849 in
1190 3789 1267 3847 circu·

148 3896 209 3954 inm
227 3903 334 3969 motae,
354 3897 464 3956 dehinc
483 3898 526 3955 ad
543 3900 635 3956 litora
655 3904 859 3958 revertuntur.
883 3895 919 3956 de
940 3896 1045 3956 iisdem
1063 3896 1168 3956 insulis
1179 3893 1269 3954 Plinius

47 4053 51 4061 .
148 3999 174 4060 ll
190 3999 255 4062 209
271 4001 375 4063 scribit
394 4001 476 4083 baec,
495 4006 525 4063 in
542 4002 642 4080 Lydia
661 4021 740 4078 quae
757 4012 908 4065 occantur
930 4005 1106 4065 Calaminae
1124 4020 1181 4065 non
1197 3997 1270 4060 renti

147 4113 242 4168 sotum
273 4112 441 4169 sedetiam
469 4114 566 4170 contis
594 4128 654 4187 quo
681 4114 774 4173 libeat
801 4115 961 4188 impulsae,
993 4115 1154 4173 multarum
1183 4108 1271 4170 arian

36 4272 48 4287 ,
150 4214 361 4275 Mithridatico
386 4218 460 4277 bello
491 4222 583 4279 salus.
629 4228 699 4279 sunt
722 4226 752 4279 et
774 4221 805 4279 in
829 4220 1004 4296 Nymphaeo
1024 4236 1145 4295 parrae
1164 4218 1272 4278 saliares

150 4321 265 4393 dictae,
299 4325 441 4394 quoniam
469 4326 501 4383 in
529 4327 727 4400 symphoniae
759 4332 853 4385 cantu
888 4327 931 4384 ad
958 4328 1052 4385 ictum
1079 4323 1271 4386 modulantium

147 4428 257 4501 pedum
282 4438 447 4503 mouentur,
471 4439 501 4490 et
523 4429 647 4489 uberius
670 4449 759 4509 qnam
782 4433 875 4493 ceteri
901 4430 985 4492 Solio
1008 4433 1040 4492 ia
1063 4427 1270 4511 paradoxologn·
