2874 4994
145 306 205 372 186
482 315 673 372 COMMENT.
691 316 731 371 IN
748 312 938 371 VARRONIS

141 489 251 548 equum
274 473 388 534 nabere
411 490 507 533 annos
525 472 610 534 XVI
624 469 746 532 Merula.
783 471 913 548 intellipt'
933 478 1049 546 nepam
1068 484 1152 548 pom
1167 467 1245 532 lustu

142 578 206 658 dus,
224 583 285 640 sr'nt
304 579 386 656 sueti
403 581 530 641 broecln'
546 578 695 641 Victorius
713 598 750 640 ex
771 596 862 640 mauu
884 577 1008 656 seriptis
1025 573 1111 637 libris
1125 573 1247 639 menn

141 694 293 766 praeterea
317 689 375 748 noa
397 689 541 762 naiores,
569 689 633 750 ie.
653 688 779 767 septimo
801 704 879 748 anno
902 685 1044 767 maiores,
1065 700 1104 744 ax
1122 681 1249 765 mlnypo

140 794 267 875 restitui,
290 792 404 873 reliqna
427 796 468 855 ita
495 794 662 878 emendavi,
692 813 762 857 enm
789 797 894 856 dentes
919 795 982 854 sint
1004 788 1089 868 [neti
1107 791 1218 853 moreni
1230 797 1250 853 α

139 905 306 978 supercilio
328 920 409 963 eona
432 910 462 963 et
479 905 534 963 snb
558 907 601 964 eis
624 906 763 977 lacunae,
788 919 829 964 ex
846 918 882 964 eo
904 902 1067 964 obsmatn
1089 899 1189 959 diunt
1205 913 1251 959 eu

142 1024 247 1082 equom
278 1010 393 1070 nabere
426 1027 521 1070 annos
552 1013 690 1072 sedecim.
741 1007 903 1070 Varronem
938 1015 1063 1068 secutus
1093 1012 1139 1066 est
1167 1001 1253 1066 rum

141 1110 265 1174 111169
289 1116 448 1192 absumpto
475 1118 535 1177 ltoe
563 1119 773 1178 observatione
794 1121 935 1178 senectus
957 1117 990 1175 ἑκ
1013 1114 1099 1189 equa
1121 1118 1152 1174 et
1170 1113 1253 1173 merit

142 1223 285 1282 veterinis
309 1224 494 1298 intellepr'tnr
518 1224 651 1283 dentium
675 1223 879 1300 proceritate,
904 1222 1141 1298 superciliorum
1164 1220 1255 1281 main

141 1335 172 1389 et
194 1331 281 1390 cirea
304 1346 341 1389 en
365 1332 499 1402 lacunis,
527 1346 596 1390 oum
620 1329 691 1406 fere
716 1331 848 1391 sedecim
875 1343 1026 1389 annornm
1053 1327 1257 1397 existimantem

142 1434 213 1495 item
233 1433 392 1496 Columella
408 1434 443 1496 Vl
458 1433 515 1517 29,
530 1433 551 1498 5
569 1447 638 1516 post
661 1455 695 1497 ea
717 1454 794 1516 quae
817 1453 906 1515 supra
929 1434 1085 1513 adscripsi,
1105 1450 1163 1495 neo
1176 1442 1258 1511 poster

140 1550 212 1617 quot
235 1560 386 1604 annornm
414 1548 454 1605 sit
476 1543 636 1620 manifesto
662 1547 870 1621 conprehendi
892 1549 1000 1620 potest.
1041 1543 1158 1602 decim
1183 1548 1259 1602 tanen

38 1734 42 1739 Ι
141 1665 222 1708 anno
246 1656 382 1727 tempora
406 1654 517 1721 roveri
538 1654 687 1729 inerpinnt
711 1658 740 1711 et
761 1652 927 1727 supercilia
950 1664 1175 1722 nonnumquam
1192 1665 1261 1708 orne

142 1773 229 1817 scere
256 1764 286 1818 et
313 1759 416 1819 dentes
442 1761 625 1835 prominere.
674 1758 842 1819 accuratius
870 1757 1015 1835 Apsyrtos
1044 1755 1077 1814 in
1102 1753 1262 1835 hippiatrin's

142 1881 169 1942 p.
189 1858 254 1923 227
282 1857 338 1924 καὶ
367 1854 429 1926 οὐκ
457 1862 526 1925 ἔστι
554 1856 676 1948 ῥᾴδιον
704 1855 986 1942 ἑπιγινόσκεσθαι
1016 1856 1086 1923 τῶν
1114 1855 1195 1922 ἐτῶν
1216 1853 1263 1922 τὸν

142 1963 262 2031 λοιπὸν
286 1961 420 2050 χρόνον.
466 1965 594 2050 λέγεται
618 1962 656 2030 tt
683 1959 768 2031 ὅταν
797 1958 875 2042 τοὺς
902 1957 1046 2041 ὀδόντας
1077 1965 1163 2048 ἔχων
1191 1962 1264 2048 φανῇ

141 2069 428 2157 προπεπτωκόπας,
447 2075 504 2159 ἔχῃ
524 2069 561 2138 δὲ
579 2070 635 2138 καὶ
653 2071 713 2150 τὰς
731 2066 843 2156 ὀφρῦς
861 2068 979 2149 πολιὰς
997 2067 1054 2135 καὶ
1072 2067 1114 2136 τὰ
1134 2064 1265 2136 ὑποκάτω

140 2179 210 2244 τῶν
241 2174 382 2265 ὀφρύων
414 2176 588 2261 κοιλόπερα
615 2177 671 2244 καὶ
702 2177 782 2256 τοὺς
810 2172 1010 2263 ὀφθαλμούς
1027 2199 1063 2262 r,
1091 2186 1266 2264 παρατηρεῑ·

142 2293 224 2352 σθαι
243 2286 357 2370 πᾶσιν,
377 2282 427 2353 ὅτι
447 2286 537 2353 ἐστὶν
551 2286 587 2353 ἐν
601 2287 648 2377 τῷ
663 2282 883 2374 ἑκκαιδεκάτῳ
898 2288 962 2352 ἔτει
982 2280 1001 2351 ὁ
1018 2285 1129 2364 ἵππος.
1165 2288 1267 2352 morell

142 2397 247 2458 dentes
275 2405 348 2459 sunt
375 2400 427 2479 qni
453 2400 483 2459 iu
513 2398 698 2479 hippiatriois
726 2397 867 2459 dicuntur
894 2389 1181 2478 προπεπωκότες,
1206 2395 1268 2477 apol
1305 2442 1308 2490 Ι

142 2503 333 2566 Columellam
356 2507 574 2587 prominentes,
603 2504 680 2585 apud
708 2503 898 2566 Aristotelem
925 2507 956 2565 in
984 2505 1020 2565 iis
1050 2522 1128 2584 quae
1155 2523 1191 2566 ex
1213 2503 1269 2565 inst
1306 2509 1308 2567 ἔ

143 2614 230 2672 anim.
251 2612 286 2672 Vl
301 2610 354 2693 21,
373 2607 435 2673 154
455 2630 545 2691 supra
564 2612 710 2692 adscripsi
728 2611 765 2672 (le
784 2612 889 2673 oanino
908 2611 998 2673 dente
1017 2628 1166 2691 equorum
1183 2600 1270 2691 rinno
1306 2608 1308 2693 l

141 2712 290 2798 πημένος.
327 2718 431 2779 eodem
445 2718 587 2780 vocabulo
602 2719 639 2780 (le
654 2717 793 2780 (lentibus
808 2736 914 2780 eanum
927 2735 1002 2780 usus
1016 2726 1065 2781 est
1078 2716 1171 2779 llarro
1185 2716 1209 2779 ll
1221 2712 1270 2799 9‚3
1306 2724 1308 2739 '

140 2827 351 2903 superioribus
374 2827 500 2888 directis
524 2830 627 2904 potins
653 2844 745 2902 qnam
772 2828 922 2888 broeenr's.
967 2826 1004 2887 sle
1028 2825 1171 2887 dentibus
1192 2824 1271 2887 homi·

115 2949 212 2993 num
241 2932 456 3010 interpretatur
478 2931 592 2994 Nonius
619 2953 649 3014 p.
668 2930 724 3017 25,
744 2931 786 2994 21
816 2934 933 2995 Bronei
957 2941 1030 2994 sunt
1053 2935 1205 3011 prodente
1229 2949 1272 2994 ore

141 3047 170 3101 et
193 3041 333 3101 dentibus
355 3043 610 3118 prominentibus:
643 3042 781 3102 Locutus
811 3044 980 3101 sntirnrnrn
1006 3041 1057 3101 tio.
1077 3040 1135 3101 ΙΙΙ
1159 3033 1271 3102 bronm'

142 3147 316 3208 Bovillnnns
344 3149 433 3208 dente
465 3149 594 3208 adverso
623 3151 752 3209 eninnlo
784 3149 835 3208 ln‘e
863 3154 920 3227 est,
953 3147 1157 3210 Rhinoceros.
1198 3143 1272 3207 Nonii
1306 3184 1308 3199 .

141 3255 347 3333 interpretatio
376 3256 502 3334 repetita
531 3264 577 3315 est
604 3257 635 3314 in
663 3254 759 3334 glossa
787 3253 864 3335 apud
889 3252 1040 3315 loeuium
1068 3251 1159 3334 gloss.
1176 3254 1272 3314 nomia

141 3381 169 3440 p.
192 3358 263 3423 144.
303 3360 381 3421 idem
406 3364 524 3441 saepius
548 3363 579 3422 in
602 3361 708 3440 glossis
732 3361 841 3441 legitur
865 3361 901 3422 de
924 3362 962 3423 iis
985 3363 1038 3441 qui
1056 3359 1174 3423 labrum
1196 3360 1272 3422 tuni·

135 3467 211 3529 -rlum
227 3466 345 3542 habent,
361 3466 456 3528 Loew.
471 3468 570 3548 prodr.
580 3468 668 3547 gloss.
678 3487 706 3548 p.
717 3465 791 3530 391.
824 3477 944 3549 praeter
954 3466 1103 3530 Lucilium
1117 3486 1155 3530 eo
1167 3468 1270 3530 nomios

142 3593 214 3635 usus
238 3581 284 3634 est
306 3572 428 3635 Plautus
451 3574 528 3655 apud
552 3574 673 3637 Festum
696 3596 724 3657 p.
743 3571 818 3657 375,
832 3571 884 3637 21.

230 3679 251 3740 4
279 3679 402 3741 Forma
422 3700 500 3742 esse
520 3691 665 3761 oportet
685 3682 932 3762 magnitudine
951 3680 1090 3743 modios
1111 3681 1201 3763 quod
1217 3696 1271 3741 noo

142 3786 257 3847 uallos
281 3806 344 3849 neo
368 3791 524 3850 minutos
548 3789 653 3850 decet
671 3808 750 3850 esse
769 3808 880 3869 equas
899 3787 1068 3851 oluuibus
1087 3807 1129 3852 ao
1148 3788 1270 3850 uentri·

141 3893 205 3955 bus
225 3895 309 3956 latis
329 3914 439 3975 equos
459 3895 657 3957 admissura
677 3914 765 3976 quos
784 3895 878 3957 uelis
892 3895 1024 3957 habere
1043 3893 1125 3977 lege
1143 3901 1274 3976 oportet

142 4002 255 4081 amplo
288 4020 441 4082 corpore
473 4004 668 4084 formosos]
702 4006 814 4066 Formo
842 4023 906 4066 esse
933 4010 1053 4081 oportet
1076 4003 1274 4081 moenitum

140 4113 336 4169 medimnos
360 4118 459 4171 roseos
486 4129 542 4172 nee
570 4115 699 4172 minutos
727 4113 813 4172 deret
840 4129 912 4172 esse.
957 4128 1054 4186 epuns
1080 4111 1220 4173 clunibus
1243 4125 1275 4170 nc

141 4217 296 4276 ventribus
319 4219 396 4277 lotis.
439 4236 530 4293 equos
558 4221 601 4279 nrt
623 4221 826 4280 admissurum
853 4235 928 4294 qnos
950 4220 1024 4279 oelr's
1047 4219 1167 4282 leuben
1187 4221 1277 4294 lopere

141 4329 259 4395 oportet
282 4326 379 4398 amplo
403 4343 533 4402 corpore
552 4324 702 4401 formosos
725 4323 847 4406 Merula,
875 4324 926 4385 nbi
949 4326 1053 4386 medio
1075 4329 1164 4402 qnod
1182 4325 1280 4388 luouu·

141 4426 206 4508 rius,
229 4431 348 4489 modion
371 4433 453 4505 qnod
474 4430 614 4510 Angelius
638 4433 777 4492 restituit.
811 4430 915 4507 formo
938 4448 1003 4493 esse
1026 4440 1153 4511 oportet
1172 4435 1282 4510 rnnpnt·
