2874 4994
372 310 503 365 RERVM
521 309 761 365 uvsutcaltvu
778 310 847 366 LIB.
865 311 879 363 Ι
899 309 917 364 2
1083 381 1088 390 .
1175 303 1215 367 19

116 482 165 526 rm
187 463 292 544 reliqui
316 472 457 544 expertus
481 473 553 544 erat,
577 464 677 525 relicta
701 483 767 525 esse
790 465 908 525 videtur
930 474 1012 547 nota,
1036 483 1094 545 qua
1117 483 1215 525 emen·

116 576 156 633 lo
178 578 335 650 corruptae
358 570 494 631 lectionis
514 571 558 632 vel
583 571 731 631 adnotatio
751 570 847 650 aliqua
866 573 896 631 in
916 573 1047 650 margine
1067 572 1213 653 adscripta

116 677 231 739 silicata
255 686 326 738 erat.

166 781 202 843 17
222 783 269 843 Ne
289 793 472 864 capratum
491 793 616 872 pascat
635 803 722 865 quas
741 787 845 846 etiam
866 785 1064 864 astrologia
1083 789 1118 846 in
1137 805 1216 847 cae·

116 909 140 950 1
164 892 300 970 recepit
324 909 393 951 non
412 891 516 971 longe
543 891 583 952 ab
604 895 719 965 tauro]
739 893 765 953 ll
781 889 845 975 3,t
865 895 905 953 ab
923 895 981 954 ltoc
1000 897 1031 954 r'a
1050 898 1116 969 leae
1134 898 1215 955 Ioca-

116 998 165 1057 zis
178 996 269 1071 fundi
286 1001 390 1074 excipi
407 1003 481 1059 salet
499 1019 537 1060 ae
555 1004 679 1061 colonus
693 1018 791 1076 capre
809 999 914 1060 autum
934 1004 964 1060 ia
981 999 1080 1075 suado
1095 1008 1214 1078 pascat.

116 1120 181 1163 um
193 1107 271 1164 euim
286 1106 390 1165 dentes
404 1109 522 1167 inimici
536 1111 656 1180 sationi,
675 1125 752 1182 quas
765 1110 856 1167 etium
871 1110 1019 1182 astrologi
1032 1111 1075 1168 itu
1089 1125 1214 1184 recepe·

116 1216 148 1269 rt
161 1213 188 1270 ia
201 1215 319 1272 caelum
329 1245 370 1256 —
379 1220 450 1272 suut
463 1216 523 1274 duo
538 1215 632 1273 haedi
644 1221 674 1274 et
695 1232 794 1290 capra
808 1232 867 1275 aaa
882 1217 971 1288 Ionae
990 1233 1009 1274 a
1024 1221 1122 1276 tauro.
1146 1213 1214 1274 inde

116 1319 217 1377 torius
241 1329 414 1398 corruptam
437 1321 712 1398 antiquissimorum
737 1320 949 1399 exemplarium
973 1319 1132 1380 lectionem
1150 1339 1213 1380 cor·

119 1424 160 1482 it
196 1427 236 1485 ab
259 1431 360 1501 tauro,
384 1425 463 1504 quod
487 1427 706 1504 praeteritet
730 1429 896 1507 principem
919 1425 1078 1487 editionem
1103 1445 1118 1486 a
1138 1425 1213 1486 Poli-

116 1546 153 1587 ιο
170 1549 229 1592 non
250 1541 414 1592 correctam
434 1530 522 1592 habet
537 1532 727 1594 Florentinus
741 1533 843 1614 codex,
861 1533 918 1593 hoc
933 1533 997 1593 loco
1011 1535 1043 1593 iu
1058 1532 1217 1612 archetypo

116 1643 188 1697 etur
212 1641 357 1716 scriptum
382 1639 482 1719 luisse,
501 1658 521 1700 a
545 1647 635 1701 taetro
654 1659 684 1700 m
703 1650 733 1700 et
752 1639 919 1720 apographa
942 1642 1109 1700 recentiora
1134 1647 1163 1698 et
1186 1640 1218 1698 in

119 1743 203 1805 undo
233 1744 310 1805 libro
338 1764 454 1826 omnes,
478 1746 556 1824 quod
586 1765 689 1807 verum
719 1766 785 1807 esse
809 1746 951 1826 exemplis
974 1744 1114 1806 Varronis
1138 1763 1217 1805 com·

116 1849 175 1910 itis
204 1851 391 1912 Roessnerus
420 1852 456 1912 de
485 1855 738 1933 praepositionum
766 1853 803 1914 ah
830 1853 867 1914 de
891 1872 928 1914 ex
957 1871 1012 1914 usu
1037 1852 1217 1912 Varroniano

116 1955 149 2015 is
174 1977 200 2019 a.
227 1956 313 2020 1888
337 1979 363 2039 p.
384 1956 426 2020 28
451 1959 662 2040 comprobavit.
964 1976 988 2022 ο

156 2062 198 2126 18
234 2064 320 2126 Vide
343 2067 462 2144 inquit
486 2085 527 2127 ne
551 2069 627 2146 agri
650 2069 746 2128 istuc
765 2069 813 2127 sit
831 2066 872 2127 ab
895 2063 975 2143 hoc]
1007 2066 1088 2140 Vide,
1113 2068 1218 2140 inquit,

116 2173 152 2243 ri,
174 2191 213 2233 ae
233 2176 311 2233 istuc
333 2176 373 2233 sit
395 2174 434 2233 ab
458 2175 515 2234 ltoc
534 2172 669 2235 Ursinus.
703 2176 742 2234 ab
765 2176 823 2235 lroe
846 2176 998 2233 diuersum
1017 2170 1218 2232 Schneiderus

120 2276 207 2340 iecit.
240 2279 444 2358 neglegentem
465 2279 624 2340 verborum
648 2279 881 2361 collocationem,
899 2296 987 2357 quam
1006 2277 1134 2337 Ursinus
1153 2295 1217 2337 cor·

116 2382 155 2462 it,
177 2385 302 2446 Varroni
325 2386 550 2465 relinquendam
573 2388 682 2466 putavi.
715 2405 754 2447 ae
776 2390 855 2447 ratur
876 2389 916 2446 sit
938 2387 977 2446 ab
1000 2387 1059 2445 lroc
1082 2384 1117 2444 ad
1137 2384 1216 2444 simi·

118 2487 227 2553 dinem
250 2493 379 2572 vulgaris
399 2493 542 2554 formulae
566 2512 626 2554 aaa
645 2494 684 2554 ab
703 2512 740 2555 re
757 2502 803 2553 est
825 2491 942 2552 videtur
961 2491 1073 2552 dictum
1093 2509 1168 2550 esse.

158 2599 254 2669 Quas
277 2599 351 2659 dixi
375 2598 517 2678 caprae]
543 2601 659 2661 Dictaei
679 2609 760 2661 recte
780 2597 944 2660 lucuudus:
967 2615 1036 2658 nam
1059 2596 1096 2657 de
1121 2599 1218 2676 capris

116 2702 181 2764 'ius
204 2705 327 2778 dixerat,
352 2723 411 2765 uon
434 2705 615 2767 Fundanius.

160 2809 203 2872 19
227 2811 313 2871 Eius
332 2814 424 2873 enim
444 2812 593 2872 saliuam
613 2831 692 2873 esse
712 2814 870 2873 lructuis
889 2828 1066 2871 [terrenum
1081 2808 1130 2887 .l.]
1145 2810 1219 2872 Non.

116 2910 220 2996 =91,5
237 2917 338 2993 fructi
359 2922 407 2978 uel
425 2917 562 2993 fructuis
581 2936 640 2995 pro
661 2918 785 2994 fructus
807 2916 963 2977 -Varro
987 2919 1026 2976 de
1043 2935 1079 2977 re
1102 2920 1219 2977 rustica

119 3021 148 3079 Ι
169 3029 232 3085 eius
247 3028 326 3085 euim
340 3027 467 3084 saliuam
482 3044 546 3087 esse
558 3024 694 3100 fructuis
708 3042 830 3086 aeaeae.
854 3040 1000 3084 venenum
1014 3021 1219 3082 Lachmaunus

116 3121 243 3191 [sueret.
262 3149 289 3209 p.
305 3128 348 3192 52
372 3131 505 3192 defendit
524 3141 555 3191 et
573 3131 705 3210 exempla
726 3130 865 3191 Varronis
888 3127 929 3190 ib.
944 3147 971 3206 p.
986 3125 1029 3187 99
1053 3128 1221 3208 adscripsit,

116 3227 198 3314 5‚2
227 3255 373 3299 uenenum
406 3241 484 3298 euim
515 3243 616 3313 uelum
649 3239 808 3298 radicibus
831 3238 946 3296 tenellas
979 3242 1009 3293 et
1037 3231 1157 3315 151,1
1181 3253 1221 3295 ea

116 3353 147 3397 ἢ
177 3347 343 3405 herbarum
362 3352 392 3405 et
412 3344 615 3420 formicarum
638 3353 667 3405 et
690 3348 842 3420 talparum
866 3357 1020 3402 uenenum.
1066 3341 1103 3400 ad
1127 3344 1218 3400 varie-

117 3460 166 3511 1n
189 3453 354 3531 scripturae
379 3459 514 3530 spectare
538 3458 654 3529 poterat
678 3449 775 3510 littera
798 3452 821 3528 l,
840 3465 896 3527 pro
920 3465 978 3526 qua
1009 3447 1061 3507 Vel
1082 3449 1113 3506 iu
1137 3448 1215 3524 prin·

116 3568 124 3605 ²
166 3559 308 3639 editione,
331 3558 468 3619 Licinius
491 3559 522 3617 in
546 3556 650 3617 Aldina
674 3564 705 3617 et
727 3555 851 3636 reliquis
875 3556 1016 3634 deinceps
1040 3552 1220 3614 editionibus

118 3675 187 3725 um
210 3674 282 3726 erat.
647 3667 650 3671 “

166 3770 206 3834 20
238 3771 309 3832 Nec
334 3771 454 3831 nullae
483 3773 626 3850 inquam
649 3769 822 3850 pecudes]
852 3769 1013 3848 Archetypi
1042 3770 1220 3847 scripturam

116 3883 172 3938 >to
189 3898 246 3941 aec
265 3878 333 3940 olim
353 3880 502 3958 expressi3
523 3877 573 3938 sed
593 3895 696 3938 verum
716 3876 832 3936 videtur
853 3875 931 3954 quod
951 3894 987 3935 er
1007 3876 1141 3953 priucipe
1162 3874 1221 3934 edi-

116 3993 160 4044 le
180 3979 332 4065 receptum
352 3994 415 4045 erat
434 4003 490 4045 aec
509 3988 599 4058 ullae,
621 3983 673 4043 ubi
692 4002 748 4043 uec
773 4001 831 4042 nou
850 3980 1028 4042 conectendi
1047 3982 1104 4037 vim
1123 3979 1220 4058 habet,

143 4091 350 4172 exaggerandi,
370 4095 456 4152 cuius
476 4092 702 4172 significationis
721 4097 875 4168 praeterea
890 4105 982 4148 uuum
1002 4084 1169 4164 exemplum
1189 4087 1220 4144 in

144 4198 229 4260 libris
253 4202 360 4280 inveni,
384 4198 425 4258 lll
449 4196 539 4277 12,1
570 4215 640 4258 aam
664 4214 761 4272 aeque
788 4200 882 4257 solum
910 4198 1026 4271 lepores
1053 4197 1085 4254 ia
1115 4211 1149 4253 eo
1178 4195 1221 4252 ia·

117 4306 243 4367 dautur
265 4309 350 4367 siloa.

166 4413 243 4474 Nisi
266 4431 355 4491 quae
378 4429 499 4490 agrum
524 4429 632 4490 opere
661 4427 729 4490 quo
753 4408 887 4470 cultior
911 4408 960 4467 sit
988 4405 1160 4466 adiuuare
1185 4414 1223 4466 ut

973 4503 1009 4560 2⁸
