2874 4994
238 319 303 383 308
365 327 556 383 COMMENT.
575 328 613 382 IN
634 327 821 381 VARRONIS
846 325 1199 384 Rali.ttvsr.Llss.111
1223 325 1257 382 lt

242 484 453 562 permiserit
476 481 531 542 trel
556 489 594 541 ut
617 500 716 541 suam
740 483 926 560 pecuniam
945 478 1195 557 consumeret]
1218 480 1250 540 la
1267 481 1349 543 baiano

242 598 296 650 aat
314 592 431 649 ardeae
450 595 536 648 taata
551 589 682 648 ardebat
696 606 783 662 cara,
807 596 840 648 at
860 590 1029 649 architecto
1044 589 1229 664 permiserit,
1245 591 1275 646 at
1288 605 1349 648 aaa

238 699 401 772 pecaniam
424 702 614 755 consumeret
634 693 755 773 Merula,
779 698 810 754 ia
830 695 949 754 Baiano
968 701 1068 754 aatem
1088 700 1175 754 tanta
1196 709 1256 772 sqq.
1273 691 1349 754 locon-

241 802 305 863 dus.
352 810 510 879 corruptae
539 799 682 860 librorum
712 803 878 879 scripturae
906 807 961 860 aat
983 803 1071 861 ardis
1098 797 1256 880 probabilis
1279 817 1350 860 enen·

242 908 321 968 datio
356 910 474 966 inventa
503 925 561 965 non
590 917 644 966 est.
690 910 721 966 ia
746 909 865 967 Baiano
893 913 993 967 aatem
1020 909 1116 966 maris
1143 913 1230 966 tanta
1253 907 1352 966 ardeiat

241 1032 320 1074 cara
344 1010 544 1072 Schneiderus
568 1015 703 1072 coniecit.
750 1014 859 1092 scripsi
888 1017 920 1073 ia
944 1013 1063 1073 Baiano
1090 1019 1192 1072 autem
1218 1013 1352 1085 aedificato

223 1126 328 1187 ‚tanta
357 1121 488 1179 ardebat
516 1137 602 1178 cara.
649 1118 755 1178 deinde
788 1124 851 1198 aet,
881 1119 959 1198 qnod
992 1119 1029 1179 ab
1055 1117 1221 1179 editoribus
1242 1120 1350 1178 omissum

244 1235 317 1300 erat,
342 1225 543 1285 Schneiderns
567 1224 687 1285 addidit.
734 1235 766 1285 at
790 1230 837 1286 aet
857 1242 943 1286 saam
967 1224 1094 1285 Ursinus
1118 1226 1285 1285 coniecerat

334 1330 523 1391 Dummodo
548 1329 768 1409 perduceret
791 1349 922 1409 specus
945 1350 961 1391 e
986 1331 1141 1410 piscinis
1160 1332 1196 1390 in
1215 1329 1351 1390 marcol-

244 1441 337 1498 iecta
362 1436 443 1496 culo
467 1455 532 1515 qua
557 1447 736 1497 aestns—
751 1436 892 1515 posset]
917 1437 950 1497 ln
970 1437 1130 1516 archetypo
1151 1446 1248 1497 utrum
1265 1439 1351 1497 adiecta

248 1563 285 1603 an
309 1545 430 1604 abiecta
453 1545 597 1621 scriptum
622 1544 721 1622 luerit,
745 1562 803 1602 non
829 1552 952 1604 constat.
995 1546 1185 1605 obiectacata
1207 1562 1262 1618 aaa
1281 1552 1353 1604 aestas

244 1650 323 1711 edita
351 1650 419 1709 inde
448 1669 463 1708 a
498 1651 631 1727 principe
664 1650 794 1709 editione
823 1650 1016 1731 exemplaria,
1049 1650 1183 1710 intendito
1210 1649 1279 1729 apud
1302 1648 1353 1708 alios

246 1756 396 1836 uocabulo,
420 1775 479 1835 qno
504 1751 627 1816 ‘molem
652 1759 725 1816 mari
746 1759 911 1834 oppositam
931 1774 983 1816 seu
1004 1758 1113 1816 moritis
1131 1755 1254 1816 alicuius
1270 1754 1353 1814 chiren
1424 1782 1429 1832 ⁴.

246 1863 291 1924 vel
316 1858 483 1923 obiectum'
503 1865 661 1940 significari
682 1862 884 1923 Schrreiderns
903 1862 1061 1924 adnotavit.
1098 1864 1217 1924 obiecta
1234 1866 1353 1936 maleam

246 1979 348 2032 aestas
371 1972 486 2048 scripsi.

338 2074 380 2138 10
411 2076 453 2135 Mt
476 2094 553 2136 cum
576 2075 647 2135 lata
672 2075 884 2137 candidatus
909 2086 1033 2137 troster
1058 2077 1266 2154 designatus
1285 2072 1353 2134 aedi·

238 2183 294 2242 *lis
317 2201 354 2242 se
378 2185 411 2241 in
437 2181 557 2241 uillam
582 2184 639 2241 cui
664 2200 727 2242 nos
751 2182 951 2243 occidimus
975 2192 1010 2243 et
1033 2182 1207 2262 gratulati
1235 2185 1268 2242 in
1287 2181 1356 2258 capi·

248 2289 373 2349 tolium
398 2288 671 2367 persequimur]
700 2291 815 2350 Aedilis
836 2293 866 2349 ia
887 2293 987 2350 ailiam
1006 2298 1036 2350 et
1054 2290 1162 2350 deinde
1179 2291 1357 2366 proseaaaaa

248 2396 369 2456 Merula.
406 2404 436 2455 et
455 2413 560 2456 accam
579 2402 665 2455 recta
685 2398 870 2456 candidatas
889 2404 991 2457 noster
1011 2400 1188 2472 dampnatas
1206 2398 1307 2467 aedita,
1322 2396 1359 2454 cai

249 2521 303 2563 aas
327 2505 521 2563 accurrimus
544 2500 705 2561 iucundus.
742 2519 829 2561 mano
855 2505 1034 2580 scriptorum
1058 2502 1202 2563 librorum
1226 2502 1360 2576 lectionem,

249 2627 337 2688 quam
361 2607 514 2667 Mcrccrus
538 2609 567 2666 in
592 2605 661 2666 Tac.
680 2607 775 2667 annal.
795 2606 834 2666 Ml
853 2607 897 2668 42
926 2627 961 2668 ex
985 2609 1119 2668 Parisino
1147 2607 1247 2668 codice
1270 2605 1360 2667 admu-

251 2721 341 2792 verat,
366 2715 497 2772 restitnit
517 2712 727 2794 Schneideros,
751 2715 804 2792 qui
822 2715 1010 2775 candidatum
1030 2714 1128 2775 curuli
1147 2715 1310 2791 magistratu
1325 2714 1363 2772 im·

250 2827 366 2898 patrato
382 2818 468 2877 latam
484 2836 646 2897 purpuram
668 2822 830 2897 sumpsisse
851 2831 880 2880 et
902 2823 931 2881 in
952 2820 1048 2881 villam
1067 2819 1215 2900 publicam
1233 2820 1266 2881 ad
1280 2821 1367 2880 amicos

250 2943 281 2985 se
310 2923 472 2984 contulisse
500 2923 660 2987 admonuit.
707 2945 751 3000 se,
783 2927 860 3004 qood
890 2929 953 2986 sine
989 2926 1078 2987 verbo
1106 2928 1165 2988 dici
1197 2945 1256 2988 non
1286 2927 1372 3007 potuit,

250 3030 356 3103 delevi,
400 3029 506 3091 deinde
531 3035 703 3093 accedimus
728 3035 843 3112 scripsi.
877 3037 1092 3111 persequimur
1112 3052 1146 3092 ex
1166 3052 1254 3095 mann
1273 3034 1375 3113 scriptis

250 3136 337 3197 libris
360 3140 493 3197 restitui:
516 3136 555 3197 lll
578 3136 660 3217 12st
687 3148 719 3199 at
743 3143 814 3200 inde
837 3149 866 3200 te
889 3144 1045 3201 caniculas
1064 3149 1243 3218 persecutas
1260 3143 1380 3204 credam

341 3242 405 3303 Ille
433 3242 516 3302 inde
544 3244 633 3303 endo
664 3263 760 3304 suam
790 3246 927 3306 dantum
954 3265 1017 3307 nos
1046 3254 1204 3307 nostram
1232 3249 1384 3328 opinioni

252 3359 374 3411 noster
395 3368 558 3410 sermone
578 3350 800 3429 depastione
817 3351 979 3412 nillatica
995 3354 1194 3413 summatim
1210 3352 1386 3433 hocquem

251 3453 568 3536 exposuilrabito]
599 3458 654 3517 Ille
682 3459 752 3517 inde
775 3460 875 3518 ettnda
900 3477 987 3518 satam
1011 3462 1142 3533 domam,
1169 3476 1225 3519 aas
1253 3469 1391 3522 nostrast

250 3565 400 3640 opinionis
424 3569 548 3623 nostrae
565 3581 733 3625 sermonem
754 3566 947 3641 depastione
970 3568 1108 3627 uittatica
1125 3570 1298 3627 summatim
1317 3570 1395 3630 tanc

250 3685 338 3744 qaam
361 3671 489 3743 exposui
515 3671 624 3730 habeto
647 3668 767 3730 Merula.
815 3689 851 3731 ex
874 3670 1009 3732 Parisino
1038 3670 1140 3730 codice
1169 3671 1244 3733 haec
1269 3678 1398 3736 correxit

252 3774 404 3836 Mercerus
424 3774 441 3834 l.
461 3794 495 3855 c,
515 3780 565 3837 ille
589 3779 659 3838 inde
679 3780 757 3838 endo
775 3796 862 3838 suam
877 3782 1003 3852 domam,
1023 3797 1077 3838 aas
1095 3787 1243 3860 nostram,
1266 3799 1284 3841 o
1310 3782 1401 3843 Pinm

251 3889 361 3956 noster,
376 3899 514 3943 sermone
528 3886 566 3943 de
581 3887 721 3959 pastione
735 3888 870 3946 aittatica
888 3889 1056 3947 summatim
1070 3888 1141 3958 liae,
1158 3904 1249 3961 quem
1264 3893 1403 3964 exposm,

251 3988 367 4069 hadita,
400 3989 470 4048 item
505 3999 571 4067 post
600 3988 681 4048 illum
710 3989 854 4050 Trillerns
887 3990 1032 4052 observat.
1056 3994 1121 4052 crit..
1144 3989 1179 4071 4,
1204 3990 1248 4054 27
1279 4012 1309 4072 p.
1329 3993 1405 4057 469.

252 4097 329 4154 eada
347 4098 572 4163 suamdomam
592 4095 626 4155 ad
647 4097 814 4175 exenrplum
834 4096 1000 4159 Ennianum
1025 4101 1102 4160 eada
1119 4116 1207 4159 suam
1228 4102 1270 4162 do
1289 4100 1406 4163 dictum

252 4217 317 4258 esse
340 4198 492 4261 Mercatura
515 4200 672 4261 adnotavit.
