2874 4994
215 285 281 351 130
556 292 746 349 COMMENT.
765 293 806 347 IN
824 291 1013 348 VARRONIS

213 448 303 529 opilio
327 447 362 508 ab
386 456 503 509 aratore
527 447 663 509 diversus
687 458 746 529 est,
770 450 810 508 ita
833 449 1043 528 armentarius,
1066 463 1167 526 neque
1193 456 1339 527 propterea,

217 554 295 634 quod
321 563 452 616 armenta
477 557 507 615 in
531 574 601 634 agro
631 557 713 634 pasci
736 565 874 637 possunt,
899 573 957 616 non
986 552 1062 615 alius
1085 561 1132 614 est
1154 556 1337 634 armentarios

213 663 265 741 qui
292 660 382 722 boves
411 663 569 724 indomitos
598 665 705 745 pascit,
734 662 809 723 alius
837 660 998 745 bubulcos,
1030 663 1082 741 qui
1110 679 1163 722 eos
1191 663 1222 722 in
1248 661 1334 723 arando

213 770 280 849 agit.
326 772 413 831 aliud
435 779 541 830 neutro
578 788 686 848 genere
710 768 822 830 dictum
846 763 969 849 1215
994 770 1082 829 aliud
1098 771 1201 846 pastio
1224 776 1253 830 et
1271 772 1333 831 aiod

213 879 286 951 apri
313 880 449 952 cultura,
473 873 539 958 13,
563 881 686 938 cultura
714 895 774 937 non
801 879 889 938 aliud
909 884 966 952 est,
989 877 1060 936 item
1084 873 1176 955 1112,
1197 872 1330 937 lOooiion

216 1015 253 1026 —
279 1002 359 1059 qaae
382 991 458 1045 esset
481 991 649 1060 atrumque,
674 990 703 1045 et
726 1003 763 1046 ea
787 992 816 1045 et
838 986 971 1046 urbana.

303 1091 414 1152 Causa
440 1090 495 1169 lit]
521 1093 571 1151 Fit
593 1090 685 1152 deleri
711 1090 805 1152 voluit
827 1091 962 1152 Ursinus.

302 1194 322 1259 5
355 1197 479 1260 Coloni
502 1217 613 1278 aeque
636 1198 861 1279 agricultura
894 1199 1029 1290 lactum¹
1052 1207 1091 1259 ut
1119 1207 1330 1260 nascerentur
1433 1230 1437 1249 o

213 1314 352 1366 eterra
381 1315 504 1368 contra
532 1309 692 1386 pastoris
720 1325 758 1366 ea
786 1325 875 1386 quae
904 1315 983 1368 nata
1017 1324 1057 1367 ex
1086 1303 1231 1385 pecore]
1256 1306 1344 1366 Coloni

213 1431 251 1474 ea
283 1431 362 1488 puae
394 1416 425 1474 in
454 1416 650 1488 apricaitara
679 1410 799 1472 Merula.
845 1415 956 1487 coloni,
984 1419 1018 1472 ut
1048 1431 1085 1473 ea
1113 1431 1195 1488 qaae
1222 1416 1252 1473 in
1271 1415 1367 1487 opri-

214 1523 337 1582 cultara
360 1527 533 1581 nascantur
556 1539 572 1581 a
596 1527 682 1580 terra
703 1520 840 1596 fractam
866 1519 1002 1595 saciant,
1027 1526 1137 1580 contra
1155 1523 1293 1597 pastori,
1308 1525 1389 1579 oc:

215 1645 251 1686 ea
270 1645 349 1702 puae
367 1635 442 1688 nata
461 1646 501 1688 eac
516 1646 630 1705 pecora
648 1626 809 1688 lucuudus.
847 1625 1004 1687 lectionem
1025 1626 1178 1707 archetypi
1196 1645 1212 1687 a
1231 1624 1335 1688 Victori
1363 1639 1401 1680 -o

214 1732 371 1794 indicatam
410 1737 510 1795 coloni
545 1753 641 1810 aeque
674 1737 870 1809 apricoltura
899 1732 1018 1808 sactum
1052 1751 1117 1814 sqq.
1151 1752 1241 1814 pravo
1269 1730 1410 1793 nocuo

213 1840 344 1901 defendit
377 1839 508 1920 Scaliger
541 1843 595 1921 ita,
628 1850 661 1902 ut
695 1859 806 1920 aequus
840 1859 905 1902 esse
938 1839 1021 1902 labor
1053 1842 1159 1902 colono
1188 1851 1219 1902 et
1247 1847 1359 1921 pastor
1383 1831 1421 1890 -t'l

214 1948 373 2028 diceretur,
398 1967 464 2009 cum
489 1948 563 2009 alter
587 1967 622 2009 ex
647 1957 726 2009 terra
751 1948 866 2010 lructus
890 1950 1067 2031 perciperet,
1087 1947 1165 2009 alter
1184 1967 1220 2008 ex
1242 1964 1337 2028 pecor-
1356 1955 1425 1995 ‘t-

214 2073 251 2115 aa
275 2072 354 2128 qnae
376 2074 430 2135 pro
455 2075 551 2132 aeque
575 2054 764 2116 scribendum
789 2075 854 2116 esse
879 2056 992 2117 viderat
1015 2054 1137 2136 Merula,
1160 2055 1213 2116 sed
1236 2057 1264 2115 in
1282 2052 1315 2114 rel
1341 2043 1426 2108 flli-

215 2164 281 2242 quis
305 2180 364 2222 non
388 2173 452 2223 erat
481 2182 534 2224 cur
564 2162 674 2224 codIcis
703 2166 853 2244 scriptura
882 2171 1057 2225 mutaretur.
1105 2161 1202 2223 coloni
1230 2170 1290 2222 suot
1310 2177 1390 2218 ff
1407 2166 1429 2208 ti

215 2287 291 2348 quae
315 2278 348 2330 ut
371 2288 387 2329 e
412 2277 491 2330 terra
517 2280 712 2332 nascerentur
737 2273 799 2351 agri
823 2270 938 2331 cultura
964 2272 1074 2332 iactum
1098 2278 1154 2350 est,
1177 2271 1294 2349 pastoris
1310 2282 1390 2326 9
1406 2274 1428 2316 ti

215 2395 290 2455 quae
315 2394 350 2435 ex
375 2394 483 2455 pecore
508 2387 575 2438 nata
595 2384 675 2438 sornt.
713 2396 779 2438 nano
800 2378 997 2456 prescientia
1017 2395 1121 2437 eorum
1141 2388 1362 2457 quaenaocut
1406 2381 1425 2422 ¹¹·

216 2491 265 2543 tor
288 2485 369 2561 ipsae
393 2500 456 2565 res,
480 2484 514 2543 ad
540 2503 613 2562 quas
637 2503 669 2544 ea
695 2486 818 2544 seleutia
848 2486 992 2564 pertinet,
1016 2483 1209 2562 appellantur.
1252 2471 1421 2544 deire-de

215 2588 369 2649 relativum
401 2607 562 2668 pronomen
594 2608 741 2666 quaram,
775 2589 853 2669 quod
878 2592 1027 2670 seqnitur,
1060 2590 1095 2651 ad
1114 2609 1155 2652 ea
1178 2609 1251 2670 quae
1271 2597 1415 2650 aot—u

216 2698 324 2774 scripta
362 2703 459 2775 erant,
499 2700 561 2756 alia
599 2701 681 2758 ratio
720 2715 758 2758 ac
795 2701 924 2758 scientia
967 2700 1078 2773 coloni,
1116 2700 1180 2759 alia
1217 2687 1409 2776 postor-l

216 2801 354 2862 relertur.

156 2992 160 2999 Ι
306 2909 355 2968 Ex
378 2927 415 2969 ea
439 2912 516 2969 enim
540 2927 658 2985 qaoqae
673 2909 797 2986 fricatus
822 2913 887 2971 tolli
906 2918 1033 2987 possunt
1055 2927 1115 2971 aon
1135 2913 1296 2973 mediocres
1311 2915 1400 2970 ελ

216 3019 434 3079 ornithonidus.
480 3019 519 3077 ita
549 3016 622 3077 haee
655 3019 733 3078 inter
767 3036 799 3078 sc
828 3017 1032 3098 coniungenda
1062 3036 1159 3098 neque
1187 3015 1397 3097 interpositi

217 3124 416 3206 distinctione,
435 3143 510 3204 quae
535 3126 564 3185 in
585 3124 814 3185 Conrmeliniana
835 3124 964 3185 editione
988 3124 1085 3186 addita
1108 3133 1180 3205 erat,
1200 3113 1390 3205 separanffl

217 3241 297 3294 stunt.
341 3231 476 3293 cambis
500 3234 595 3311 posita
619 3234 839 3311 praepositione
863 3251 903 3293 cx
930 3241 959 3293 et
990 3250 1057 3293 cuno
1086 3251 1146 3294 uno
1175 3230 1263 3293 verbo
1288 3239 1389 3291 con·

216 3339 316 3399 irrncta
345 3340 513 3398 accuratius
542 3357 591 3398 res
619 3338 759 3399 definitur
787 3347 930 3398 consueto
954 3337 1093 3400 Varronis
1122 3359 1193 3401 usu:
1221 3332 1314 3419 12‚9
1354 3341 1387 3385 C

217 3447 376 3506 radicibus
399 3463 479 3520 quoae
503 3453 704 3506 nascerentur
728 3465 744 3505 c
772 3451 847 3520 solo,
874 3443 923 3528 16,
942 3443 964 3507 4
986 3466 1025 3508 ne
1052 3449 1090 3508 de
1115 3445 1216 3524 fando
1239 3440 1384 3522 tamdia

217 3555 256 3614 ab
289 3570 380 3628 opere
412 3554 564 3632 discedat,
596 3547 688 3633 54,2
722 3556 752 3613 in
782 3556 933 3630 piscinam
965 3557 995 3615 in
1023 3554 1202 3631 anaphoram
1224 3555 1378 3631 picatam

198 3661 385 3719 -descendat
401 3691 449 3739 —,
470 3662 500 3720 in
521 3677 627 3720 arcam
651 3662 881 3721 incarnacione
905 3663 1057 3736 escendat,
1080 3656 1133 3741 59,
1152 3659 1173 3724 3
1198 3665 1230 3723 in
1251 3653 1376 3722 onom

219 3768 250 3824 in
274 3783 366 3841 opere
391 3774 590 3842 marmorato,
618 3765 643 3825 ll
667 3763 693 3847 1,
712 3763 756 3827 26
781 3770 811 3827 in
839 3769 975 3832 hibernis
1002 3769 1170 3829 habentia
1193 3770 1368 3830 vidam

218 3873 316 3944 lieres,
339 3868 369 3952 l,
385 3870 425 3933 11
452 3876 482 3932 in
508 3873 658 3949 Hispania
681 3876 829 3933 ulteriore
852 3877 883 3934 in
903 3875 1072 3950 Lusitania,
1095 3870 1243 3957 1112,13
1263 3867 1364 3935 caiis

214 3981 403 4056 pastionibus
418 3998 458 4041 aa
472 3998 535 4039 una
556 3983 626 4041 oilla
645 3983 776 4041 maiores
791 3979 915 4056 fractas
934 3999 1054 4059 capere,
1078 3981 1118 4042 ib.
1135 3978 1177 4043 14
1196 3999 1235 4044 cc
1250 3980 1357 4057 ploos

217 4088 308 4147 radas
324 4088 446 4161 —plus
470 4089 685 4161 qoinqoaaena
709 4090 793 4147 milia
816 4106 833 4147 c
861 4091 934 4149 oilla
958 4106 1071 4166 capere
1093 4090 1229 4171 dicabat,
1249 4081 1308 4168 to
1331 4095 1351 4139 e

218 4209 276 4266 nno
301 4190 390 4267 saras
418 4211 458 4251 ex
483 4196 673 4269 peristerane
701 4197 822 4255 evolare
845 4199 964 4272 possint
990 4203 1117 4273 matres,
1147 4193 1236 4278 126
1258 4194 1292 4254 ad
1310 4202 1341 4250 ιθ
1430 4262 1433 4265 .

219 4300 331 4356 dictum
359 4301 489 4373 leporem
520 4318 539 4359 a
568 4302 779 4375 coieritudine,
810 4298 897 4382 13‚1
930 4322 971 4363 ex
997 4306 1159 4380 superiore
1181 4307 1243 4365 loco
1261 4318 1277 4362 e
1289 4311 1333 4375 pi·
1432 4302 1435 4307 ’

218 4405 340 4463 laestrc.
379 4405 483 4464 similia
508 4414 578 4466 sunt
603 4406 684 4486 lraec,
704 4426 778 4486 quoae
799 4410 862 4488 ipsa
883 4426 1002 4489 quoque
1022 4409 1189 4471 editoribus
1205 4399 1329 4470 olleodoal
1406 4464 1412 4491 ,
