2874 4994
280 341 328 395 DX
348 342 436 396 AGRI
455 341 628 398 CVLTVRA
646 343 787 398 LIBRVM
806 343 834 398 (l.
851 341 981 398 33-34
1161 334 1204 399 65

51 501 160 573 riqoto
192 499 303 558 leniter
334 501 365 558 in
395 516 501 572 oreos,
528 497 567 558 ib.
594 502 695 573 qerito
723 501 878 574 inditoque
905 502 1021 559 leniter.
1068 501 1140 559 item
1168 498 1204 558 de

52 607 126 682 igne
157 614 188 666 et
212 604 248 664 de
273 604 428 684 coquendo
453 623 555 685 saepe,
583 624 608 666 c.
627 603 670 668 69
694 608 811 667 lenibus
834 609 924 681 liquis
944 606 1042 682 socito
1063 611 1205 681 calescat,

55 709 101 773 75
126 716 248 788 coquito
271 715 389 785 leniter,
417 709 507 793 95,1
533 716 599 788 toni
620 716 683 773 leni
704 716 837 787 coquito,
866 710 975 793 107,1
1002 731 1116 788 coquos
1138 733 1205 774 sor-

53 823 166 880 mentis
194 827 223 880 ct
251 823 313 879 leni
335 822 475 894 flammo,
503 818 555 879 ubi
583 822 646 879 teeti
667 821 792 893 flammo
821 820 851 877 in
877 818 1037 898 archetypo
1061 821 1205 898 scriptum

55 935 138 1007 erat,
163 924 227 988 113
251 944 286 986 eo
306 943 440 1002 prunam
464 930 558 987 lenem
583 929 693 986 indito:
716 925 753 986 ci.
772 924 853 984 Varr.
874 943 896 985 r.
917 944 941 985 r.
959 924 972 983 l
991 923 1034 986 64
1058 929 1207 987 decocunt

55 1037 89 1094 in
114 1036 222 1094 ubertis
245 1036 309 1093 leni
330 1036 403 1108 iqui.
421 1065 464 1075 -
483 1036 634 1107 corripite
655 1031 691 1091 de
715 1031 897 1092 aedificando
916 1032 1076 1093 torculario
1095 1032 1207 1093 dietum

57 1150 107 1200 est
140 1137 189 1221 18,
208 1136 238 1219 9,
266 1157 318 1199 eos
346 1145 472 1199 cotenes
500 1156 568 1198 com
596 1140 666 1198 orbi
692 1141 786 1199 cloois
806 1137 921 1212 ferreis
945 1142 1105 1214 corripite,
1134 1139 1207 1200 be.

57 1246 203 1324 conligito
233 1253 263 1305 et
291 1247 321 1304 iu
351 1254 462 1305 rectam
491 1254 605 1325 partem
629 1247 803 1305 convertito.
850 1246 949 1323 itaque
973 1245 1010 1306 de
1035 1247 1128 1306 vineis
1151 1245 1207 1306 hoc

57 1353 257 1431 praecipitur,
289 1352 445 1430 pampinos
477 1353 581 1412 vitium
610 1361 730 1412 teneros
758 1351 865 1411 leniter
893 1370 958 1412 esse
987 1351 1149 1431 alligandos
1178 1360 1208 1413 et

56 1461 98 1520 ita
124 1457 292 1538 erigendos,
316 1467 349 1519 ut
372 1467 454 1519 recta
473 1470 557 1537 parte
577 1458 690 1519 caelum
710 1467 853 1537 spectent.
892 1458 1028 1519 similiter
1048 1458 1208 1520 Columella

57 1561 169 1644 v9,3
201 1564 238 1624 de
271 1564 355 1625 taleis
387 1564 533 1644 olearum,
566 1583 641 1643 quae
674 1573 756 1625 recta
784 1575 868 1643 parte
896 1564 1010 1626 caelum
1040 1575 1207 1644 spectantes

57 1680 217 1745 seruntur,
246 1670 331 1751 dicit,
359 1676 459 1733 toleoe
487 1675 598 1733 deinde
624 1675 848 1749 sesquipedales
872 1691 962 1733 serro
983 1677 1209 1748 qtroecidontur
1300 1712 1308 1727 ·

57 1786 152 1853 atquc
168 1782 238 1839 illoc
251 1783 511 1856 ploqoeotroqoe
522 1786 614 1855 porte
624 1778 709 1854 soloe
722 1783 859 1839 leventur
874 1787 902 1840 et
916 1781 1046 1840 cubrico
1056 1787 1207 1854 notentur,

58 1893 102 1967 ut,
126 1888 173 1945 sic
195 1902 282 1960 quem
306 1888 486 1947 admodum
506 1889 537 1946 in
557 1887 669 1946 arbore
687 1892 814 1946 steterat
832 1903 945 1958 remus,
969 1889 1013 1946 ito
1028 1905 1105 1962 pors
1125 1892 1210 1947 recte

59 2001 89 2053 et
119 1996 281 2054 cocumine
308 1996 427 2053 coelunt
453 2000 594 2069 spectans
618 1995 798 2068 deponetur.
844 2011 914 2053 nom
937 1996 966 2052 si
987 1996 1108 2054 inierso
1131 2010 1208 2053 mer·

58 2106 166 2178 qotor,
190 2098 358 2173 difficulter
381 2101 608 2176 conprehendit.

153 2204 359 2286 Pampinato
393 2222 549 2283 uvasque
582 2203 770 2283 expellito]
800 2207 951 2282 Espedito
979 2208 1107 2267 coniecit
1134 2206 1209 2267 Pon·

61 2313 168 2373 tedere
191 2332 220 2391 p.
238 2310 291 2392 48,
316 2311 394 2391 quod
419 2311 621 2372 Schneiderus
644 2310 788 2391 probavit.
826 2331 889 2373 rom
913 2311 1069 2390 explicavit
1088 2313 1209 2372 Schnei-

61 2420 166 2500 derus,
189 2415 349 2500 ‘explicato
373 2418 409 2479 ad
433 2417 539 2498 solem,
563 2436 622 2497 quo
646 2417 762 2479 facilius
784 2414 1031 2499 percoquantur’.
1077 2419 1129 2479 sed
1153 2420 1209 2480 boc

62 2508 165 2607 ipsum
186 2535 267 2587 recte
287 2525 397 2587 dicitur
416 2528 566 2603 expellito.
603 2525 823 2604 protruduntur
842 2528 920 2587 enim
940 2545 1021 2601 uvae,
1045 2545 1112 2587 oum
1132 2525 1210 2587 foliis

63 2643 95 2696 et
123 2635 271 2713 pampinis
300 2632 465 2693 nudantur:
493 2631 586 2693 Plaut.
606 2632 712 2693 Bacch.
731 2629 796 2694 965
821 2635 889 2693 item
913 2651 968 2708 eqo
991 2636 1068 2694 dotis
1090 2636 1210 2715 meiito

62 2743 173 2817 expuli
194 2760 211 2802 e
230 2743 357 2820 periclo,
382 2738 433 2799 ubi
456 2741 527 2799 item
552 2738 682 2799 editores
704 2738 741 2799 de
765 2742 887 2800 veritate
909 2742 1075 2819 scripturae
1095 2738 1209 2801 dubita-

60 2855 180 2908 verunt.

154 2949 175 3014 5
207 2952 382 3013 Salictum
419 2971 482 3014 suo
520 2960 680 3031 tempore
714 2952 854 3013 caedito
887 2951 1027 3032 glubito
1061 2960 1210 3031 arteque

60 3061 213 3138 alligato
246 3058 376 3119 librum
408 3068 625 3120 conseruato
654 3077 730 3118 cum
758 3077 847 3137 opus
875 3061 946 3120 erit
974 3061 1009 3119 in
1037 3060 1141 3119 uinea
1171 3078 1209 3119 er
1240 3119 1246 3130 ,

61 3187 103 3229 eo
128 3170 164 3227 iu
188 3185 311 3246 aquam
335 3167 469 3226 coicito
493 3165 640 3244 alligato
660 3167 792 3225 uimina
812 3165 904 3225 unde
924 3164 1096 3226 corbulae
1121 3166 1211 3226 liant

61 3271 300 3349 conseruato]
321 3273 449 3333 Librum
468 3280 654 3347 conservato,
678 3280 707 3333 et
730 3290 798 3332 cum
821 3290 895 3349 opus
918 3276 979 3333 erit
1001 3277 1031 3333 in
1051 3275 1148 3346 vineo,
1172 3292 1212 3332 ex

61 3400 99 3444 eo
134 3385 165 3442 io
198 3398 309 3456 equom
342 3383 494 3441 coniicito.
525 3382 638 3440 airoino
671 3397 735 3457 sqq.
765 3377 886 3439 Merula.
936 3381 1069 3454 qlobito;
1101 3381 1211 3439 librom

62 3496 258 3562 conservato,
286 3502 355 3547 com
379 3505 453 3563 opos
476 3490 536 3547 erit
559 3489 591 3547 io
615 3489 717 3561 vineo,
742 3490 772 3546 in
796 3504 907 3561 aquom
931 3489 1087 3559 coniicito,
1115 3504 1154 3545 eoo
1177 3503 1212 3545 eo
1259 3475 1261 3478 ’

61 3599 200 3670 oiliqoto.
224 3597 336 3656 airoino
359 3613 422 3673 sqq.
448 3592 650 3654 Schneiderus
673 3595 814 3674 coniecit,
842 3596 980 3672 quoniam
1003 3597 1103 3672 inepte
1128 3592 1211 3653 salic-

63 3714 131 3765 tum
159 3701 273 3782 alligari
301 3702 465 3783 diceretur,
494 3710 528 3761 ut
556 3702 632 3761 vitis.
678 3703 768 3761 immo
797 3701 833 3761 de
863 3701 1021 3762 viminibus
1049 3720 1083 3761 ex
1109 3700 1212 3761 salicto

62 3810 176 3870 decisis
204 3818 234 3869 et
261 3808 298 3870 de
326 3808 403 3868 libro
431 3827 467 3869 ex
495 3807 553 3868 illis
580 3807 714 3868 detracto
743 3807 816 3868 baec
838 3810 1076 3887 praecipiuntur:
1105 3810 1213 3868 vimina

61 3924 131 3977 arte
155 3915 297 3994 alliganda
322 3923 352 3976 et
376 3915 576 3976 conservanda
600 3922 679 3994 sunt,
703 3924 737 3975 ut
760 3933 794 3974 ex
817 3915 853 3973 iis
872 3913 1011 3973 corbulae
1031 3916 1114 3993 frant3
1139 3913 1213 3974 liber

61 4027 139 4085 item
163 4032 358 4084 conservatur
370 4031 421 4113 pt,
445 4040 512 4083 curn
536 4040 611 4100 opus
634 4029 681 4082 est
704 4023 734 4080 in
759 4022 851 4101 vinea,
875 4023 905 4081 iu
929 4039 1033 4098 aquam
1057 4022 1213 4099 conicitur,

61 4140 100 4192 ut
137 4132 178 4191 sit
211 4148 269 4210 quo
302 4132 376 4190 vites
409 4128 576 4207 alligentur.
631 4147 698 4189 uam
732 4130 871 4203 oliiqato,
905 4126 982 4205 quod
1016 4129 1116 4207 priore
1149 4125 1213 4186 loco

62 4235 285 4319 Schneiderus,
308 4238 474 4317 posteriore
498 4234 608 4295 Merula
633 4234 815 4313 deleverunt,
839 4235 968 4312 primum
993 4232 1029 4293 de
1055 4232 1214 4293 viminibus

61 4349 96 4406 in
121 4343 296 4406 fasciculum
320 4343 473 4423 colligatis,
497 4350 599 4421 postea
623 4342 659 4402 de
683 4345 766 4402 vinea
791 4339 867 4400 libro
891 4339 1006 4419 alligata
1029 4340 1214 4400 dictumest.

154 4452 282 4513 XXXIV
317 4448 334 4511 1
372 4448 440 4510 Ubi
477 4451 629 4529 quisque
667 4448 767 4509 locus
805 4447 1069 4526 frigidissimus
1107 4465 1214 4525 aquo-

121 4562 179 4602 Gn.
193 4573 226 4602 nu
242 4571 300 4601 urunt
315 4570 383 4600 ovar.
412 4560 443 4598 11.
986 4555 1002 4599 5
