2874 4994
238 305 302 369 110
595 312 787 368 oonnnar.
804 313 844 366 nr
865 274 1022 367 aaronis

237 467 426 528 scribendum
455 486 520 528 csso
549 469 670 528 conieci.
717 467 768 528 scd
797 487 834 528 ne
862 471 892 528 in
922 467 1045 546 reliquis
1071 465 1190 545 quidem
1213 462 1288 545 quid
1311 462 1379 525 Cato

236 577 478 657 praescripserit,
501 578 573 636 satis
597 583 727 654 apparet.
773 593 841 635 nam
869 575 939 655 qrrid
969 576 1008 635 sit
1027 580 1186 651 praestato
1209 590 1273 633 nou
1296 571 1379 633 iutel-

237 681 359 762 lcgitur:
382 683 460 743 idem
485 701 560 763 esse,
584 681 662 762 qood
687 700 777 761 supra
801 701 825 742 c.
847 678 887 742 79
913 681 1024 742 dictum
1049 688 1113 741 crat
1136 688 1237 742 coctos
1260 683 1380 741 eximito

237 789 434 851 liottboellius
458 789 563 850 voluit:
596 789 823 867 perfripiloqne
853 789 1015 865 llrcrrndus,
1040 797 1242 867 pressamque
1264 786 1381 866 Popma.

236 916 334 977 neque
357 902 493 959 colorato
518 916 575 976 quo
600 900 747 976 pertineat
770 899 799 956 in
820 914 909 976 opero
929 898 1054 975 pistorio
1073 896 1270 976 perspicitur:
1294 898 1380 957 collo

237 1013 365 1080 cataque
388 1003 585 1065 Rottboellius
608 1005 744 1064 coniecit.

325 1113 449 1172 LXXXI
468 1111 620 1172 Erneum
635 1110 836 1189 placentum
854 1119 1028 1189 tamquam
1043 1107 1246 1188 placentam
1261 1108 1381 1170 cadem

237 1222 353 1281 omnia
377 1220 493 1281 indito
519 1237 606 1299 quae
631 1221 664 1278 in
688 1216 891 1298 placentam
915 1218 948 1277 id
972 1218 1193 1301 permisccto
1216 1218 1255 1277 iu
1278 1216 1381 1277 alueo

237 1326 271 1386 id
301 1326 417 1387 indito
445 1330 479 1388 in
508 1328 642 1386 irncam
672 1323 844 1401 fictilem]
874 1325 1007 1385 Erneum
1036 1332 1181 1399 tamqnam
1205 1328 1380 1401 placentam

234 1433 341 1509 facito,
361 1436 466 1493 eadem
484 1436 585 1493 omrn'a
605 1435 710 1511 indito,
732 1450 812 1506 quae
832 1434 861 1491 io.
878 1435 1053 1508 placentam
1074 1430 1234 1506 iucundus,
1259 1450 1382 1493 erneom

237 1549 389 1615 tamqnam
413 1543 600 1616 placentam,
629 1542 735 1601 eaedem
762 1542 864 1599 omnia
892 1556 956 1618 sqq.
981 1537 1137 1600 Victorius.
1190 1557 1226 1599 ex
1255 1537 1384 1619 rubrica,

237 1666 311 1727 quac
336 1650 365 1707 in
389 1665 477 1707 manu
502 1648 622 1724 scriptis
645 1645 729 1706 libris
752 1648 936 1725 praescripta
959 1654 989 1706 et
1013 1648 1042 1706 in
1062 1645 1160 1706 indice
1183 1644 1383 1725 capitulorum

236 1756 362 1834 repetita
390 1763 448 1834 est,
477 1755 612 1814 Ernenm
639 1757 684 1813 sic
709 1752 821 1832 facito,
857 1763 1028 1832 corruptam
1056 1757 1239 1833 scripturam
1268 1755 1385 1814 correxi

236 1870 266 1922 et
285 1860 429 1940 suppleri,
453 1862 587 1922 Emeum
605 1863 650 1920 sic
666 1858 765 1934 facila
785 1867 938 1935 tamquam
954 1864 1137 1938 placentam,
1156 1863 1266 1922 eadem
1284 1864 1386 1922 omnia

237 1971 342 2043 a‘ndlto,
365 1985 444 2042 quae
467 1970 498 2027 in
519 1970 701 2044 placentam.
748 1983 871 2025 erocum
899 1965 935 2025 ab
967 1968 1048 2027 irnea
1072 1967 1118 2028 vol
1141 1966 1250 2029 hirnea
1273 1967 1386 2029 dictum

236 2084 295 2154 ost,
328 2073 406 2153 qtrod
439 2081 485 2134 est
512 2092 606 2153 genus
634 2075 711 2132 vasis
739 2072 856 2135 fictilis:
894 2073 985 2134 Plaut.
1010 2074 1154 2152 Amphitr.
1179 2072 1247 2135 429
1273 2074 1390 2152 'inpleri

235 2185 388 2261 lu'rneam,
415 2177 482 2241 430
506 2185 536 2241 in
561 2185 632 2242 illac
655 2184 778 2262 ltlrnea,
806 2177 869 2241 431
895 2184 959 2241 nini
979 2184 1131 2257 hirneam,
1163 2175 1213 2243 dbi
1242 2185 1274 2244 ia
1308 2182 1387 2243 codi-

236 2290 320 2351 cibus
354 2288 439 2349 Nouii
468 2307 496 2367 p.
521 2285 600 2368 546,
624 2286 667 2348 24
696 2307 812 2364 cyrrtoa
840 2287 961 2369 legitur,
995 2289 1023 2349 b.
1048 2308 1073 2349 e.
1100 2292 1228 2367 learned.
1279 2290 1387 2350 codem

237 2400 387 2476 pertinere
412 2396 550 2456 ridentur
570 2394 661 2455 [liorn.
681 2414 709 2474 p.
729 2392 803 2476 326,
822 2393 865 2456 22
888 2399 992 2457 hirnia
1015 2400 1148 2459 Itt'rniola
1168 2404 1196 2457 ct
1216 2396 1305 2459 Paul.
1324 2416 1386 2458 exc.

236 2504 314 2565 Fest.
335 2525 361 2584 p.
385 2501 456 2585 105,
478 2501 518 2563 1‘2
543 2504 648 2563 Irnela
669 2520 767 2577 penus
791 2507 869 2564 rasis·
894 2507 924 2564 ln
947 2507 1056 2565 sacris.

324 2611 480 2669 LXXXIII
507 2609 611 2669 dlarti
640 2607 780 2670 siluano
809 2613 842 2671 in
872 2609 965 2671 silua
994 2610 1179 2672 interdius
1205 2613 1387 2693 incapite

236 2718 377 2796 singula
415 2716 517 2777 boum
557 2726 674 2777 votum
712 2715 839 2794 facito]
873 2717 996 2778 Martem
1035 2718 1185 2780 Silvanum
1218 2719 1300 2801 dial,
1338 2722 1387 2800 qui

236 2844 261 2884 c.
286 2822 343 2884 141
376 2826 405 2883 iu
434 2822 559 2884 lormnla
588 2826 651 2902 agri
678 2824 824 2885 lustrandi
848 2823 926 2884 Mars
954 2833 1038 2904 prater
1061 2825 1230 2907 diceretur,
1258 2826 1388 2889 Ursinus

238 2931 395 2992 adnotavit.
441 2930 563 2991 Martem
589 2941 618 2991 et
642 2930 792 2992 Silvanum
816 2933 846 2991 iu
871 2934 960 2993 unius
983 2933 1031 2993 dei
1055 2934 1179 2994 lormam
1203 2936 1304 2996 coisse
1332 2935 1386 2996 boc

236 3037 369 3116 exemplo
395 3040 440 3097 usi
465 3037 599 3116 plorlque
624 3037 826 3116 comprobant,
850 3038 885 3098 de
910 3058 969 3118 quo
992 3039 1255 3103 Reifferscheidius
1280 3044 1313 3103 iu
1338 3062 1385 3103 an·

236 3143 352 3204 nalibus
377 3145 505 3204 Instituti
528 3144 743 3223 aroltaeologici
766 3145 890 3205 Romani
914 3165 938 3206 a.
963 3144 1044 3208 1866
1073 3167 1102 3227 p.
1116 3146 1181 3211 218
1213 3149 1385 3229 disputarit.

236 3250 376 3312 Catonem
406 3262 503 3311 tamen
532 3252 606 3313 duos
634 3252 706 3312 deos
734 3251 846 3333 (licere,
875 3252 983 3332 quibus
1016 3264 1115 3315 votum
1139 3273 1194 3334 pro
1219 3256 1323 3319 bubus
1347 3257 1384 3318 la·

236 3360 373 3421 ciendum
402 3368 495 3439 esset,
527 3377 562 3419 cx
592 3379 627 3419 co
656 3359 784 3437 intellegi
816 3368 944 3440 poterat,
980 3362 1058 3440 quod
1087 3382 1162 3442 quae
1190 3363 1313 3425 duobus
1340 3365 1385 3425 dis

237 3467 368 3527 rovcuda
396 3476 481 3526 erant
508 3468 538 3525 iu
568 3484 659 3526 unum
690 3485 738 3526 ras
768 3466 856 3528 licere
887 3470 1002 3529 coicere
1026 3469 1122 3531 docet.
1168 3489 1235 3532 uam
1259 3480 1386 3554 propter

236 3594 270 3635 ea
292 3593 367 3654 quac
387 3591 538 3634 sacrorum
559 3592 647 3633 causa
666 3583 808 3653 parantur
827 3575 901 3636 liaeo
921 3587 1077 3655 praecepta
1097 3578 1133 3638 de
1154 3588 1222 3639 roto
1240 3578 1300 3640 boc
1320 3579 1385 3640 loco

236 3684 331 3761 posita
348 3688 425 3741 saint.
456 3681 573 3740 uomina
588 3690 686 3741 autem
702 3682 828 3743 duorum
844 3683 968 3743 deornm
985 3703 1042 3744 rron
1058 3684 1155 3746 addila
1171 3687 1385 3747 coniunctione

237 3790 400 3867 composita
428 3795 505 3848 suut.
553 3807 627 3867 quae
657 3790 750 3850 lorma
779 3791 911 3870 asyndell
942 3809 1029 3870 qrram
1058 3792 1115 3853 late
1139 3792 1217 3872 apud
1241 3791 1383 3855 Catonem

236 3905 343 3975 pateat,
367 3903 400 3955 nt
423 3894 621 3976 intellegatur,
644 3897 809 3958 adscribam
835 3898 975 3980 exempla,
1000 3902 1029 3960 in
1055 3899 1165 3979 quibus
1183 3900 1243 3961 duo
1262 3904 1382 3963 uomina

236 4005 343 4064 omisso
368 4002 472 4081 copula
493 4005 587 4083 posita
607 4015 686 4084 suot,
711 4024 838 4084 quorum
858 4024 927 4084 pars
946 4006 1015 4067 olim
1035 4006 1071 4066 ab
1091 4006 1257 4069 editoribus
1278 4017 1382 4069 contro

235 4111 323 4171 srdcnn
354 4109 498 4170 liin-orum
526 4120 637 4171 rnrnata
666 4118 724 4192 est,
755 4109 822 4192 1‚.‘t
850 4118 912 4174 solo
940 4116 1016 4175 dono
1047 4133 1104 4175 sota
1135 4118 1248 4176 virtute
1273 4118 1383 4195 amal,

235 4216 314 4277 ib.3
344 4220 510 4291 laniantque
538 4222 714 4293 (maneriam,
747 4223 887 4296 oppidum
916 4224 1050 4282 validam
1074 4240 1172 4299 prope
1198 4225 1268 4296 olel,
1303 4218 1381 4303 2,2

236 4328 384 4383 rationem
414 4327 493 4384 inire
520 4334 636 4400 oportet
664 4345 827 4402 operarum
851 4331 978 4403 allorum,
1007 4328 1046 4389 ib.
1067 4326 1087 4389 5
1111 4333 1247 4391 rationes
1267 4338 1382 4406 putare

237 4433 448 4507 draconariam
468 4431 715 4512 srmrtentariam,
737 4437 846 4510 paltnli
868 4454 964 4497 cansa
987 4455 1067 4511 quae
1086 4445 1204 4514 parata
1225 4445 1307 4513 sunt,
1329 4454 1378 4498 ra·
