2874 4994
241 305 260 366 8
580 309 771 365 COMMENT.
790 309 827 363 IN
848 307 1037 363 VARRONIS

241 465 355 527 Bernae
374 484 398 528 a.
420 462 504 526 1863
524 484 559 524 ex
579 464 681 524 codice
705 463 839 523 Parisino
864 462 951 523 editis
973 482 1000 542 p.
1021 460 1087 523 lllll
1110 464 1141 523 in
1165 479 1256 523 carm.
1271 459 1284 519 l
1299 460 1326 541 1,
1343 460 1374 524 12

241 576 351 653 scripta
379 583 449 634 sunt
479 571 564 651 baec,
594 574 712 631 Attalus
738 589 797 631 rex
822 570 885 646 fuit
912 571 1185 646 Pergamenorum,
1209 572 1265 645 qui
1285 573 1375 631 onmia

241 683 319 742 bana
343 699 399 742 rua
427 681 569 741 Romanis
591 679 647 739 sub
667 685 841 739 testamento
861 680 987 739 demisit.
1022 679 1145 754 scripsit
1167 684 1271 737 autem
1293 678 1376 737 malta

139 818 142 825 ·
241 791 279 848 rie
300 792 373 863 apri
394 791 525 849 cultura.

329 891 497 953 Nicesius
512 890 727 967 maronites]
741 892 881 952 Hicesius
896 891 1066 952 Maronites
1084 891 1213 951 coniecit
1226 888 1378 951 Schneide

242 1019 294 1061 rus
315 999 464 1060 llicesinm
485 999 633 1060 medicum
652 999 709 1058 dici
730 1007 821 1077 ratus,
841 999 893 1077 qui
912 1015 999 1076 saepe
1019 1006 1049 1058 et
1070 1016 1085 1057 a
1104 996 1200 1058 Plinio
1219 1005 1252 1058 et
1269 994 1308 1057 ab
1324 996 1380 1059 aliis

241 1107 413 1188 appellatur,
438 1125 614 1186 quamquam
638 1108 665 1167 is
688 1124 785 1185 neque
805 1104 860 1165 boc
880 1104 954 1186 loco,
977 1105 1029 1166 sod
1049 1123 1138 1184 supra
1157 1113 1226 1185 post
1245 1103 1381 1183 Hegesiae

241 1233 357 1296 nomeu,
382 1224 414 1274 nt
438 1214 510 1273 ordo
531 1212 696 1275 litterarum
717 1222 875 1295 constaret,
895 1211 1086 1292 appellandus
1105 1212 1170 1294 luit,
1191 1212 1382 1292 nequeuntis

241 1322 385 1382 oriundus
409 1321 499 1381 luerit
522 1323 641 1382 scimus.
683 1323 783 1399 itaque
807 1328 981 1401 corruptum
1006 1337 1113 1380 nomen
1136 1318 1248 1380 Nicesii
1273 1318 1385 1399 reliqui.

241 1426 419 1509 Columella,
443 1429 493 1506 qui
513 1426 525 1486 l
546 1425 607 1508 1,t
629 1446 692 1507 sqq.
717 1427 841 1506 plurima
862 1429 1042 1506 scriptorum
1061 1427 1179 1487 nomino
1202 1445 1239 1486 ex
1260 1424 1385 1487 Varrone

243 1537 380 1615 repetivit
408 1545 437 1595 et
464 1536 572 1615 patria,
601 1552 658 1613 qua
689 1536 815 1613 qrrisque
843 1543 930 1594 natus
958 1542 1050 1615 esset,
1078 1533 1206 1593 indicata
1235 1531 1388 1614 disposuit,

243 1660 335 1704 unrrm
360 1643 521 1701 nominavit
549 1639 713 1700 Maroniteu
739 1639 907 1720 Hegeslam3
935 1639 986 1700 sed
1016 1639 1056 1700 ibi
1086 1641 1115 1699 in
1141 1638 1389 1720 Saugermanensi

242 1749 343 1809 codice
362 1751 490 1810 nicetius
509 1751 652 1809 mariotes
671 1749 816 1827 scriptum
836 1758 889 1827 est,
910 1748 1165 1830 manifestantia,
1190 1747 1274 1828 quod
1294 1759 1390 1812 tamen

243 1854 443 1916 Schneiderus
468 1854 609 1915 defendit.

334 1959 375 2024 10
406 1960 477 2023 llos
505 1961 697 2022 nobilitate
726 1980 823 2041 mago
857 1960 1164 2041 carthaginiensis
1195 1967 1395 2041 praeteriit

242 2069 419 2150 phoenica
452 2069 574 2149 lingua
602 2067 692 2147 quod
729 2087 786 2128 res
814 2069 1002 2148 dispersas
1030 2068 1262 2148 comprendit
1291 2070 1396 2131 libris

243 2176 336 2254 XIIX]
367 2178 529 2237 Nobilitate
551 2175 713 2236 Politianus
741 2175 973 2258 examictum,
1006 2195 1065 2237 non
1093 2178 1283 2252 nobilitates,
1317 2178 1394 2258 quod

243 2283 392 2344 Gesnerus
412 2285 555 2362 principis
574 2283 711 2343 editionis
727 2281 852 2344 lectione
871 2286 1042 2345 nobilitatos
1057 2286 1087 2344 in
1101 2302 1237 2344 errorem
1254 2286 1396 2347 inductus

244 2391 433 2450 indicaverat.
470 2392 500 2449 in
520 2389 620 2449 codice
642 2399 738 2449 tamen
758 2391 911 2451 nobilitate
930 2391 1021 2451 luisse
1041 2390 1167 2473 ridetur,
1186 2391 1308 2469 quodl
1330 2392 1396 2453 etB

245 2497 363 2578 babent,
376 2498 561 2557 nobilitatem
576 2494 669 2555 codex
684 2494 839 2577 caesenas,
856 2498 1056 2558 nobilitatem
1074 2507 1104 2556 et
1118 2496 1284 2559 lucnndus.
1318 2508 1396 2560 cete

245 2623 311 2665 rum
328 2622 362 2664 ex
378 2604 593 2681 antiquissimis
609 2600 826 2681 exemplaribus
841 2602 936 2663 adbuc
951 2622 1040 2682 prave
1059 2599 1198 2664 distincta
1220 2603 1397 2667 serebantur

245 2709 332 2770 verba
357 2712 386 2769 in
407 2708 485 2769 bunc
504 2709 633 2789 modurn,
656 2712 709 2770 bas
729 2712 884 2771 nobilitate
904 2711 997 2786 Mapo
1020 2712 1288 2786 Cartbapiniensis
1302 2732 1395 2791 prae·

243 2820 326 2878 tertii
337 2819 468 2894 poenica
478 2818 593 2891 iiupua,
603 2819 743 2891 quadres
753 2820 906 2894 dispersas
916 2820 1143 2894 comprcbendit
1152 2819 1242 2879 libris
1253 2820 1395 2882 ΧΧΙΙΧ.

244 2923 295 2984 scd
321 2925 351 2984 iu
374 2922 431 2982 boc
454 2939 563 3001 genere
587 2920 726 3003 plurima,
753 2941 827 3000 quae
851 2923 920 2984 olim
944 2924 1100 3003 depravata
1123 2934 1223 3005 erant,
1253 2926 1395 2989 adnotare

246 3029 350 3090 inutile
376 3030 439 3089 luit.
472 3037 624 3108 praeterea
648 3033 702 3104 qui
723 3032 838 3113 scripsi,
862 3029 913 3091 ubi
936 3033 965 3090 in
990 3050 1077 3091 manu
1103 3033 1223 3110 scriptis
1254 3045 1284 3094 et
1309 3033 1395 3094 editis

246 3135 465 3216 exemplaribus
484 3139 566 3211 arraei
583 3136 648 3215 luit,
666 3139 720 3198 bas
739 3139 894 3199 nobilitate
908 3139 1002 3213 Maca
1020 3139 1287 3213 Cartbapiniensis
1301 3160 1393 3218 prae·

244 3247 336 3318 teriit,
356 3247 487 3320 poenica
510 3246 616 3317 tinpna
635 3248 690 3318 ant
707 3262 756 3304 res
776 3248 929 3321 desprersas
948 3248 1129 3322 conprendit
1147 3247 1236 3307 libris
1250 3248 1393 3310 ΧΧΙΙΧ.

334 3349 371 3412 ll
408 3349 642 3409 circumcisis
671 3350 780 3411 rebus
808 3371 896 3431 quae
922 3371 988 3412 non
1013 3351 1180 3413 arbitror
1202 3357 1393 3432 pertinere

244 3458 283 3518 ad
300 3459 377 3537 agri
392 3453 588 3532 culturam]
611 3458 690 3529 Onus
706 3475 766 3519 non
781 3460 918 3519 arbitror
934 3458 1068 3520 Ursinus.
1092 3459 1272 3538 prudentius
1286 3460 1393 3523 Petrus

244 3564 339 3626 Faber
362 3571 520 3624 comment.
544 3564 573 3621 in
598 3561 691 3624 Cicer.
710 3563 823 3626 Lucull.
845 3584 870 3625 c.
891 3563 933 3627 14
957 3560 1063 3645 (Cicer.
1083 3566 1212 3629 academ.
1231 3568 1277 3628 ed.
1299 3567 1393 3631 Daris.

244 3692 269 3751 p.
281 3666 361 3751 308)
377 3667 614 3747 inaequalitatem
630 3673 771 3731 orationis
786 3675 816 3732 iu
832 3675 950 3733 nomine
965 3692 1015 3733 res
1032 3692 1090 3732 oon
1106 3673 1257 3735 insolitanr
1272 3680 1393 3737 notant

245 3778 384 3837 Varronis
404 3776 571 3855 exemplum
586 3775 611 3835 ll
629 3776 656 3858 1,
671 3775 690 3838 3
706 3798 775 3839 curn
790 3783 923 3840 uiuerent
938 3783 1071 3841 bomiues
1085 3799 1125 3841 ex
1144 3783 1182 3841 iis
1195 3784 1301 3861 rebus,
1316 3804 1395 3861 quoe

246 3888 391 3946 int’ialala
410 3888 489 3945 uitro
501 3883 601 3959 ferret
621 3893 707 3946 terra
727 3886 878 3947 Gesnerus
897 3887 1062 3966 adscripsit.
1095 3886 1199 3947 similia
1220 3897 1294 3951 snut
1313 3890 1395 3970 haec,

244 3994 273 4052 in
303 3990 411 4071 quibus
444 4009 511 4051 cum
545 3990 648 4050 eodem
678 3995 796 4052 nomino
825 3995 998 4072 pronomina
1028 3992 1072 4053 vel
1099 3997 1257 4076 participia
1286 4007 1395 4060 neutro

244 4117 353 4177 genere
373 4100 529 4158 coniuncta
554 4107 632 4171 sunt,
656 4096 677 4179 l,
696 4095 758 4180 3,1
784 4119 863 4175 quac
886 4103 1075 4176 diianpendc
1098 4109 1196 4162 essent
1220 4122 1241 4164 a
1268 4109 1396 4167 cultura

244 4208 333 4265 cuius
356 4206 438 4262 aradi
458 4208 519 4264 siut
540 4209 682 4278 qnoniam
706 4210 883 4281 discretum,
912 4210 949 4268 de
973 4211 1010 4267 iis
1037 4209 1129 4269 rebus
1156 4226 1238 4284 qaae
1262 4216 1395 4274 scientia

243 4314 282 4370 sit
307 4313 337 4368 in
362 4313 486 4370 colendo
510 4329 563 4371 nos
583 4315 700 4386 docete,
726 4311 823 4394 15,4
846 4318 937 4375 tertia
956 4333 1033 4392 pars
1057 4317 1095 4376 de
1118 4317 1210 4377 rebus
1234 4321 1395 4395 dividitur,

243 4435 322 4492 qnae
345 4418 388 4476 ad
409 4435 558 4492 quamque
580 4419 644 4478 rem
671 4423 732 4479 sint
751 4424 987 4497 praeparanda,
1015 4418 1112 4501 lt‚4
1135 4411 1213 4497 arias
1239 4443 1292 4487 res
1316 4429 1396 4489 duas
