2874 4994
142 315 185 381 46
443 279 938 381 ὀοΜΜΕΝΤΜΑΒΒοΝιε

142 481 232 540 mavit
262 478 476 561 Schneiderus,
501 479 657 557 fructibus
683 484 827 556 humidis,
854 487 888 541 ut
915 485 962 540 est
992 480 1095 539 uiuum
1124 484 1154 539 et
1176 479 1253 551 olem

142 589 208 648 loco
232 590 325 663 plano
350 592 452 665 potius
478 592 572 650 cellos
595 588 792 665 faciundum,
821 590 891 649 item
917 587 975 646 mii
1001 603 1077 646 anso
1105 587 1254 646 aimerice

143 697 262 755 olearia
284 701 380 766 stemt;
403 698 515 771 aridis,
538 704 571 756 ut
594 703 639 756 est
658 693 736 771 fobe
759 699 823 756 iem
845 696 994 756 hordeum
1012 691 1071 770 sar
1092 699 1123 753 et
1143 693 1257 772 triticum

143 802 174 861 im
208 802 359 863 tabulatis.
406 802 479 863 lraec
512 804 610 863 omnia
637 820 653 862 a
685 803 814 882 genuina
847 799 1000 881 archetypi
1029 798 1170 881 lectione,
1193 816 1258 878 qum

142 904 292 969 Victorius
324 910 511 992 restituerat,
538 907 626 988 longe
658 909 813 970 recedunt.
858 907 916 969 duo
948 916 1048 968 autem
1076 914 1148 968 sunt
1177 922 1260 985 gener

143 1013 304 1098 fructuum,
328 1016 437 1095 quibus
461 1017 624 1077 condendis
647 1018 677 1077 in
703 1016 768 1076 villa
791 1015 875 1077 locus
897 1013 1049 1095 parandus
1071 1021 1130 1096 est,
1152 1011 1261 1093 alterum

143 1120 229 1201 quale
253 1133 300 1184 est
324 1126 425 1185 vinum
448 1133 480 1184 et
502 1124 615 1207 oleum,
638 1124 704 1184 loeo
726 1123 814 1203 plano
837 1125 868 1183 in
891 1121 974 1184 cellis
997 1123 1135 1203 ponitur,
1156 1121 1262 1199 itemque

143 1228 177 1290 ad
203 1229 276 1291 lraec
299 1231 428 1311 paranda
452 1239 523 1292 sunt
545 1250 612 1291 vasa
636 1232 747 1291 vinaria
775 1230 952 1312 et'olearia,
975 1229 1118 1311 alterum,
1139 1225 1215 1307 quod
1231 1232 1262 1287 cst

144 1336 269 1420 aridum,
288 1347 322 1399 ut
345 1337 409 1398 faba
433 1345 463 1399 et
487 1332 614 1419 faenum,
634 1340 664 1399 in
687 1336 834 1399 tabulatis.
866 1336 918 1398 sed
942 1339 974 1398 in
997 1336 1045 1397 his
1067 1343 1104 1398 ot
1125 1344 1191 1397 ante
1209 1350 1262 1394 eurr

142 1447 288 1524 scriptum
319 1445 418 1506 locum
450 1463 509 1506 non
541 1445 643 1528 habet,
671 1445 723 1506 sed
756 1463 859 1506 errore
890 1443 1004 1506 librarii
1037 1444 1198 1524 repetitum
1225 1448 1262 1501 est

138 1555 248 1628 potius,
268 1554 297 1612 in
322 1571 381 1632 quo
405 1571 465 1614 non
489 1555 553 1614 sine
576 1571 665 1614 causa
689 1554 869 1632 interpretes
892 1551 1093 1633 offenderunt,
1111 1549 1187 1611 hanc
1206 1546 1261 1609 ride

142 1666 192 1719 tur
216 1661 274 1720 vim
297 1658 422 1741 habere,
451 1671 484 1722 ut
508 1661 638 1721 fructum
669 1677 729 1719 non
756 1661 787 1720 in
816 1658 903 1738 plano
926 1657 1115 1738 ponendum,
1145 1655 1196 1717 sed
1215 1670 1261 1714 nu

142 1768 255 1847 potius,
284 1785 358 1846 quae
390 1768 421 1828 in
455 1766 536 1828 cellis
564 1774 726 1848 ponantur,
754 1764 886 1827 facienda
914 1784 980 1827 esse
1007 1764 1213 1844 praecipiatur.
1232 1791 1257 1803 -

139 1872 318 1948 faciendum
340 1874 398 1934 hoc
421 1873 486 1934 loco
510 1875 724 1953 manuscripti
746 1871 824 1955 libri,
847 1881 877 1933 et
900 1872 1007 1933 deinde
1028 1868 1260 1949 faciundumiu

141 1978 188 2040 his
212 1980 348 2060 gerundii
373 1981 476 2042 formis
499 1981 651 2062 archetypi
676 1983 855 2059 scripturam
878 1981 1022 2060 expressi.

230 2087 377 2149 Familia
409 2087 471 2149 ubi
503 2098 675 2149 uersetnr
703 2087 968 2168 prouidendum
995 2086 1025 2146 si
1052 2084 1145 2145 fessi
1178 2098 1261 2162 opere

142 2204 200 2255 aut
232 2195 369 2274 frigore
402 2202 461 2256 aut
493 2195 613 2257 calore
646 2194 706 2256 ubi
739 2194 1030 2255 commodissime
1067 2193 1209 2270 possint
1235 2204 1261 2248 se

142 2303 265 2380 quiete
293 2301 516 2382 reciperare]
541 2303 577 2363 Si
600 2300 678 2377 sessi
703 2321 795 2379 opere
817 2304 865 2364 vel
887 2300 1010 2377 sripore
1041 2309 1098 2360 emt
1119 2301 1263 2378 colom,et

141 2410 197 2468 ubi
225 2412 460 2470 commodissime
483 2412 600 2486 possint
626 2427 692 2470 sese
719 2412 815 2485 quieti
845 2411 985 2485 recipere
1012 2405 1136 2468 Merula.
1180 2413 1207 2467 et
1225 2403 1265 2464 oli

142 2519 377 2577 commodissime
397 2517 510 2595 recepit
525 2515 734 2596 Schneiderus,
748 2525 783 2577 ut
796 2516 871 2576 alter
893 2514 976 2575 locus
994 2531 1010 2574 a
1030 2515 1133 2593 priore
1153 2513 1262 2574 diversus

142 2623 371 2700 significaretur.
404 2631 458 2683 aut
476 2642 495 2683 o
511 2622 634 2699 sriqore
652 2622 721 2685 olim
743 2624 866 2683 conieci.
898 2639 995 2700 neque
1014 2627 1116 2681 tamen
1139 2616 1262 2680 offendere

142 2726 270 2789 debebat
293 2728 498 2807 neglegentius
522 2731 703 2791 conformata
733 2731 894 2791 sententia:
922 2728 1005 2790 locus
1034 2725 1158 2789 invilla
1184 2740 1262 2806 pano·

143 2833 200 2895 dus
232 2843 291 2916 est,
323 2838 353 2895 in
389 2854 447 2914 quo
481 2839 571 2916 servi,
604 2840 629 2898 si
661 2836 761 2897 lahorc
794 2846 845 2898 aut
872 2836 983 2914 frigore
1010 2843 1063 2896 aut
1091 2833 1188 2895 calore
1212 2829 1263 2892 tesi

143 2951 226 3024 sunt,
249 2950 420 3026 versentur,
444 2952 477 3004 ut
506 2945 536 3004 in
565 2963 600 3004 eo
631 2943 695 3004 loco
724 2941 878 3004 commode
906 2960 938 3002 se
967 2943 1085 3022 possint
1108 2935 1262 3021 quiescendo

143 3050 321 3128 reciperare.

230 3155 251 3218 2
283 3155 391 3218 Vilici
427 3159 627 3236 proximum
663 3158 802 3217 ianuam
840 3155 966 3216 cellam
1003 3173 1087 3216 esse
1124 3145 1263 3235 oportet]

142 3265 288 3325 Proxime
311 3283 347 3325 er
370 3267 505 3344 principe
535 3264 664 3324 editione
693 3262 788 3324 adhuc
817 3271 972 3343 receptum
1001 3271 1075 3323 erat.
1121 3261 1159 3322 dc
1185 3257 1264 3321 eadem

141 3389 175 3430 re
199 3373 351 3450 praecepit
369 3370 529 3431 Columella
552 3366 645 3446 16,6
672 3370 765 3431 Vilice
788 3372 876 3430 iuxta
900 3372 1026 3429 ianuam
1046 3372 1109 3441 fiet
1130 3366 1263 3436 intime,

141 3484 174 3538 ut
198 3481 380 3538 intrantium
404 3481 639 3552 exeuntiumque
662 3482 853 3552 conspectum
872 3477 992 3536 iubent.

231 3582 356 3643 Culina
381 3583 536 3644 uidenda
559 3592 598 3645 ut
626 3586 674 3644 sit
697 3581 849 3660 admota]
877 3583 985 3642 Cutina
1008 3584 1172 3644 cidmtdum
1193 3579 1264 3643 welf

142 3693 185 3749 ud
215 3693 334 3750 modum
367 3698 440 3767 opta
472 3688 611 3770 Ursinus,
646 3689 725 3769 quod
760 3688 961 3750 Schneiderns
993 3688 1140 3768 probavit
1184 3688 1263 3750 celim

141 3798 273 3857 videndo
297 3796 465 3857 defenditur
490 3813 524 3855 eo
549 3815 615 3878 usu,
634 3797 670 3856 de
695 3814 754 3874 quo
778 3796 889 3856 dictum
913 3802 959 3856 est
978 3793 1036 3877 12,
1051 3792 1083 3859 8.
1113 3785 1262 3857 admotaul

142 3902 347 3965 cellam-vifici
371 3906 465 3965 utsii
489 3904 586 3964 culina
609 3902 775 3965 curandum
799 3911 853 3984 est,
872 3902 949 3981 qnod
974 3904 1004 3962 in
1029 3902 1087 3964 lrac
1111 3921 1196 3984 saepe
1215 3913 1262 3958 rer·

141 4019 245 4072 santur
273 4011 445 4093 familiares,
472 4018 505 4071 ut
534 4013 574 4070 ait
602 4009 762 4070 Columella
790 4005 890 4090 16,3
921 4018 954 4070 ut
982 4012 1014 4070 im
1045 4014 1166 4073 rustica
1191 4009 1262 4086 peric

141 4135 253 4193 mcqmu
277 4124 307 4179 et
329 4122 393 4178 alto
416 4120 520 4178 culina
539 4124 681 4195 ponetur,
700 4124 734 4177 ut
756 4123 785 4177 et
808 4118 994 4190 commmatio
1018 4125 1131 4178 cureat
1152 4109 1263 4178 memnii

138 4227 279 4299 periculo
308 4231 336 4283 et
365 4228 395 4284 im
423 4243 461 4285 ec
491 4227 642 4284 commode
666 4222 838 4299 familiares
865 4225 947 4284 omni
972 4230 1108 4302 tempore
1130 4225 1201 4285 omni
1216 4233 1261 4280 mr

141 4333 213 4389 rari
234 4339 354 4404 queant.

231 4435 449 4498 Faciundum
479 4438 585 4497 etiam
614 4435 789 4515 plaustris
817 4453 855 4496 ac
883 4446 1007 4498 cetero
1041 4439 1259 4499 instrumento
1304 4480 1306 4515 ,
