<?xml version="1.0" encoding="UTF-8"?>
<!DOCTYPE html PUBLIC "-//W3C//DTD XHTML 1.0 Transitional//EN"
    "http://www.w3.org/TR/xhtml1/DTD/xhtml1-transitional.dtd">
<html xmlns="http://www.w3.org/1999/xhtml" xml:lang="en" lang="en">
 <head>
  <title>
</title>
<meta http-equiv="Content-Type" content="text/html;charset=utf-8" />
  <meta name='ocr-system' content='tesseract 3.04.00' />
  <meta name='ocr-capabilities' content='ocr_page ocr_carea ocr_par ocr_line ocrx_word'/>
</head>
<body>
  <div class='ocr_page' id='page_1' title='image "./mporcicatonisde00keilgoog_0027.png"; bbox 0 0 2874 4994; ppageno 0'>
   <div class='ocr_carea' id='block_1_1' title="bbox 141 234 927 298">
    <p class='ocr_par' dir='ltr' id='par_1_1' title="bbox 141 234 927 298">
     <span class='ocr_line' id='line_1_1' title="bbox 141 234 927 298; baseline -0.005 0"><span class='ocrx_word' id='word_1_1' title='bbox 141 234 161 298; x_wconf 91' lang='grc'><strong>6</strong></span> <span class='ocrx_word' id='word_1_2' title='bbox 293 236 296 243; x_wconf 68' lang='grc'><strong>’</strong></span> <span class='ocrx_word' id='word_1_3' title='bbox 500 240 690 296; x_wconf 79' lang='lat' dir='ltr'>COMMENT.</span> <span class='ocrx_word' id='word_1_4' title='bbox 710 240 750 295; x_wconf 87' lang='lat' dir='ltr'>IN</span> <span class='ocrx_word' id='word_1_5' title='bbox 769 239 927 296; x_wconf 77' lang='lat' dir='ltr'>CATONIS</span> 
     </span>
    </p>
   </div>
   <div class='ocr_carea' id='block_1_2' title="bbox 124 393 1328 4439">
    <p class='ocr_par' dir='ltr' id='par_1_2' title="bbox 141 393 1275 585">
     <span class='ocr_line' id='line_1_2' title="bbox 143 393 1275 478; baseline -0.004 -18"><span class='ocrx_word' id='word_1_6' title='bbox 143 395 215 477; x_wconf 79' lang='lat' dir='ltr'>lot,</span> <span class='ocrx_word' id='word_1_7' title='bbox 232 395 260 478; x_wconf 91' lang='lat'>1,</span> <span class='ocrx_word' id='word_1_8' title='bbox 282 400 436 475; x_wconf 87' lang='lat' dir='ltr'>supersint</span> <span class='ocrx_word' id='word_1_9' title='bbox 447 395 483 476; x_wconf 86' lang='grc'>2,</span> <span class='ocrx_word' id='word_1_10' title='bbox 497 393 527 457; x_wconf 85' lang='lat'>6.</span> <span class='ocrx_word' id='word_1_11' title='bbox 564 397 595 455; x_wconf 93' lang='lat' dir='ltr'>in</span> <span class='ocrx_word' id='word_1_12' title='bbox 619 395 665 455; x_wconf 91' lang='lat' dir='ltr'>his</span> <span class='ocrx_word' id='word_1_13' title='bbox 688 395 840 474; x_wconf 78' lang='lat' dir='ltr'>archetypi</span> <span class='ocrx_word' id='word_1_14' title='bbox 859 397 1038 475; x_wconf 79' lang='lat' dir='ltr'>scripturam</span> <span class='ocrx_word' id='word_1_15' title='bbox 1056 399 1275 474; x_wconf 75' lang='lat' dir='ltr'>repraesentavi</span> 
     </span>
     <span class='ocr_line' id='line_1_3' title="bbox 141 502 997 585; baseline 0.001 -21"><span class='ocrx_word' id='word_1_16' title='bbox 141 523 319 585; x_wconf 92' lang='lat' dir='ltr'>quamquam</span> <span class='ocrx_word' id='word_1_17' title='bbox 343 502 483 564; x_wconf 87' lang='lat' dir='ltr'>Catonem</span> <span class='ocrx_word' id='word_1_18' title='bbox 506 507 562 564; x_wconf 87' lang='lat' dir='ltr'>siet</span> <span class='ocrx_word' id='word_1_19' title='bbox 585 511 615 562; x_wconf 92' lang='lat' dir='ltr'>et</span> <span class='ocrx_word' id='word_1_20' title='bbox 636 505 715 564; x_wconf 87' lang='lat' dir='ltr'>sient</span> <span class='ocrx_word' id='word_1_21' title='bbox 737 504 893 581; x_wconf 87' lang='lat' dir='ltr'>scripsisse</span> <span class='ocrx_word' id='word_1_22' title='bbox 916 511 997 582; x_wconf 86' lang='lat' dir='ltr'>puto.</span> 
     </span>
    </p>

    <p class='ocr_par' dir='ltr' id='par_1_3' title="bbox 142 605 1325 800">
     <span class='ocr_line' id='line_1_4' title="bbox 230 605 1325 690; baseline 0.001 -19"><span class='ocrx_word' id='word_1_23' title='bbox 230 610 383 672; x_wconf 81' lang='lat' dir='ltr'>Maiores</span> <span class='ocrx_word' id='word_1_24' title='bbox 416 605 546 690; x_wconf 78' lang='lat' dir='ltr'>nostri]</span> <span class='ocrx_word' id='word_1_25' title='bbox 576 610 712 671; x_wconf 79' lang='lat' dir='ltr'>Maiores</span> <span class='ocrx_word' id='word_1_26' title='bbox 744 612 823 672; x_wconf 87' lang='lat' dir='ltr'>enim</span> <span class='ocrx_word' id='word_1_27' title='bbox 855 613 953 672; x_wconf 89' lang='lat' dir='ltr'>nostri</span> <span class='ocrx_word' id='word_1_28' title='bbox 978 609 1090 671; x_wconf 80' lang='lat' dir='ltr'>Merula</span> <span class='ocrx_word' id='word_1_29' title='bbox 1117 620 1148 672; x_wconf 92' lang='lat' dir='ltr'>ot</span> <span class='ocrx_word' id='word_1_30' title='bbox 1176 611 1276 673; x_wconf 85' lang='lat' dir='ltr'>deinde</span> <span class='ocrx_word' id='word_1_31' title='bbox 1315 644 1325 657; x_wconf 85' lang='lat'>.</span> 
     </span>
     <span class='ocr_line' id='line_1_5' title="bbox 142 718 413 800; baseline -0.007 -20"><span class='ocrx_word' id='word_1_32' title='bbox 142 719 250 800; x_wconf 87' lang='lat' dir='ltr'>reliqui</span> <span class='ocrx_word' id='word_1_33' title='bbox 274 718 413 780; x_wconf 85' lang='lat' dir='ltr'>editores.</span> 
     </span>
    </p>

    <p class='ocr_par' dir='ltr' id='par_1_4' title="bbox 139 821 1328 2407">
     <span class='ocr_line' id='line_1_6' title="bbox 231 821 1281 907; baseline 0.001 -20"><span class='ocrx_word' id='word_1_34' title='bbox 231 827 267 887; x_wconf 91' lang='lat' dir='ltr'>ln</span> <span class='ocrx_word' id='word_1_35' title='bbox 292 826 433 905; x_wconf 79' lang='lat' dir='ltr'>legibus</span> <span class='ocrx_word' id='word_1_36' title='bbox 457 824 688 904; x_wconf 84' lang='lat' dir='ltr'>posiderunt]</span> <span class='ocrx_word' id='word_1_37' title='bbox 715 821 914 886; x_wconf 79' lang='lat' dir='ltr'>‘Testimonio</span> <span class='ocrx_word' id='word_1_38' title='bbox 938 828 1199 903; x_wconf 82' lang='lat' dir='ltr'>grammaticorum</span> <span class='ocrx_word' id='word_1_39' title='bbox 1223 846 1281 907; x_wconf 83' lang='lat' dir='ltr'>cog-</span> 
     </span>
     <span class='ocr_line' id='line_1_7' title="bbox 141 931 1328 1013; baseline -0.001 -17"><span class='ocrx_word' id='word_1_40' title='bbox 141 937 277 998; x_wconf 85' lang='lat' dir='ltr'>novimus</span> <span class='ocrx_word' id='word_1_41' title='bbox 301 935 518 994; x_wconf 82' lang='lat' dir='ltr'>vetustissimos</span> <span class='ocrx_word' id='word_1_42' title='bbox 540 941 660 992; x_wconf 89' lang='lat' dir='ltr'>autores</span> <span class='ocrx_word' id='word_1_43' title='bbox 680 931 778 992; x_wconf 87' lang='lat' dir='ltr'>Posiri</span> <span class='ocrx_word' id='word_1_44' title='bbox 798 951 884 1011; x_wconf 89' lang='lat' dir='ltr'>saepe</span> <span class='ocrx_word' id='word_1_45' title='bbox 904 932 1073 1012; x_wconf 79' lang='lat' dir='ltr'>protulisse,</span> <span class='ocrx_word' id='word_1_46' title='bbox 1113 953 1207 1013; x_wconf 91' lang='lat' dir='ltr'>quare</span> <span class='ocrx_word' id='word_1_47' title='bbox 1222 954 1281 995; x_wconf 89' lang='lat' dir='ltr'>cum</span> <span class='ocrx_word' id='word_1_48' title='bbox 1322 964 1328 1003; x_wconf 77' lang='grc' dir='ltr'>ι</span> 
     </span>
     <span class='ocr_line' id='line_1_8' title="bbox 142 1039 1328 1119; baseline -0.002 -16"><span class='ocrx_word' id='word_1_49' title='bbox 142 1043 191 1103; x_wconf 91' lang='lat' dir='ltr'>hic</span> <span class='ocrx_word' id='word_1_50' title='bbox 224 1050 254 1102; x_wconf 92' lang='lat' dir='ltr'>et</span> <span class='ocrx_word' id='word_1_51' title='bbox 287 1060 346 1102; x_wconf 87' lang='lat' dir='ltr'>oon</span> <span class='ocrx_word' id='word_1_52' title='bbox 380 1039 471 1100; x_wconf 93' lang='lat' dir='ltr'>multo</span> <span class='ocrx_word' id='word_1_53' title='bbox 504 1048 571 1118; x_wconf 91' lang='lat' dir='ltr'>post</span> <span class='ocrx_word' id='word_1_54' title='bbox 601 1042 710 1099; x_wconf 89' lang='lat' dir='ltr'>iterum</span> <span class='ocrx_word' id='word_1_55' title='bbox 739 1041 782 1099; x_wconf 90' lang='lat' dir='ltr'>sic</span> <span class='ocrx_word' id='word_1_56' title='bbox 810 1042 841 1100; x_wconf 92' lang='lat' dir='ltr'>in</span> <span class='ocrx_word' id='word_1_57' title='bbox 870 1059 958 1101; x_wconf 91' lang='lat' dir='ltr'>manu</span> <span class='ocrx_word' id='word_1_58' title='bbox 987 1042 1107 1119; x_wconf 89' lang='lat' dir='ltr'>scriptis</span> <span class='ocrx_word' id='word_1_59' title='bbox 1135 1040 1282 1102; x_wconf 80' lang='lat' dir='ltr'>codicibus</span> <span class='ocrx_word' id='word_1_60' title='bbox 1324 1070 1328 1110; x_wconf 75' lang='grc' dir='ltr'>ι</span> 
     </span>
     <span class='ocr_line' id='line_1_9' title="bbox 143 1144 1282 1228; baseline -0.001 -18"><span class='ocrx_word' id='word_1_61' title='bbox 143 1151 287 1228; x_wconf 88' lang='lat' dir='ltr'>scriptum</span> <span class='ocrx_word' id='word_1_62' title='bbox 316 1150 493 1228; x_wconf 80' lang='lat' dir='ltr'>invenerim,</span> <span class='ocrx_word' id='word_1_63' title='bbox 521 1147 625 1208; x_wconf 87' lang='lat' dir='ltr'>Catoni</span> <span class='ocrx_word' id='word_1_64' title='bbox 653 1166 739 1208; x_wconf 91' lang='lat' dir='ltr'>suum</span> <span class='ocrx_word' id='word_1_65' title='bbox 769 1165 935 1208; x_wconf 89' lang='lat' dir='ltr'>sermonem</span> <span class='ocrx_word' id='word_1_66' title='bbox 960 1148 1145 1209; x_wconf 88' lang='lat' dir='ltr'>reddendum</span> <span class='ocrx_word' id='word_1_67' title='bbox 1169 1144 1282 1209; x_wconf 89' lang='lat' dir='ltr'>consui’</span> 
     </span>
     <span class='ocr_line' id='line_1_10' title="bbox 143 1253 1283 1335; baseline -0.001 -20"><span class='ocrx_word' id='word_1_68' title='bbox 143 1256 299 1317; x_wconf 90' lang='lat' dir='ltr'>Victorius.</span> <span class='ocrx_word' id='word_1_69' title='bbox 345 1255 422 1333; x_wconf 90' lang='lat' dir='ltr'>apud</span> <span class='ocrx_word' id='word_1_70' title='bbox 450 1254 591 1316; x_wconf 86' lang='lat' dir='ltr'>Catonern</span> <span class='ocrx_word' id='word_1_71' title='bbox 619 1262 772 1334; x_wconf 87' lang='lat' dir='ltr'>praetcrea</span> <span class='ocrx_word' id='word_1_72' title='bbox 800 1275 825 1316; x_wconf 92' lang='lat' dir='ltr'>c.</span> <span class='ocrx_word' id='word_1_73' title='bbox 849 1253 871 1316; x_wconf 88' lang='lat'>4</span> <span class='ocrx_word' id='word_1_74' title='bbox 896 1258 1044 1331; x_wconf 85' lang='lat' dir='ltr'>posiaeris</span> <span class='ocrx_word' id='word_1_75' title='bbox 1072 1257 1103 1316; x_wconf 92' lang='lat' dir='ltr'>in</span> <span class='ocrx_word' id='word_1_76' title='bbox 1129 1255 1283 1335; x_wconf 77' lang='lat' dir='ltr'>archetypo</span> 
     </span>
     <span class='ocr_line' id='line_1_11' title="bbox 143 1358 1283 1445; baseline 0 -21"><span class='ocrx_word' id='word_1_77' title='bbox 143 1366 288 1445; x_wconf 83' lang='lat' dir='ltr'>seriptum</span> <span class='ocrx_word' id='word_1_78' title='bbox 307 1371 379 1443; x_wconf 91' lang='lat' dir='ltr'>erat,</span> <span class='ocrx_word' id='word_1_79' title='bbox 403 1361 454 1422; x_wconf 88' lang='lat' dir='ltr'>sed</span> <span class='ocrx_word' id='word_1_80' title='bbox 474 1359 526 1442; x_wconf 74' lang='lat'>37,</span> <span class='ocrx_word' id='word_1_81' title='bbox 542 1358 562 1422; x_wconf 88' lang='grc'><strong>3</strong></span> <span class='ocrx_word' id='word_1_82' title='bbox 578 1365 727 1439; x_wconf 88' lang='lat' dir='ltr'>posueris,</span> <span class='ocrx_word' id='word_1_83' title='bbox 752 1359 859 1442; x_wconf 67' lang='grc'>1622</span> <span class='ocrx_word' id='word_1_84' title='bbox 879 1366 1091 1440; x_wconf 81' lang='lat' dir='ltr'>composueris,</span> <span class='ocrx_word' id='word_1_85' title='bbox 1115 1383 1131 1422; x_wconf 90' lang='lat' dir='ltr'>a</span> <span class='ocrx_word' id='word_1_86' title='bbox 1151 1364 1283 1424; x_wconf 90' lang='lat' dir='ltr'>sariendo</span> 
     </span>
     <span class='ocr_line' id='line_1_12' title="bbox 145 1467 1283 1552; baseline -0.001 -20"><span class='ocrx_word' id='word_1_87' title='bbox 145 1468 252 1552; x_wconf 80' lang='grc'><strong>161,2</strong></span> <span class='ocrx_word' id='word_1_88' title='bbox 276 1473 422 1531; x_wconf 86' lang='lat' dir='ltr'>sarueris.</span> <span class='ocrx_word' id='word_1_89' title='bbox 469 1468 547 1528; x_wconf 87' lang='lat' dir='ltr'>idom</span> <span class='ocrx_word' id='word_1_90' title='bbox 569 1467 648 1548; x_wconf 89' lang='lat' dir='ltr'>apud</span> <span class='ocrx_word' id='word_1_91' title='bbox 672 1468 863 1529; x_wconf 84' lang='lat' dir='ltr'>Colunrellam</span> <span class='ocrx_word' id='word_1_92' title='bbox 886 1467 1032 1550; x_wconf 77' lang='lat' dir='ltr'>x12,10</span> <span class='ocrx_word' id='word_1_93' title='bbox 1055 1488 1091 1530; x_wconf 85' lang='lat' dir='ltr'>ex</span> <span class='ocrx_word' id='word_1_94' title='bbox 1116 1470 1283 1549; x_wconf 86' lang='lat' dir='ltr'>Sangerma-</span> 
     </span>
     <span class='ocr_line' id='line_1_13' title="bbox 144 1576 1283 1655; baseline 0.001 -16"><span class='ocrx_word' id='word_1_95' title='bbox 144 1581 228 1639; x_wconf 84' lang='lat' dir='ltr'>nerrsi</span> <span class='ocrx_word' id='word_1_96' title='bbox 252 1577 354 1639; x_wconf 85' lang='lat' dir='ltr'>codice</span> <span class='ocrx_word' id='word_1_97' title='bbox 379 1576 597 1637; x_wconf 89' lang='lat' dir='ltr'>restituendum</span> <span class='ocrx_word' id='word_1_98' title='bbox 620 1584 674 1655; x_wconf 88' lang='lat' dir='ltr'>est,</span> <span class='ocrx_word' id='word_1_99' title='bbox 697 1580 833 1637; x_wconf 78' lang='lat' dir='ltr'>suratisse</span> <span class='ocrx_word' id='word_1_100' title='bbox 856 1580 979 1637; x_wconf 87' lang='lat' dir='ltr'>nimium</span> <span class='ocrx_word' id='word_1_101' title='bbox 1003 1585 1138 1638; x_wconf 85' lang='lat' dir='ltr'>teneram</span> <span class='ocrx_word' id='word_1_102' title='bbox 1158 1596 1218 1639; x_wconf 91' lang='lat' dir='ltr'>non</span> <span class='ocrx_word' id='word_1_103' title='bbox 1236 1597 1283 1640; x_wconf 81' lang='lat' dir='ltr'>ea·</span> 
     </span>
     <span class='ocr_line' id='line_1_14' title="bbox 139 1680 1285 1763; baseline 0 -17"><span class='ocrx_word' id='word_1_104' title='bbox 139 1689 233 1763; x_wconf 85' lang='lat' dir='ltr'>pedit,</span> <span class='ocrx_word' id='word_1_105' title='bbox 257 1703 315 1744; x_wconf 89' lang='lat' dir='ltr'>non</span> <span class='ocrx_word' id='word_1_106' title='bbox 339 1687 491 1744; x_wconf 79' lang='lat' dir='ltr'>suriot&#39;sse.</span> <span class='ocrx_word' id='word_1_107' title='bbox 528 1685 598 1743; x_wconf 89' lang='lat' dir='ltr'>item</span> <span class='ocrx_word' id='word_1_108' title='bbox 619 1703 644 1743; x_wconf 90' lang='lat' dir='ltr'>c.</span> <span class='ocrx_word' id='word_1_109' title='bbox 663 1680 706 1742; x_wconf 81' lang='grc'>42</span> <span class='ocrx_word' id='word_1_110' title='bbox 731 1686 902 1744; x_wconf 83' lang='lat' dir='ltr'>exicaueris</span> <span class='ocrx_word' id='word_1_111' title='bbox 922 1691 952 1743; x_wconf 89' lang='lat' dir='ltr'>et</span> <span class='ocrx_word' id='word_1_112' title='bbox 971 1680 1057 1763; x_wconf 80' lang='lat'>54‚3</span> <span class='ocrx_word' id='word_1_113' title='bbox 1076 1689 1220 1747; x_wconf 86' lang='lat' dir='ltr'>secueris.</span> <span class='ocrx_word' id='word_1_114' title='bbox 1257 1688 1285 1746; x_wconf 88' lang='lat' dir='ltr'>in</span> 
     </span>
     <span class='ocr_line' id='line_1_15' title="bbox 143 1790 1286 1869; baseline 0.001 -17"><span class='ocrx_word' id='word_1_115' title='bbox 143 1793 252 1853; x_wconf 89' lang='lat' dir='ltr'>ceteris</span> <span class='ocrx_word' id='word_1_116' title='bbox 280 1790 379 1850; x_wconf 86' lang='lat' dir='ltr'>verbis</span> <span class='ocrx_word' id='word_1_117' title='bbox 407 1790 559 1850; x_wconf 84' lang='lat' dir='ltr'>breviores</span> <span class='ocrx_word' id='word_1_118' title='bbox 589 1792 730 1869; x_wconf 88' lang='lat' dir='ltr'>temporis</span> <span class='ocrx_word' id='word_1_119' title='bbox 758 1792 883 1868; x_wconf 90' lang='lat' dir='ltr'>perlecti</span> <span class='ocrx_word' id='word_1_120' title='bbox 912 1792 1024 1851; x_wconf 84' lang='lat' dir='ltr'>lorrnac</span> <span class='ocrx_word' id='word_1_121' title='bbox 1052 1811 1119 1853; x_wconf 94' lang='lat' dir='ltr'>raro</span> <span class='ocrx_word' id='word_1_122' title='bbox 1143 1792 1286 1853; x_wconf 76' lang='lat' dir='ltr'>admissae</span> 
     </span>
     <span class='ocr_line' id='line_1_16' title="bbox 144 1894 1286 1979; baseline 0 -20"><span class='ocrx_word' id='word_1_123' title='bbox 144 1908 222 1978; x_wconf 90' lang='lat' dir='ltr'>sunt,</span> <span class='ocrx_word' id='word_1_124' title='bbox 248 1894 354 1978; x_wconf 84' lang='lat'><strong>155,2</strong></span> <span class='ocrx_word' id='word_1_125' title='bbox 379 1901 512 1972; x_wconf 83' lang='lat' dir='ltr'>desierit,</span> <span class='ocrx_word' id='word_1_126' title='bbox 536 1898 587 1958; x_wconf 88' lang='lat' dir='ltr'>sed</span> <span class='ocrx_word' id='word_1_127' title='bbox 612 1895 696 1979; x_wconf 83' lang='lat'>88,1</span> <span class='ocrx_word' id='word_1_128' title='bbox 723 1906 752 1957; x_wconf 88' lang='lat' dir='ltr'>ot</span> <span class='ocrx_word' id='word_1_129' title='bbox 779 1894 841 1958; x_wconf 80' lang='grc'>125</span> <span class='ocrx_word' id='word_1_130' title='bbox 865 1900 1020 1970; x_wconf 71' lang='lat' dir='ltr'>desiverit·</span> <span class='ocrx_word' id='word_1_131' title='bbox 1045 1896 1152 1979; x_wconf 86' lang='lat'><strong>141‚3</strong></span> <span class='ocrx_word' id='word_1_132' title='bbox 1177 1901 1207 1960; x_wconf 92' lang='lat' dir='ltr'>in</span> <span class='ocrx_word' id='word_1_133' title='bbox 1232 1901 1286 1960; x_wconf 84' lang='lat' dir='ltr'>ior-</span> 
     </span>
     <span class='ocr_line' id='line_1_17' title="bbox 144 2001 1287 2084; baseline 0.001 -18"><span class='ocrx_word' id='word_1_134' title='bbox 144 2005 222 2066; x_wconf 91' lang='lat' dir='ltr'>mula</span> <span class='ocrx_word' id='word_1_135' title='bbox 246 2007 424 2084; x_wconf 81' lang='lat' dir='ltr'>precationis</span> <span class='ocrx_word' id='word_1_136' title='bbox 447 2008 527 2079; x_wconf 88' lang='lat' dir='ltr'>siris,</span> <span class='ocrx_word' id='word_1_137' title='bbox 547 2004 598 2064; x_wconf 87' lang='lat' dir='ltr'>sed</span> <span class='ocrx_word' id='word_1_138' title='bbox 618 2023 643 2064; x_wconf 94' lang='lat' dir='ltr'>c.</span> <span class='ocrx_word' id='word_1_139' title='bbox 661 2002 683 2065; x_wconf 77' lang='lat'>4</span> <span class='ocrx_word' id='word_1_140' title='bbox 703 2014 733 2064; x_wconf 89' lang='lat' dir='ltr'>et</span> <span class='ocrx_word' id='word_1_141' title='bbox 754 2002 824 2084; x_wconf 87' lang='lat'>113,</span> <span class='ocrx_word' id='word_1_142' title='bbox 839 2001 860 2065; x_wconf 92' lang='grc'>2</span> <span class='ocrx_word' id='word_1_143' title='bbox 878 2008 994 2065; x_wconf 82' lang='lat' dir='ltr'>sineris.</span> <span class='ocrx_word' id='word_1_144' title='bbox 1032 2007 1120 2066; x_wconf 87' lang='lat' dir='ltr'>etiarn</span> <span class='ocrx_word' id='word_1_145' title='bbox 1139 2008 1169 2066; x_wconf 89' lang='lat' dir='ltr'>io</span> <span class='ocrx_word' id='word_1_146' title='bbox 1190 2006 1287 2067; x_wconf 89' lang='lat' dir='ltr'>verbis</span> 
     </span>
     <span class='ocr_line' id='line_1_18' title="bbox 144 2111 1286 2193; baseline 0.002 -20"><span class='ocrx_word' id='word_1_147' title='bbox 144 2116 256 2192; x_wconf 85' lang='lat' dir='ltr'>primae</span> <span class='ocrx_word' id='word_1_148' title='bbox 271 2113 488 2190; x_wconf 78' lang='lat' dir='ltr'>eordugationis</span> <span class='ocrx_word' id='word_1_149' title='bbox 503 2129 596 2190; x_wconf 86' lang='lat' dir='ltr'>pauca</span> <span class='ocrx_word' id='word_1_150' title='bbox 611 2111 744 2191; x_wconf 82' lang='lat' dir='ltr'>exempla</span> <span class='ocrx_word' id='word_1_151' title='bbox 759 2111 904 2171; x_wconf 86' lang='lat' dir='ltr'>brevioris</span> <span class='ocrx_word' id='word_1_152' title='bbox 919 2112 1029 2171; x_wconf 84' lang='lat' dir='ltr'>turmae</span> <span class='ocrx_word' id='word_1_153' title='bbox 1045 2115 1151 2193; x_wconf 79' lang='lat' dir='ltr'>notari,</span> <span class='ocrx_word' id='word_1_154' title='bbox 1166 2113 1286 2190; x_wconf 88' lang='lat' dir='ltr'>prael.l</span> 
     </span>
     <span class='ocr_line' id='line_1_19' title="bbox 144 2214 1290 2300; baseline -0.001 -19"><span class='ocrx_word' id='word_1_155' title='bbox 144 2223 360 2299; x_wconf 81' lang='lat' dir='ltr'>existimarint,</span> <span class='ocrx_word' id='word_1_156' title='bbox 384 2217 449 2299; x_wconf 82' lang='grc'>2,4</span> <span class='ocrx_word' id='word_1_157' title='bbox 472 2223 672 2294; x_wconf 70' lang='lat' dir='ltr'>aeprotariat</span> <span class='ocrx_word' id='word_1_158' title='bbox 699 2214 807 2300; x_wconf 83' lang='lat'><strong>144,3</strong></span> <span class='ocrx_word' id='word_1_159' title='bbox 831 2221 1009 2294; x_wconf 84' lang='lat' dir='ltr'>deportarit,</span> <span class='ocrx_word' id='word_1_160' title='bbox 1036 2216 1143 2300; x_wconf 82' lang='grc'><strong>146,2</strong></span> <span class='ocrx_word' id='word_1_161' title='bbox 1167 2224 1290 2295; x_wconf 85' lang='lat' dir='ltr'>locarit,</span> 
     </span>
     <span class='ocr_line' id='line_1_20' title="bbox 146 2322 1092 2407; baseline -0.001 -19"><span class='ocrx_word' id='word_1_162' title='bbox 146 2324 253 2407; x_wconf 68' lang='lat' dir='ltr'>lasa</span> <span class='ocrx_word' id='word_1_163' title='bbox 274 2329 450 2403; x_wconf 83' lang='lat' dir='ltr'>postularit,</span> <span class='ocrx_word' id='word_1_164' title='bbox 478 2323 584 2404; x_wconf 87' lang='grc'><strong>149,2</strong></span> <span class='ocrx_word' id='word_1_165' title='bbox 608 2329 770 2401; x_wconf 82' lang='lat' dir='ltr'>deleparit‚</span> <span class='ocrx_word' id='word_1_166' title='bbox 797 2322 927 2404; x_wconf 75' lang='lat'>157,10</span> <span class='ocrx_word' id='word_1_167' title='bbox 949 2329 1092 2387; x_wconf 71' lang='lat' dir='ltr'>assilierit.</span> 
     </span>
    </p>

    <p class='ocr_par' dir='ltr' id='par_1_5' title="bbox 124 2430 1295 4439">
     <span class='ocr_line' id='line_1_21' title="bbox 232 2430 1289 2512; baseline 0.002 -18"><span class='ocrx_word' id='word_1_168' title='bbox 232 2433 333 2494; x_wconf 89' lang='lat' dir='ltr'>Licet</span> <span class='ocrx_word' id='word_1_169' title='bbox 348 2431 571 2508; x_wconf 86' lang='lat' dir='ltr'>existimare]</span> <span class='ocrx_word' id='word_1_170' title='bbox 588 2434 673 2493; x_wconf 86' lang='lat' dir='ltr'>Licet</span> <span class='ocrx_word' id='word_1_171' title='bbox 685 2435 859 2492; x_wconf 82' lang='lat' dir='ltr'>existimari</span> <span class='ocrx_word' id='word_1_172' title='bbox 872 2430 1030 2512; x_wconf 84' lang='lat' dir='ltr'>iucundus,</span> <span class='ocrx_word' id='word_1_173' title='bbox 1046 2433 1124 2512; x_wconf 74' lang='lat' dir='ltr'>(prod</span> <span class='ocrx_word' id='word_1_174' title='bbox 1141 2433 1289 2496; x_wconf 86' lang='lat' dir='ltr'>Victorius</span> 
     </span>
     <span class='ocr_line' id='line_1_22' title="bbox 144 2539 801 2618; baseline -0.008 -16"><span class='ocrx_word' id='word_1_175' title='bbox 144 2551 174 2602; x_wconf 83' lang='lat' dir='ltr'>et</span> <span class='ocrx_word' id='word_1_176' title='bbox 197 2540 304 2600; x_wconf 88' lang='lat' dir='ltr'>deinde</span> <span class='ocrx_word' id='word_1_177' title='bbox 329 2539 437 2618; x_wconf 81' lang='lat' dir='ltr'>reliqui</span> <span class='ocrx_word' id='word_1_178' title='bbox 460 2539 591 2598; x_wconf 82' lang='lat' dir='ltr'>editores</span> <span class='ocrx_word' id='word_1_179' title='bbox 615 2548 801 2616; x_wconf 85' lang='lat' dir='ltr'>receperunt.</span> 
     </span>
     <span class='ocr_line' id='line_1_23' title="bbox 124 2640 1289 2727; baseline 0.003 -20"><span class='ocrx_word' id='word_1_180' title='bbox 124 2720 129 2727; x_wconf 30' lang='grc' dir='ltr'>Ι</span> <span class='ocrx_word' id='word_1_181' title='bbox 233 2645 253 2707; x_wconf 90' lang='grc'>2</span> <span class='ocrx_word' id='word_1_182' title='bbox 277 2650 371 2720; x_wconf 78' lang='lat' dir='ltr'>erom</span> <span class='ocrx_word' id='word_1_183' title='bbox 395 2647 565 2706; x_wconf 80' lang='lat' dir='ltr'>laudabant</span> <span class='ocrx_word' id='word_1_184' title='bbox 587 2653 617 2705; x_wconf 91' lang='lat' dir='ltr'>ot</span> <span class='ocrx_word' id='word_1_185' title='bbox 635 2663 660 2706; x_wconf 92' lang='lat' dir='ltr'>c.</span> <span class='ocrx_word' id='word_1_186' title='bbox 680 2640 724 2706; x_wconf 84' lang='lat'>25</span> <span class='ocrx_word' id='word_1_187' title='bbox 747 2663 835 2721; x_wconf 85' lang='lat' dir='ltr'>quom</span> <span class='ocrx_word' id='word_1_188' title='bbox 858 2649 960 2707; x_wconf 88' lang='lat' dir='ltr'>uinum</span> <span class='ocrx_word' id='word_1_189' title='bbox 983 2656 1100 2709; x_wconf 78' lang='lat' dir='ltr'>rostaim</span> <span class='ocrx_word' id='word_1_190' title='bbox 1119 2652 1180 2710; x_wconf 86' lang='lat' dir='ltr'>erit</span> <span class='ocrx_word' id='word_1_191' title='bbox 1198 2650 1289 2710; x_wconf 89' lang='lat' dir='ltr'>editio</span> 
     </span>
     <span class='ocr_line' id='line_1_24' title="bbox 144 2751 1291 2834; baseline 0.003 -20"><span class='ocrx_word' id='word_1_192' title='bbox 144 2756 284 2834; x_wconf 87' lang='lat' dir='ltr'>princeps</span> <span class='ocrx_word' id='word_1_193' title='bbox 314 2772 329 2812; x_wconf 92' lang='lat' dir='ltr'>a</span> <span class='ocrx_word' id='word_1_194' title='bbox 357 2751 503 2812; x_wconf 89' lang='lat' dir='ltr'>Politiano</span> <span class='ocrx_word' id='word_1_195' title='bbox 532 2770 591 2812; x_wconf 89' lang='lat' dir='ltr'>non</span> <span class='ocrx_word' id='word_1_196' title='bbox 619 2759 762 2812; x_wconf 83' lang='lat' dir='ltr'>correcta.</span> <span class='ocrx_word' id='word_1_197' title='bbox 808 2762 961 2831; x_wconf 85' lang='lat' dir='ltr'>praeterea</span> <span class='ocrx_word' id='word_1_198' title='bbox 990 2772 1077 2829; x_wconf 85' lang='lat' dir='ltr'>quom</span> <span class='ocrx_word' id='word_1_199' title='bbox 1105 2775 1121 2815; x_wconf 90' lang='lat' dir='ltr'>a</span> <span class='ocrx_word' id='word_1_200' title='bbox 1145 2754 1291 2817; x_wconf 82' lang='lat' dir='ltr'>l‘olitiano</span> 
     </span>
     <span class='ocr_line' id='line_1_25' title="bbox 145 2857 1292 2940; baseline 0.003 -19"><span class='ocrx_word' id='word_1_201' title='bbox 145 2862 317 2922; x_wconf 89' lang='lat' dir='ltr'>adnotatum</span> <span class='ocrx_word' id='word_1_202' title='bbox 345 2868 390 2920; x_wconf 93' lang='lat' dir='ltr'>est</span> <span class='ocrx_word' id='word_1_203' title='bbox 417 2861 448 2920; x_wconf 92' lang='lat' dir='ltr'>in</span> <span class='ocrx_word' id='word_1_204' title='bbox 471 2859 532 2940; x_wconf 79' lang='lat' dir='ltr'>tris,</span> <span class='ocrx_word' id='word_1_205' title='bbox 562 2857 623 2938; x_wconf 90' lang='lat'>1,1</span> <span class='ocrx_word' id='word_1_206' title='bbox 651 2877 738 2933; x_wconf 79' lang='lat' dir='ltr'>quom</span> <span class='ocrx_word' id='word_1_207' title='bbox 759 2879 877 2936; x_wconf 85' lang='lat' dir='ltr'>parare</span> <span class='ocrx_word' id='word_1_208' title='bbox 900 2863 1062 2936; x_wconf 73' lang='lat' dir='ltr'>capitatis,</span> <span class='ocrx_word' id='word_1_209' title='bbox 1091 2859 1175 2940; x_wconf 84' lang='grc'>23,1</span> <span class='ocrx_word' id='word_1_210' title='bbox 1202 2881 1292 2938; x_wconf 80' lang='lat' dir='ltr'>quom</span> 
     </span>
     <span class='ocr_line' id='line_1_26' title="bbox 142 2964 1291 3047; baseline 0.001 -16"><span class='ocrx_word' id='word_1_211' title='bbox 142 2974 235 3046; x_wconf 83' lang='lat' dir='ltr'>pluet,</span> <span class='ocrx_word' id='word_1_212' title='bbox 255 2964 298 3029; x_wconf 83' lang='grc'>25</span> <span class='ocrx_word' id='word_1_213' title='bbox 317 2985 405 3042; x_wconf 82' lang='lat' dir='ltr'>qrtom</span> <span class='ocrx_word' id='word_1_214' title='bbox 424 2970 550 3043; x_wconf 67' lang='lat' dir='ltr'>leuetur.</span> <span class='ocrx_word' id='word_1_215' title='bbox 583 2966 687 3026; x_wconf 87' lang='lat' dir='ltr'>eodem</span> <span class='ocrx_word' id='word_1_216' title='bbox 706 2968 837 3045; x_wconf 87' lang='lat' dir='ltr'>pertinet</span> <span class='ocrx_word' id='word_1_217' title='bbox 855 2964 906 3047; x_wconf 83' lang='grc'>28,</span> <span class='ocrx_word' id='word_1_218' title='bbox 922 2966 943 3028; x_wconf 92' lang='grc'>2</span> <span class='ocrx_word' id='word_1_219' title='bbox 961 2986 1052 3042; x_wconf 80' lang='lat' dir='ltr'>patum</span> <span class='ocrx_word' id='word_1_220' title='bbox 1067 2987 1170 3045; x_wconf 88' lang='lat' dir='ltr'>pones.</span> <span class='ocrx_word' id='word_1_221' title='bbox 1208 2990 1234 3031; x_wconf 92' lang='lat' dir='ltr'>c.</span> <span class='ocrx_word' id='word_1_222' title='bbox 1249 2968 1291 3032; x_wconf 87' lang='grc'>29</span> 
     </span>
     <span class='ocr_line' id='line_1_27' title="bbox 144 3072 1292 3157; baseline 0.002 -21"><span class='ocrx_word' id='word_1_223' title='bbox 144 3093 236 3151; x_wconf 84' lang='lat' dir='ltr'>quam</span> <span class='ocrx_word' id='word_1_224' title='bbox 258 3077 390 3135; x_wconf 75' lang='lat' dir='ltr'>manime</span> <span class='ocrx_word' id='word_1_225' title='bbox 412 3092 487 3151; x_wconf 88' lang='lat' dir='ltr'>opus</span> <span class='ocrx_word' id='word_1_226' title='bbox 510 3077 569 3135; x_wconf 87' lang='lat' dir='ltr'>erit</span> <span class='ocrx_word' id='word_1_227' title='bbox 592 3081 637 3133; x_wconf 92' lang='lat' dir='ltr'>est</span> <span class='ocrx_word' id='word_1_228' title='bbox 661 3074 691 3132; x_wconf 92' lang='lat' dir='ltr'>in</span> <span class='ocrx_word' id='word_1_229' title='bbox 715 3072 867 3134; x_wconf 84' lang='lat' dir='ltr'>codicibus</span> <span class='ocrx_word' id='word_1_230' title='bbox 891 3084 921 3134; x_wconf 88' lang='lat' dir='ltr'>et</span> <span class='ocrx_word' id='word_1_231' title='bbox 942 3074 1050 3134; x_wconf 89' lang='lat' dir='ltr'>deindo</span> <span class='ocrx_word' id='word_1_232' title='bbox 1074 3079 1241 3138; x_wconf 76' lang='lat' dir='ltr'>conanime</span> <span class='ocrx_word' id='word_1_233' title='bbox 1259 3081 1292 3157; x_wconf 76' lang='lat' dir='ltr'>A,</span> 
     </span>
     <span class='ocr_line' id='line_1_28' title="bbox 144 3179 1292 3262; baseline 0.002 -18"><span class='ocrx_word' id='word_1_234' title='bbox 144 3201 214 3244; x_wconf 90' lang='lat' dir='ltr'>cum</span> <span class='ocrx_word' id='word_1_235' title='bbox 238 3185 368 3242; x_wconf 79' lang='lat' dir='ltr'>irraaime</span> <span class='ocrx_word' id='word_1_236' title='bbox 392 3181 481 3241; x_wconf 89' lang='lat' dir='ltr'>editio</span> <span class='ocrx_word' id='word_1_237' title='bbox 501 3182 641 3259; x_wconf 87' lang='lat' dir='ltr'>princeps</span> <span class='ocrx_word' id='word_1_238' title='bbox 661 3200 677 3239; x_wconf 93' lang='lat' dir='ltr'>a</span> <span class='ocrx_word' id='word_1_239' title='bbox 696 3179 840 3241; x_wconf 85' lang='lat' dir='ltr'>Politiano</span> <span class='ocrx_word' id='word_1_240' title='bbox 861 3199 919 3241; x_wconf 91' lang='lat' dir='ltr'>non</span> <span class='ocrx_word' id='word_1_241' title='bbox 940 3190 1084 3261; x_wconf 89' lang='lat' dir='ltr'>correcta,</span> <span class='ocrx_word' id='word_1_242' title='bbox 1107 3201 1161 3261; x_wconf 92' lang='lat' dir='ltr'>pro</span> <span class='ocrx_word' id='word_1_243' title='bbox 1181 3184 1292 3262; x_wconf 86' lang='lat' dir='ltr'>quibus</span> 
     </span>
     <span class='ocr_line' id='line_1_29' title="bbox 145 3289 1293 3367; baseline 0.003 -18"><span class='ocrx_word' id='word_1_244' title='bbox 145 3307 233 3364; x_wconf 83' lang='lat' dir='ltr'>quom</span> <span class='ocrx_word' id='word_1_245' title='bbox 266 3291 411 3349; x_wconf 75' lang='lat' dir='ltr'>maxime·</span> <span class='ocrx_word' id='word_1_246' title='bbox 429 3290 544 3366; x_wconf 89' lang='lat' dir='ltr'>scripsi.</span> <span class='ocrx_word' id='word_1_247' title='bbox 595 3306 701 3366; x_wconf 85' lang='lat' dir='ltr'>parum</span> <span class='ocrx_word' id='word_1_248' title='bbox 733 3296 814 3348; x_wconf 87' lang='lat' dir='ltr'>certa</span> <span class='ocrx_word' id='word_1_249' title='bbox 847 3289 956 3348; x_wconf 85' lang='lat' dir='ltr'>veteris</span> <span class='ocrx_word' id='word_1_250' title='bbox 987 3291 1153 3367; x_wconf 90' lang='lat' dir='ltr'>scripturae</span> <span class='ocrx_word' id='word_1_251' title='bbox 1180 3292 1293 3352; x_wconf 87' lang='lat' dir='ltr'>indicia</span> 
     </span>
     <span class='ocr_line' id='line_1_30' title="bbox 145 3392 1291 3479; baseline 0.003 -23"><span class='ocrx_word' id='word_1_252' title='bbox 145 3395 270 3475; x_wconf 84' lang='lat' dir='ltr'>praehet</span> <span class='ocrx_word' id='word_1_253' title='bbox 298 3395 390 3456; x_wconf 84' lang='lat' dir='ltr'>codex</span> <span class='ocrx_word' id='word_1_254' title='bbox 419 3394 572 3455; x_wconf 88' lang='lat' dir='ltr'>Parisinus</span> <span class='ocrx_word' id='word_1_255' title='bbox 596 3397 617 3453; x_wconf 82' lang='grc' dir='ltr'><strong>Α</strong></span> <span class='ocrx_word' id='word_1_256' title='bbox 643 3392 732 3471; x_wconf 84' lang='grc'>28,1</span> <span class='ocrx_word' id='word_1_257' title='bbox 763 3403 930 3456; x_wconf 87' lang='lat' dir='ltr'>conuentus</span> <span class='ocrx_word' id='word_1_258' title='bbox 956 3399 1026 3476; x_wconf 88' lang='lat' dir='ltr'>siet,</span> <span class='ocrx_word' id='word_1_259' title='bbox 1053 3394 1145 3479; x_wconf 84' lang='lat'>38,3</span> <span class='ocrx_word' id='word_1_260' title='bbox 1169 3398 1291 3475; x_wconf 82' lang='lat' dir='ltr'>eonfor-</span> 
     </span>
     <span class='ocr_line' id='line_1_31' title="bbox 145 3499 1293 3585; baseline 0.003 -21"><span class='ocrx_word' id='word_1_261' title='bbox 145 3521 252 3565; x_wconf 88' lang='lat' dir='ltr'>nacem</span> <span class='ocrx_word' id='word_1_262' title='bbox 273 3501 381 3578; x_wconf 83' lang='lat' dir='ltr'>socies,</span> <span class='ocrx_word' id='word_1_263' title='bbox 406 3499 513 3582; x_wconf 84' lang='grc'><strong>112,1</strong></span> <span class='ocrx_word' id='word_1_264' title='bbox 537 3520 602 3563; x_wconf 75' lang='lat' dir='ltr'>corre</span> <span class='ocrx_word' id='word_1_265' title='bbox 621 3510 729 3564; x_wconf 88' lang='lat' dir='ltr'>uentus</span> <span class='ocrx_word' id='word_1_266' title='bbox 748 3506 895 3576; x_wconf 81' lang='lat' dir='ltr'>nouerit,</span> <span class='ocrx_word' id='word_1_267' title='bbox 916 3500 1023 3584; x_wconf 87' lang='lat'><strong>161‚3</strong></span> <span class='ocrx_word' id='word_1_268' title='bbox 1042 3509 1218 3582; x_wconf 84' lang='lat' dir='ltr'>conceperit</span> <span class='ocrx_word' id='word_1_269' title='bbox 1236 3525 1293 3585; x_wconf 92' lang='lat' dir='ltr'>pro</span> 
     </span>
     <span class='ocr_line' id='line_1_32' title="bbox 146 3611 1218 3686; baseline -0.002 -15"><span class='ocrx_word' id='word_1_270' title='bbox 146 3627 215 3671; x_wconf 89' lang='lat' dir='ltr'>cum</span> <span class='ocrx_word' id='word_1_271' title='bbox 238 3611 380 3686; x_wconf 68' lang='lat' dir='ltr'>camerti.</span> <span class='ocrx_word' id='word_1_272' title='bbox 1211 3642 1218 3655; x_wconf 89' lang='lat'><strong>·</strong></span> 
     </span>
     <span class='ocr_line' id='line_1_33' title="bbox 235 3713 1293 3795; baseline 0.009 -21"><span class='ocrx_word' id='word_1_273' title='bbox 235 3713 256 3775; x_wconf 89' lang='lat'>4</span> <span class='ocrx_word' id='word_1_274' title='bbox 279 3715 321 3774; x_wconf 78' lang='lat' dir='ltr'>At</span> <span class='ocrx_word' id='word_1_275' title='bbox 344 3734 383 3775; x_wconf 86' lang='lat' dir='ltr'>ex</span> <span class='ocrx_word' id='word_1_276' title='bbox 408 3715 581 3794; x_wconf 83' lang='lat' dir='ltr'>agricolis</span> <span class='ocrx_word' id='word_1_277' title='bbox 605 3714 683 3795; x_wconf 89' lang='lat' dir='ltr'>sqq]</span> <span class='ocrx_word' id='word_1_278' title='bbox 708 3715 781 3776; x_wconf 90' lang='lat' dir='ltr'>Plin.</span> <span class='ocrx_word' id='word_1_279' title='bbox 805 3713 957 3778; x_wconf 79' lang='lat' dir='ltr'><strong>xv11126</strong></span> <span class='ocrx_word' id='word_1_280' title='bbox 977 3719 1166 3794; x_wconf 87' lang='lat' dir='ltr'>Principium</span> <span class='ocrx_word' id='word_1_281' title='bbox 1190 3727 1293 3783; x_wconf 86' lang='lat' dir='ltr'>autem</span> 
     </span>
     <span class='ocr_line' id='line_1_34' title="bbox 146 3817 1294 3898; baseline 0.006 -15"><span class='ocrx_word' id='word_1_282' title='bbox 146 3840 166 3883; x_wconf 86' lang='lat' dir='ltr'>u</span> <span class='ocrx_word' id='word_1_283' title='bbox 198 3823 310 3882; x_wconf 82' lang='lat' dir='ltr'>Catone</span> <span class='ocrx_word' id='word_1_284' title='bbox 341 3840 502 3898; x_wconf 89' lang='lat' dir='ltr'>sumemus,</span> <span class='ocrx_word' id='word_1_285' title='bbox 535 3817 705 3897; x_wconf 78' lang='lat' dir='ltr'>‘fortissimi</span> <span class='ocrx_word' id='word_1_286' title='bbox 736 3826 796 3883; x_wconf 85' lang='lat' dir='ltr'>uiri</span> <span class='ocrx_word' id='word_1_287' title='bbox 827 3830 856 3884; x_wconf 91' lang='lat' dir='ltr'>et</span> <span class='ocrx_word' id='word_1_288' title='bbox 888 3827 994 3883; x_wconf 84' lang='lat' dir='ltr'>milites</span> <span class='ocrx_word' id='word_1_289' title='bbox 1020 3829 1224 3888; x_wconf 83' lang='lat' dir='ltr'>strenuissimi</span> <span class='ocrx_word' id='word_1_290' title='bbox 1252 3849 1294 3890; x_wconf 84' lang='lat' dir='ltr'>ex</span> 
     </span>
     <span class='ocr_line' id='line_1_35' title="bbox 147 3922 1295 4008; baseline 0.008 -18"><span class='ocrx_word' id='word_1_291' title='bbox 147 3932 292 4006; x_wconf 76' lang='lat' dir='ltr'>apricolis</span> <span class='ocrx_word' id='word_1_292' title='bbox 323 3932 494 4005; x_wconf 75' lang='lat' dir='ltr'>pipauntur</span> <span class='ocrx_word' id='word_1_293' title='bbox 527 3922 705 4005; x_wconf 69' lang='lat' dir='ltr'>moraeque</span> <span class='ocrx_word' id='word_1_294' title='bbox 733 3934 811 3990; x_wconf 89' lang='lat' dir='ltr'>mate</span> <span class='ocrx_word' id='word_1_295' title='bbox 838 3933 1014 4005; x_wconf 78' lang='lat' dir='ltr'>copitantes.</span> <span class='ocrx_word' id='word_1_296' title='bbox 1061 3937 1224 4008; x_wconf 85' lang='lat' dir='ltr'>praedium</span> <span class='ocrx_word' id='word_1_297' title='bbox 1253 3956 1295 4000; x_wconf 87' lang='lat' dir='ltr'>ne</span> 
     </span>
     <span class='ocr_line' id='line_1_36' title="bbox 147 4034 1293 4117; baseline 0.005 -20"><span class='ocrx_word' id='word_1_298' title='bbox 147 4040 257 4114; x_wconf 87' lang='lat' dir='ltr'>cupide</span> <span class='ocrx_word' id='word_1_299' title='bbox 284 4056 373 4098; x_wconf 85' lang='lat' dir='ltr'>ernas.</span> <span class='ocrx_word' id='word_1_300' title='bbox 420 4041 450 4099; x_wconf 88' lang='lat' dir='ltr'>in</span> <span class='ocrx_word' id='word_1_301' title='bbox 475 4058 510 4099; x_wconf 85' lang='lat' dir='ltr'>re</span> <span class='ocrx_word' id='word_1_302' title='bbox 532 4041 651 4098; x_wconf 88' lang='lat' dir='ltr'>rustica</span> <span class='ocrx_word' id='word_1_303' title='bbox 673 4055 786 4114; x_wconf 86' lang='lat' dir='ltr'>operae</span> <span class='ocrx_word' id='word_1_304' title='bbox 810 4039 914 4114; x_wconf 89' lang='lat' dir='ltr'>(opere</span> <span class='ocrx_word' id='word_1_305' title='bbox 937 4034 984 4096; x_wconf 87' lang='lat' dir='ltr'>vel</span> <span class='ocrx_word' id='word_1_306' title='bbox 1008 4044 1136 4114; x_wconf 86' lang='lat' dir='ltr'>operari</span> <span class='ocrx_word' id='word_1_307' title='bbox 1156 4040 1293 4117; x_wconf 84' lang='lat' dir='ltr'>codices)</span> 
     </span>
     <span class='ocr_line' id='line_1_37' title="bbox 146 4147 1294 4225; baseline 0.005 -19"><span class='ocrx_word' id='word_1_308' title='bbox 146 4163 185 4207; x_wconf 88' lang='lat' dir='ltr'>ne</span> <span class='ocrx_word' id='word_1_309' title='bbox 214 4162 343 4225; x_wconf 89' lang='lat' dir='ltr'>pareas,</span> <span class='ocrx_word' id='word_1_310' title='bbox 375 4148 406 4206; x_wconf 89' lang='lat' dir='ltr'>in</span> <span class='ocrx_word' id='word_1_311' title='bbox 439 4163 516 4222; x_wconf 76' lang='lat' dir='ltr'>apro</span> <span class='ocrx_word' id='word_1_312' title='bbox 546 4147 670 4206; x_wconf 85' lang='lat' dir='ltr'>emendo</span> <span class='ocrx_word' id='word_1_313' title='bbox 697 4148 827 4206; x_wconf 85' lang='lat' dir='ltr'>minime.</span> <span class='ocrx_word' id='word_1_314' title='bbox 876 4148 959 4220; x_wconf 83' lang='lat' dir='ltr'>quod</span> <span class='ocrx_word' id='word_1_315' title='bbox 984 4150 1062 4207; x_wconf 86' lang='lat' dir='ltr'>male</span> <span class='ocrx_word' id='word_1_316' title='bbox 1089 4157 1219 4225; x_wconf 89' lang='lat' dir='ltr'>emptum</span> <span class='ocrx_word' id='word_1_317' title='bbox 1246 4160 1294 4212; x_wconf 88' lang='lat' dir='ltr'>est</span> 
     </span>
     <span class='ocr_line' id='line_1_38' title="bbox 146 4256 1293 4332; baseline 0.006 -21"><span class='ocrx_word' id='word_1_318' title='bbox 146 4269 264 4327; x_wconf 86' lang='lat' dir='ltr'>semper</span> <span class='ocrx_word' id='word_1_319' title='bbox 287 4256 430 4329; x_wconf 87' lang='lat' dir='ltr'>paenitet.</span> <span class='ocrx_word' id='word_1_320' title='bbox 476 4269 585 4327; x_wconf 75' lang='lat' dir='ltr'>narrem</span> <span class='ocrx_word' id='word_1_321' title='bbox 609 4259 778 4327; x_wconf 89' lang='lat' dir='ltr'>paraturos</span> <span class='ocrx_word' id='word_1_322' title='bbox 805 4259 877 4313; x_wconf 89' lang='lat' dir='ltr'>ante</span> <span class='ocrx_word' id='word_1_323' title='bbox 904 4256 1004 4313; x_wconf 87' lang='lat' dir='ltr'>omniu</span> <span class='ocrx_word' id='word_1_324' title='bbox 1032 4257 1147 4315; x_wconf 86' lang='lat' dir='ltr'>intueri</span> <span class='ocrx_word' id='word_1_325' title='bbox 1173 4264 1293 4332; x_wconf 86' lang='lat' dir='ltr'>oportet</span> 
     </span>
     <span class='ocr_line' id='line_1_39' title="bbox 148 4352 563 4439; baseline 0 -20"><span class='ocrx_word' id='word_1_326' title='bbox 148 4376 271 4439; x_wconf 86' lang='lat' dir='ltr'>aquam,</span> <span class='ocrx_word' id='word_1_327' title='bbox 296 4363 387 4434; x_wconf 86' lang='lat' dir='ltr'>uiam,</span> <span class='ocrx_word' id='word_1_328' title='bbox 410 4352 563 4420; x_wconf 68' lang='lat' dir='ltr'>vicinam?</span> 
     </span>
    </p>
   </div>
   <div class='ocr_carea' id='block_1_3' title="bbox 0 0 1452 4994">
    <p class='ocr_par' dir='ltr' id='par_1_6' title="bbox 0 0 1452 4994">
     <span class='ocr_line' id='line_1_40' title="bbox 0 0 1452 4994; baseline 0 0"><span class='ocrx_word' id='word_1_329' title='bbox 0 0 1452 4994; x_wconf 95' lang='lat' dir='ltr'> </span> 
     </span>
    </p>
   </div>
  </div>
 </body>
</html>
