2874 4994
146 316 210 381 170
486 323 677 379 COMMENT.
696 323 736 378 IN
754 322 943 380 VARRONIS

143 488 173 540 et
196 477 355 539 verborum
378 478 451 540 ordo
476 480 695 559 restitueretur,
715 477 858 555 Scrofam
880 480 959 540 enim
982 483 1053 539 ante
1072 484 1107 539 ct
1128 476 1290 537 Verrem

141 594 278 648 nostrum
300 587 387 666 posui
411 594 441 647 et
464 584 588 647 verbum
607 589 712 663 iuquit,
732 584 810 666 quod
835 584 995 665 posthaec
1014 603 1052 645 ox
1076 579 1288 665 superioribus,

142 703 176 754 ut
199 693 329 774 videtur,
352 695 512 773 repetitum
545 701 622 773 erat,
645 693 754 774 delevi,
777 693 992 770 Synepirotoe,
1017 694 1132 768 mouit,
1152 686 1282 771 zelotes,

142 799 284 877 Scrofam
307 803 386 862 euim
409 807 439 861 et
468 800 634 862 Varronem
657 809 807 875 nostrum,
829 791 973 879 ποιμένα
1000 794 1112 878 λαῶν,
1133 815 1223 859 otone
1240 814 1280 858 eo·

141 911 245 969 lutuot.
291 925 359 968 nam
386 915 505 986 praeter
535 899 677 969 Scrofam
698 916 728 968 et
751 905 913 969 Varronem
943 905 1050 986 reliqui
1080 907 1134 986 qni
1159 903 1275 985 aderaut,

142 1016 221 1076 sicut
243 1017 274 1075 in
298 1016 383 1075 initio
407 1016 554 1075 sermonis
580 1011 693 1096 u1,2
717 1014 831 1076 dictum
859 1023 937 1096 erut,
959 1014 991 1074 in
1015 1011 1108 1094 Epiro
1136 1012 1272 1092 pwuariu

142 1119 299 1183 habebant.
345 1122 445 1201 itaque
473 1120 516 1182 illi
548 1123 579 1182 iu
612 1121 789 1183 salutatione
815 1119 939 1183 Lucieni
966 1120 1056 1182 simul
1085 1119 1270 1198 nominantur,

142 1231 235 1291 ceteri
261 1230 413 1290 communi
437 1228 680 1309 Synepirotaruur
704 1230 824 1290 nomine
848 1227 1153 1308 comprehenduntur.

231 1334 303 1397 Hoc
335 1335 492 1420 adieram
525 1355 637 1398 meum
670 1339 809 1398 corium
840 1345 876 1396 et
907 1332 1035 1415 flogra]
1058 1334 1130 1397 Hoc
1159 1334 1263 1408 αΙῙιναι

142 1442 304 1505 Beroaldus
327 1451 358 1503 et
381 1442 488 1504 deiude
512 1443 619 1524 reliqui
643 1444 782 1506 editores.
828 1446 885 1505 boc
907 1460 962 1523 pro
985 1444 1047 1505 buc
1075 1441 1260 1522 praetoreoio

142 1549 301 1630 archetypo
325 1551 471 1628 scriptum
494 1559 559 1612 erat
581 1548 670 1634 1¹15,
690 1549 709 1614 8
732 1553 791 1613 boc
814 1553 972 1613 coieceris.
1011 1549 1258 1629 interpretationem

143 1654 302 1717 verborum
331 1659 484 1736 temptavit
507 1657 655 1720 Victorius
678 1677 738 1719 var.
762 1653 901 1739 lect24,
922 1652 976 1739 18,
1005 1650 1181 1717 ‘ostendere
1204 1655 1258 1714 enin

143 1762 235 1825 voluit
263 1765 314 1843 qui
348 1781 382 1836 ea
414 1762 552 1846 protulit,
580 1783 612 1825 se
645 1783 773 1844 aequum
805 1764 956 1826 homiuem
988 1781 1054 1824 esse
1088 1780 1122 1823 ac
1152 1770 1258 1842 panton

134 1851 261 1931 ‘omnem
283 1887 410 1950 poenam
432 1872 563 1952 perpeti,
587 1873 612 1932 si
642 1866 819 1952 peccasset'.
865 1874 980 1933 iocatur
1007 1879 1107 1932 autern
1130 1866 1259 1947 Lucienus,
1307 1908 1309 1927 .

142 1994 211 2037 cum
234 1977 336 2037 amicis
359 1977 603 2062 conviciantibus,
623 1979 701 2060 quod
726 1997 794 2040 sero
814 1981 953 2060 venisset,
971 1976 1136 2058 respondet
1156 1994 1195 2057 se,
1209 1992 1258 2035 cun
1307 1956 1309 1995 ²

143 2085 221 2146 iusta
240 2101 297 2163 pro
318 2082 416 2145 reditu
436 2087 610 2167 peregisset,
629 2088 687 2148 iam
706 2086 742 2148 ad
761 2106 813 2148 eos
831 2086 1000 2148 rediturum
1018 2095 1048 2146 et
1066 2093 1181 2165 tergum
1197 2098 1262 2144 suun
1307 2126 1309 2131 -

143 2209 211 2252 oum
234 2190 334 2271 flagris
357 2190 523 2253 adlaturum
547 2211 622 2276 esse,
646 2201 680 2255 ut
701 2211 812 2274 poenas
837 2193 965 2255 solveret
989 2189 1173 2254 verberibus.
1204 2196 1263 2250 oete

143 2316 210 2359 rum
233 2298 311 2359 hand
334 2300 396 2360 soie
419 2317 455 2360 an
475 2302 588 2362 rectius
606 2318 723 2362 mecum
741 2298 900 2381 scribatur,
919 2317 1006 2379 quarn
1025 2315 1132 2372 mutto,
1150 2305 1183 2358 ut
1200 2297 1263 2356 oeno

143 2404 205 2466 lora
229 2423 245 2465 e
269 2406 351 2466 corio
375 2406 450 2467 lecta
471 2407 686 2486 significentur,
705 2426 763 2468 nou
783 2416 901 2488 tergum
920 2407 1061 2467 hominis:
1085 2403 1179 2466 Plaut
1196 2402 1265 2463 Pecu

146 2509 207 2575 138
232 2515 302 2574 lteri
323 2516 354 2574 iu
378 2521 464 2589 toruo
486 2531 551 2575 meo
575 2517 631 2575 tris
650 2512 749 2590 focile
771 2517 872 2576 corios
894 2515 1067 2576 contrivisti
1088 2513 1217 2573 miuus.

232 2618 315 2680 Dum
339 2638 438 2681 asses
462 2621 564 2683 soluo
587 2621 745 2702 palibus]
766 2624 915 2684 Palilibus
937 2619 1016 2682 edita
1037 2618 1108 2680 iude
1127 2617 1164 2680 ab
1181 2617 1268 2679 lldim

143 2724 273 2787 editione
297 2726 482 2809 exemplaria,
502 2729 581 2808 quod
601 2731 652 2809 qui
671 2729 835 2791 delendunt
858 2745 1012 2790 sermones
1032 2726 1069 2787 de
1093 2745 1127 2787 re
1150 2725 1271 2807 pecmru

145 2841 291 2911 umquam
314 2831 455 2895 Palilibus
478 2835 593 2896 habitos
616 2836 688 2916 fingi
710 2845 824 2917 putant
860 2835 987 2897 Ursinus
1011 2835 1161 2896 Palilibus
1182 2840 1269 2914 posue

143 2939 276 3001 additum
300 2957 367 3000 esse
396 2942 587 3024 existimavit,
611 2953 644 3004 ut
674 2942 857 3004 indicaretur
885 2944 936 3022 qui
964 2941 1028 3002 dies
1055 2942 1081 3002 is
1108 2949 1200 3022 esset,
1224 2956 1272 3018 quo

142 3066 224 3109 asses
256 3045 450 3109 solverentur.
497 3051 568 3111 Peli
595 3052 723 3112 coniecit
751 3050 961 3112 Schneiderus.
1006 3049 1114 3129 scripsi
1143 3047 1270 3109 Laribus.

143 3174 209 3217 nam
242 3155 289 3216 his
322 3172 403 3215 asses
431 3155 495 3217 dari
524 3155 625 3218 solitos
653 3175 720 3218 esse
749 3157 841 3218 Varro
874 3157 912 3217 de
943 3158 1001 3218 vita
1033 3154 1136 3236 populi
1164 3152 1274 3215 Romani

144 3273 244 3324 narrat
274 3263 351 3342 apud
380 3261 507 3324 Nonium
536 3282 563 3343 p.
583 3263 657 3345 531,
677 3261 706 3326 8.
751 3264 856 3325 iisdem
889 3281 973 3324 sacra
1006 3263 1071 3323 lieri
1103 3280 1159 3342 pro
1191 3259 1276 3322 reditu

143 3371 262 3431 scimus.
308 3369 435 3431 discedit
457 3372 548 3450 igitur
571 3370 720 3432 Lucienus
744 3390 803 3432 una
827 3389 895 3432 cum
919 3370 1032 3432 Murrio
1058 3388 1074 3430 n
1098 3368 1230 3450 reliquis,
1248 3376 1276 3428 ut

143 3495 225 3538 asses
248 3495 302 3555 pro
327 3476 425 3538 reditu
449 3477 541 3539 solvat
563 3477 697 3558 Laribus,
721 3487 755 3539 ut
779 3478 904 3558 videtur,
928 3475 1146 3556 compitalibus.

232 3581 252 3644 2
291 3584 430 3645 Atticus
463 3587 599 3645 murrio
631 3587 789 3646 narrasti
820 3586 941 3664 inquit
971 3583 1091 3645 eadem
1124 3584 1186 3663 qui
1215 3600 1280 3644 ser·

144 3691 257 3750 monis
285 3691 358 3750 siut
386 3689 514 3769 babiti]
539 3691 694 3753 lubidine
718 3692 848 3754 editione
871 3691 945 3753 haec
968 3700 999 3751 et
1020 3709 1098 3771 quae
1122 3700 1283 3772 sequuntur

143 3799 183 3856 ita
207 3805 317 3858 mutata
340 3808 432 3873 erant,
464 3799 592 3860 Voccius
616 3801 728 3875 Murio,
753 3801 859 3861 Narro
883 3803 934 3861 isti
956 3802 1055 3875 iuquit
1076 3802 1189 3862 eudem
1202 3832 1244 3844 -
1257 3801 1285 3859 ie

143 3922 202 3980 quo
225 3907 345 3981 quidem
368 3923 454 3968 meuc
472 3915 579 3982 portes
597 3940 640 3949 —
659 3911 687 3967 si
709 3911 776 3982 quis
798 3910 870 3988 scit,
892 3908 947 3968 ubi
967 3923 1050 3967 neoc
1073 3907 1170 3969 mour
1192 3909 1286 3970 obser·

144 4018 198 4072 oet.
219 4012 335 4073 Menos.
376 4012 449 4073 Vide
467 4015 542 4087 quid
564 4032 641 4088 opus
664 4017 787 4088 inquom
810 4013 904 4074 Vecti.
937 4011 1091 4093 archetypi
1111 4016 1290 4096 scripturam

143 4138 210 4181 cum
244 4129 324 4179 certa
356 4118 481 4180 iucundi
513 4121 718 4182 emendatione
750 4139 850 4182 norro
882 4123 933 4182 isti
961 4117 1117 4182 Victorius
1153 4124 1291 4185 restituit

143 4229 247 4286 eedem
271 4235 370 4285 autem
393 4225 517 4286 ablativo
541 4246 610 4288 casu
634 4246 688 4308 pro
713 4226 851 4289 adverbio
874 4227 1065 4307 dictumest,
1088 4227 1120 4291 h.
1141 4248 1168 4292 e„
1192 4231 1294 4293 eadem

143 4334 258 4391 ratione
281 4329 326 4391 vel
350 4331 445 4393 simul.

233 4440 321 4538 Nunc
344 4441 397 4502 ebt
419 4442 510 4502 labor
532 4439 602 4500 olim
625 4443 656 4502 in
676 4440 856 4505 editionibus
875 4449 952 4526 erat3
974 4445 1118 4508 nuncubi
1138 4444 1297 4530 legendum
