2874 4994
365 360 496 426 RERVM
513 359 753 418 nusulctuvu
771 362 840 418 LIB.
858 363 872 417 Ι
891 360 932 420 28
1181 355 1222 420 79

108 526 134 580 m
151 518 176 577 lu
197 517 261 596 ipso
284 515 446 597 archetypo
470 517 616 597 scriptum
644 515 708 579 luit.
754 519 907 592 discretis,
931 516 1010 598 quod
1037 516 1147 579 hebent
1175 534 1223 579 co-

108 624 204 685 llocet
228 631 259 684 et
282 642 321 705 m,
344 625 438 685 veteri
461 625 651 686 coniecturae
675 622 868 687 tribuendum
892 633 948 708 est,
966 643 1055 706 quam
1074 623 1222 687 Victorius

108 728 295 792 conmendavit
315 739 345 792 et
363 739 431 812 post
449 730 529 793 hunc
554 730 662 812 reliqui
681 730 811 794 editores
830 740 1018 812 receperunt.
1048 731 1100 794 sed
1119 751 1222 795 verum

108 847 138 899 est
155 841 316 916 descriptis.
343 871 388 881 —
414 856 452 900 ea
480 856 560 914 quae
592 837 683 900 editio
708 837 937 901 Commeliniaue
961 848 1050 900 etex
1073 838 1127 902 hac
1151 839 1222 900 Ges·

108 963 179 1006 uerus.
226 947 419 1007 obseruanda
456 948 576 1022 quidem
607 953 679 1041 aqut
715 965 752 1008 ea
789 965 868 1023 quae
898 945 1063 1008 Pontedera
1096 965 1123 1027 p.
1151 944 1222 1009 124.

108 1070 176 1128 eaque
197 1071 233 1114 ex
256 1051 440 1114 editionibus
463 1062 531 1114 ante
555 1052 815 1115 CommeIIniauam
843 1056 999 1134 impressis
1023 1053 1223 1116 Schneiderus

108 1160 218 1220 restituit.

169 1265 321 1328 Primum
344 1285 360 1328 a
384 1267 529 1329 Iauonio
553 1266 593 1328 ed
613 1269 884 1349 aequinoctium
908 1287 1058 1331 uernum
1077 1268 1154 1331 dies
1172 1268 1223 1358 XL

108 1369 164 1434 lioc
183 1372 223 1433 ad
247 1373 486 1452 uergiliarum
515 1384 678 1437 exortum
706 1375 785 1437 dies
808 1373 898 1436 XLIV
920 1374 961 1436 ab
989 1375 1055 1438 lroc
1084 1375 1124 1437 ad
1153 1377 1222 1438 sol·

108 1479 218 1541 stltium
243 1479 321 1541 dies
346 1479 450 1540 xttlx
473 1481 554 1542 inde
578 1482 619 1543 ad
643 1481 831 1544 caniculae
855 1483 994 1563 siguum
1018 1481 1095 1543 dies
1118 1482 1223 1545 XXVII

108 1583 163 1646 leia
196 1586 235 1647 ad
273 1588 540 1667 aequinoctium
578 1573 783 1651 autumnale
820 1589 897 1651 dies
928 1587 1031 1650 LXVII
1062 1591 1143 1651 exin
1182 1589 1221 1651 ad

108 1693 310 1771 tergitiarum
334 1711 501 1756 occasum
524 1694 600 1756 dies
619 1693 728 1756 XXXII
745 1694 786 1756 ab
809 1694 874 1757 hoc
898 1694 938 1756 ad
962 1695 1119 1758 brumam
1143 1697 1221 1758 dies

108 1793 159 1857 lVll
184 1799 266 1861 iude
299 1800 339 1862 ad
373 1803 556 1863 Iauonium
588 1801 665 1864 dies
688 1801 777 1882 XLV]
802 1805 937 1864 Primum
964 1804 1004 1865 ab
1027 1803 1156 1880 fauonio
1179 1807 1223 1865 ad

108 1892 302 1981 aequinoctium
334 1927 460 1971 uernum
492 1912 556 1971 dics
587 1911 805 1986 quadraqinta.
851 1912 924 1973 triac
950 1913 995 1972 aci
1022 1915 1221 1988 uerqiliarum

108 2021 215 2074 autum
237 2017 303 2077 dies
325 2018 534 2092 quadraqinta
557 2023 711 2092 quattuor.
757 2019 796 2078 ab
820 2018 878 2078 lece
906 2019 950 2078 ad
974 2021 1132 2079 solstitium
1156 2022 1221 2080 dics

108 2121 283 2198 mamaqinta
312 2141 416 2186 nouem
439 2141 504 2204 sqq.
527 2123 657 2205 Merula,
680 2127 815 2201 primum
838 2126 876 2185 ab
903 2123 1028 2200 favonio
1052 2127 1096 2185 ad
1117 2129 1219 2201 aequi-

108 2230 210 2289 metium
232 2248 358 2292 umnam
381 2234 446 2292 dies
469 2233 748 2307 quadraqintadao.
794 2233 866 2291 laiac
886 2233 929 2291 ad
949 2234 1148 2306 ccrqiliarum
1167 2252 1219 2294 eac·

108 2340 180 2394 uun
202 2339 265 2398 dies
287 2341 639 2414 quadraqintaquatuor.
676 2340 715 2400 ab
734 2340 791 2399 Itoc
814 2339 858 2399 ad
878 2340 1036 2400 solstitium
1055 2341 1119 2399 dies
1147 2357 1219 2414 qua-

108 2437 333 2514 lcaqintanovcm.
380 2447 451 2506 inde
483 2446 527 2506 ad
557 2447 719 2505 caniculae
750 2448 871 2520 siqnum
907 2446 971 2506 dies
1000 2448 1219 2520 uiqintinouem.

108 2543 190 2608 uince
210 2552 253 2610 ad
274 2554 499 2626 aequinoctium
518 2555 694 2613 autumnale
713 2553 778 2612 dies
794 2554 1077 2628 scaaqintaseptem.
1108 2555 1220 2614 exinde

108 2651 136 2708 td
150 2660 339 2732 ucrqiliarum
362 2676 504 2720 occasum
527 2660 592 2720 dics
622 2661 821 2734 trinntaduo.
866 2659 905 2719 ab
933 2660 991 2719 troc
1014 2661 1058 2720 act
1082 2660 1221 2721 brumam

108 2755 150 2818 lies
167 2767 504 2844 quinquaqintaseptem.
550 2768 621 2827 inde
650 2768 693 2826 ud
716 2764 874 2841 favonium
901 2768 967 2827 dies
998 2768 1219 2842 quadraqintu·

108 2867 211 2944 utaque
232 2870 392 2933 lucendus.
438 2873 550 2934 codIcis
575 2875 752 2952 scrIpturam
776 2871 924 2935 VictorIus
948 2873 1079 2933 restituit
1101 2880 1220 2951 praeter

108 2983 171 3035 inum
192 2976 299 3061 locum,
322 2980 353 3039 iu
377 2998 436 3058 quo
460 2981 525 3059 ipso
549 2981 650 3061 invito,
675 2989 707 3040 ut
730 2980 861 3062 videtur,
884 2979 1005 3041 Aldinae
1029 2987 1060 3039 et
1083 2978 1218 3040 luntinac

108 3074 214 3145 ditionis
237 3084 325 3147 lectio
349 3085 452 3147 relicta
475 3095 530 3167 est,
554 3088 598 3147 act
619 3089 781 3147 caniculae
801 3089 921 3160 siquam
940 3089 1004 3147 dies
1023 3086 1144 3160 XXIX,
1168 3085 1219 3146 uhi

108 3197 213 3252 lmanu
233 3194 354 3272 scriptis
372 3192 457 3254 lihris
476 3197 540 3255 dies
555 3194 689 3253 XXVII
705 3200 735 3253 et
753 3194 782 3253 in
803 3191 1020 3270 antIquioribus
1039 3190 1218 3253 editionibus

108 3289 147 3356 lec
165 3302 272 3376 uiqinti
292 3308 403 3378 septem
427 3302 572 3380 scrIptum
596 3309 667 3360 erat.
705 3298 868 3360 Victorium
892 3296 998 3376 reliqui
1022 3297 1151 3358 editores
1174 3317 1218 3358 se

108 3405 144 3463 uu
163 3415 231 3467 sunt
253 3415 372 3487 praeter
396 3405 621 3487 Schneiderum,
645 3407 696 3485 qui
719 3408 827 3485 partim
851 3406 1032 3486 coniectura,
1055 3406 1162 3484 partim
1182 3424 1217 3465 ex

108 3511 226 3573 cleribus
250 3512 432 3574 editionIbus
455 3529 596 3573 numeros
624 3513 655 3572 io
679 3510 758 3573 hunc
781 3511 902 3573 modum
925 3513 1062 3593 mutavit,
1085 3514 1217 3589 primum

125 3614 238 3690 [aconio
261 3621 306 3681 act
326 3622 550 3695 aequinoctium
573 3637 698 3681 uernum
722 3621 786 3680 dies
809 3619 906 3679 XLV.
951 3620 1024 3679 linc
1052 3621 1096 3679 ad
1121 3621 1217 3694 aerqi-

108 3719 350 3789 annexorum
373 3730 438 3787 dies
457 3727 514 3787 XL
522 3727 570 3786 VI.
617 3727 656 3788 ab
679 3728 736 3788 troc
760 3728 804 3787 act
824 3728 983 3787 solstitium
1001 3728 1065 3786 dies
1084 3726 1218 3786 XLIIX.

108 3830 152 3891 lde
165 3836 206 3893 ad
217 3836 380 3895 caniculae
394 3837 512 3910 siqnum
522 3837 587 3895 dies
597 3834 717 3894 XXIV.
731 3836 802 3894 dein
813 3835 856 3893 od
864 3834 1086 3907 aequinoctium
1101 3841 1219 3894 autum-

108 3939 151 3998 ulc
175 3943 237 4002 dies
260 3941 322 4000 LX
327 3941 411 4000 VIII.
453 3944 525 4002 eain
559 3943 602 4001 ad
632 3943 831 4016 ucrqiliarum
862 3956 1004 4000 occasum
1031 3941 1097 3998 dies
1124 3939 1180 3997 XL
1190 3940 1219 3998 V.

108 4039 195 4108 icoc
218 4050 262 4108 ad
283 4048 420 4108 brumam
444 4050 509 4108 dies
532 4047 646 4109 XLIV.
692 4050 763 4108 inde
786 4047 829 4107 ad
846 4043 1003 4120 favonium
1033 4047 1098 4104 dies
1120 4044 1179 4104 XL
1188 4045 1217 4104 V.

108 4159 119 4201 t
138 4146 178 4212 his
195 4171 288 4214 unum
311 4151 389 4213 haud
408 4151 498 4214 dublo
518 4162 599 4215 recte
618 4172 634 4214 a
654 4150 838 4213 Schneidcro
857 4151 1043 4212 emendatum
1065 4157 1120 4231 est,
1139 4148 1217 4229 quod

108 4260 224 4334 Ipsina
247 4269 331 4339 parte
352 4262 422 4321 anni
446 4262 565 4339 scripsit
588 4263 632 4320 ad
654 4261 877 4334 aequinoctium
895 4276 1020 4318 uernum
1038 4260 1103 4319 dics
1121 4258 1218 4340 XLV,

108 4369 143 4431 po
161 4384 301 4429 utrmerus
324 4368 440 4429 dierum
465 4375 668 4429 trecentorum
693 4367 843 4444 sexaginta
870 4366 1015 4445 quinque,
1034 4383 1121 4443 quem
1141 4369 1218 4428 ratio

109 4469 151 4528 uni
171 4491 185 4533 a
208 4474 333 4537 Caesare
356 4477 511 4537 constituti
535 4473 673 4556 postulat,
695 4473 833 4533 allicitur.
878 4473 909 4532 iu
937 4470 1060 4551 reliquis
1083 4473 1218 4552 partibus
