2874 4994
380 112 511 168 nnnru
528 110 769 167 nvsmcunrn
787 91 855 167 ΠΒ.
873 113 886 167 1
907 110 1035 167 1r-1e
1236 105 1277 169 ol

133 282 212 326 rum.
246 283 315 329 nam
334 266 452 328 omissis
471 266 637 328 minoribus
657 266 771 346 lundis,
789 269 819 327 in
839 265 947 346 quibus
972 266 1090 328 vilicum
1111 265 1280 328 habendum

22 354 25 361 ¹
131 389 203 434 esse
231 392 288 454 per
314 392 347 435 se
371 374 544 456 apparebat,
568 374 604 435 de
628 372 790 434 maioribus
820 373 919 434 lundis
947 376 1138 453 praecipitur.
1175 375 1205 433 in
1234 374 1280 434 his

17 556 20 567 Ι
132 477 229 556 igitur
252 498 313 541 non
335 478 437 559 plures
460 480 539 541 vilici
561 478 690 541 habendi
714 489 792 560 sunt,
816 481 867 541 sed
893 483 1098 561 operariorum
1122 489 1153 541 et
1175 478 1281 541 bubul-

130 600 241 647 corum
265 604 408 650 numerus
431 588 607 668 plerumque
632 590 845 669 proportione
869 587 1023 668 augendus
1046 597 1101 648 est.

223 691 268 753 Ut
288 696 383 755 arari
401 711 470 754 non
489 697 605 775 possit
624 694 716 774 quod
735 697 769 755 si
784 696 1022 775 confragosus
1037 701 1143 773 atque
1158 695 1281 756 arduis

135 795 265 877 cliuis]
305 801 343 861 Ut
368 806 447 860 totns
470 804 563 862 arari
587 819 647 862 non
667 805 771 883 possit,
794 808 829 862 nt
848 805 878 862 st
902 805 943 862 sit
964 801 1166 877 confruamur
1189 809 1281 877 utque

138 907 258 967 arduus
281 908 367 967 clivis
390 924 426 966 er
450 906 552 967 Aldina
576 907 705 969 editione
728 907 877 994 vulgatum
902 916 973 969 erat.

225 1008 248 1073 5
280 1011 397 1092 Equo
425 1032 528 1093 quom
557 1022 656 1076 sexta
681 1033 763 1093 pars
792 1018 840 1076 sit
867 1034 905 1075 ea
929 1013 979 1074 XL
1007 1014 1159 1094 quaeda
1184 1014 1281 1075 CCXL

140 1112 347 1197 demuntur]
380 1120 569 1182 Diminuetur
601 1120 726 1205 Merula,
760 1125 890 1184 demitur
922 1121 1086 1203 iucundus,
1119 1125 1281 1184 demuntur

141 1217 285 1286 lictorius
308 1228 449 1288 restituit.
487 1246 584 1308 neque
609 1218 805 1290 dubitandum
833 1237 898 1289 erat
925 1228 961 1289 de
985 1228 1129 1309 singulari
1157 1246 1281 1289 numero

147 1331 181 1389 ait
204 1350 270 1394 cum
301 1334 420 1393 nomine
444 1352 522 1410 pers
550 1338 723 1416 coniuncto,
756 1337 889 1415 quamvis
920 1344 1062 1414 sequatur
1089 1334 1212 1414 pluralis
1244 1354 1282 1396 eo

148 1441 363 1516 quadrantem:
386 1438 412 1498 ll
433 1437 523 1522 1,12
547 1444 640 1502 tertio
659 1460 736 1518 pars
755 1449 799 1503 est
818 1445 849 1504 in
869 1445 1022 1518 pecuaria
1043 1460 1123 1517 quoe
1145 1460 1204 1503 reon
1224 1460 1281 1520 pu·

10 1548 13 1560 ¹
147 1551 258 1621 rantur,
281 1542 407 1629 1113,6
430 1565 538 1607 earnm
558 1546 682 1622 fructus
704 1556 774 1610 erat
796 1566 852 1609 ooo
876 1556 905 1609 et
923 1551 1010 1625 pulli.

27 1636 29 1641 ¹
225 1651 299 1713 Non
323 1652 430 1713 uideo
455 1653 747 1733 quemadmodum
771 1674 811 1715 ex
834 1657 913 1715 eius
931 1663 1127 1734 praecepto
1148 1655 1279 1717 demam

50 1776 69 1796 ³
133 1764 270 1819 sextam
294 1766 430 1839 partem
450 1759 545 1821 etde
563 1759 630 1820 lllll
650 1760 858 1842 mancipiis]
878 1764 919 1822 Et
937 1761 1138 1823 Schneiderus
1163 1761 1278 1822 delerit.

32 1902 36 1907 -
124 1871 232 1940 neque
254 1873 352 1927 tamen
372 1864 566 1928 dubitandum
586 1867 622 1929 de
642 1869 792 1947 frequenti
811 1887 868 1929 usu
887 1868 1048 1948 particulae
1068 1877 1098 1929 et
1115 1887 1169 1948 pro
1189 1873 1280 1929 etium

10 2012 13 2047 ;
113 1969 258 2055 rosinae,
282 1974 368 2033 cuius
392 1971 465 2034 haec
489 1973 622 2055 exempla
646 1993 682 2035 ex
704 1975 752 2036 his
776 1974 860 2035 libris
880 1975 1025 2050 adnotavi,
1048 1972 1167 2056 137‚5
1188 1994 1279 2050 quoe·

10 2089 14 2097 ·
107 2068 202 2135 dam
226 2082 259 2140 εἰ
270 2111 314 2123 -
325 2083 529 2157 proscideris,
555 2089 586 2142 et
608 2083 794 2159 iterandum,
822 2077 864 2142 41
870 2079 921 2164 ‚4
944 2100 981 2142 eo
1004 2100 1084 2157 quoe
1106 2085 1230 2142 laxiora
1253 2089 1282 2142 et

92 2167 328 2262 secundiora,
352 2185 488 2266 llpraei.
508 2184 528 2248 6
552 2190 635 2263 qood
656 2195 685 2248 et
708 2190 771 2264 ipse
786 2191 955 2265 precatorias
973 2190 1077 2264 hebui,
1102 2185 1130 2270 1,
1144 2185 1188 2249 24
1209 2205 1281 2249 nom

92 2285 128 2334 θ’
162 2296 241 2360 qui
258 2300 356 2370 porat
374 2310 471 2370 pecus
493 2311 616 2356 necesse
633 2301 677 2355 est
696 2297 862 2355 constituet
880 2312 1046 2368 numerurm,
1071 2291 1161 2376 2,14
1183 2297 1281 2355 deter-

85 2393 191 2450 rent
231 2402 272 2461 ob
300 2402 437 2462 saliendo
470 2407 500 2461 et
522 2403 655 2474 fiscellos
677 2402 820 2477 -qnod
849 2404 990 2483 ottipont,
1019 2397 1097 2482 8,4
1126 2407 1197 2461 onte
1224 2403 1278 2462 ud-

80 2493 298 2568 msssurcm
320 2513 351 2568 et
372 2509 491 2582 turpius
510 2506 652 2587 facimus,
676 2503 742 2589 9,5
765 2510 868 2582 itaque
891 2514 921 2568 et
943 2507 1158 2582 crepiom'bns
1177 2511 1280 2583 oppet-

75 2588 249 2694 ²⁰nlur‚
271 2609 366 2695 1119,
386 2610 426 2674 21
452 2616 576 2688 quidam
599 2621 628 2675 et
647 2617 767 2677 triticeo
787 2631 871 2691 pone
891 2612 1048 2693 sarciunt,
1079 2611 1133 2694 14,
1152 2612 1173 2675 3
1198 2617 1282 2689 ipsae

72 2701 110 2753 εἴ
141 2722 373 2780 ruminantes
392 2752 429 2762 —
453 2722 545 2780 vitum
569 2722 622 2782 diu
642 2723 826 2797 producunt,
858 2716 896 2779 17
903 2767 912 2801 ,
934 2717 951 2780 1
976 2722 1059 2795 qnod
1080 2727 1109 2780 et
1132 2722 1280 2780 condide-

69 2803 172 2870 ΨΜ
214 2832 358 2888 nostrum
380 2834 541 2888 uenturum
563 2828 741 2887 sciebamus.
778 2825 841 2907 alia,
861 2843 935 2904 quae
959 2845 1019 2885 nou
1042 2835 1124 2885 recte
1143 2825 1179 2885 ed
1201 2825 1281 2886 hunc

68 2919 221 2990 ”Sum
248 2932 341 2994 relata
363 2940 457 3016 erant,
481 2932 575 2993 deleta
603 2931 747 3012 particula
771 2940 813 3007 et,
842 2950 916 3011 quae
945 2949 1032 3010 saepe
1061 2932 1091 2991 in
1122 2930 1168 2991 lais
1198 2930 1281 2990 libris

65 3025 294 3102 ¹¹¹³niresto
318 3038 507 3101 librariorum
531 3058 633 3100 errore
657 3038 754 3099 addita
778 3046 832 3119 est,
857 3038 982 3097 correxi.

227 3145 266 3209 ln
290 3146 314 3209 C
341 3144 548 3226 iugeribus]
577 3145 693 3207 Omissa
716 3146 935 3225 praepositione
963 3142 1077 3203 Nonius
1106 3162 1133 3223 p.
1158 3138 1237 3224 501,
1263 3142 1279 3204 1

73 3221 244 3315 Varro
268 3256 308 3314 de
329 3272 366 3316 rc
387 3257 505 3315 rustica
524 3256 575 3315 tto.
595 3254 615 3314 I
631 3260 750 3314 centum
769 3253 927 3328 inperitus
946 3254 1104 3312 uinearum
1123 3267 1197 3326 opus
1218 3267 1283 3311 esse

62 3344 312 3424 quindecim
333 3349 497 3438 mancipio.

225 3465 247 3529 6
281 3465 347 3538 Qui
370 3468 420 3527 ait
442 3464 583 3546 singula
607 3466 731 3544 iugera
754 3465 943 3544 quaternis
967 3463 1087 3542 operis
1107 3480 1176 3522 uno
1199 3479 1282 3540 ope-

64 3556 236 3635 ral'io
256 3573 300 3635 ad
319 3572 585 3635 conficiendum
605 3573 694 3632 satis
713 3569 806 3648 esse]
831 3573 892 3643 Qui
909 3573 954 3630 uit
972 3573 1015 3630 ud
1031 3572 1153 3643 stapulo
1172 3572 1281 3643 rupere

64 3662 306 3742 quaternos
328 3698 440 3758 operas
463 3683 506 3741 ud
527 3681 748 3754 conficiendum
771 3681 847 3738 sutis
870 3695 933 3738 esse
958 3674 1092 3734 Ursinus,
1130 3692 1190 3734 nno
1214 3693 1281 3749 ope·

66 3769 226 3870 sario
259 3786 357 3848 dativo
389 3805 459 3848 casu
491 3786 604 3847 dictum
632 3804 697 3846 esse
730 3783 803 3844 vidit
830 3782 987 3842 Gesnerus.
1034 3777 1150 3857 singula
1182 3787 1281 3839 autem

73 3874 244 3955 mgera
259 3895 412 3974 quaternis
426 3895 526 3974 operis
540 3911 632 3954 unum
647 3892 797 3952 hominem
811 3888 971 3950 confodere
986 3904 1074 3966 posse
1089 3903 1124 3945 ex
1138 3884 1282 3945 Sasernae

77 3981 310 4082 P‘saecepus
333 4001 446 4062 dictum
470 4012 534 4062 erat
556 4018 645 4080 supra
669 3996 738 4075 52.

228 4112 294 4169 XIX
323 4105 340 4168 1
374 4107 413 4167 ln
436 4107 586 4168 oliuetis
605 4103 703 4166 CCXL
728 4100 884 4181 ingeris]
910 4102 1055 4177 Iouerum
1078 4100 1156 4161 edita
1175 4100 1244 4161 inda
1267 4119 1284 4161 a

90 4196 274 4295 Principe
290 4213 419 4275 editione
430 4212 615 4292 exemplaria.
635 4209 787 4291 archetypi
802 4210 980 4287 scripturam
992 4205 1152 4268 llettnerus
1166 4205 1282 4269 observ.
