2874 4994
143 336 206 403 134
481 343 671 400 ΟΟΜΜΕΝΤ.
690 343 729 396 IN
748 340 936 397 VARRONIS

142 518 200 561 non
225 508 382 580 perspecto
407 500 511 561 ordine
531 498 689 559 verborum
713 506 743 558 et
767 514 845 558 nexu
868 497 1095 557 sententiarum.
1132 511 1195 555 uam
1212 512 1259 555 stu

143 608 244 669 tentiis
277 606 519 686 philosophorum
553 606 589 665 de
622 605 777 684 principiis
809 621 910 664 rerum
944 614 974 664 et
1006 602 1043 663 de
1081 602 1173 662 initiis
1204 603 1274 677 ritaev

142 712 286 774 humanae
317 731 374 773 una
403 714 526 792 periodo
554 712 684 772 breviter
712 709 935 791 comprehensis
962 708 1105 788 impedita
1132 717 1178 768 est
1200 725 1258 768 conr

142 821 250 900 positio
270 818 437 880 verborum.
475 822 624 899 inpriore
644 816 861 898 parteperiodi
881 826 981 879 autem
1000 815 1075 877 haec
1094 816 1187 895 posita
1201 823 1258 896 sunl,

142 934 172 989 et
194 930 327 987 nomines
350 935 379 988 et
398 930 532 1004 pecudes
556 944 624 987 cum
647 943 765 1002 semper
784 925 882 1000 fuisse
904 928 943 986 sit
971 941 1097 985 necesse
1117 954 1155 966 -
1171 922 1258 982 Aristo

143 1038 215 1095 telos
234 1034 403 1108 &caerites
408 1055 420 1104 ;
443 1036 473 1094 iu
493 1034 583 1094 altera
602 1042 687 1112 parte
707 1033 836 1111 primum
855 1031 1046 1107 subiciuntur
1066 1029 1149 1110 hacc,
1165 1046 1261 1091 necess

143 1149 187 1202 est
209 1143 362 1202 bumanae
385 1145 464 1202 uitae
487 1143 525 1201 ab
548 1158 664 1201 summa
687 1142 832 1200 memoria
851 1133 894 1217 (h.
909 1156 935 1198 e.
954 1137 990 1198 ab
1010 1140 1127 1198 summa
1145 1137 1263 1196 memoria

143 1247 288 1308 humanae
322 1241 411 1329 ritae)
441 1250 598 1322 pradalim
631 1249 821 1308 descendisse
848 1278 889 1287 -
914 1243 1016 1322 ferret
1049 1252 1150 1319 tera,
1180 1242 1271 1304 deinde

144 1356 207 1415 sine
232 1355 335 1435 copula
360 1354 441 1434 lines,
465 1374 505 1415 ca
527 1357 587 1415 bac
610 1357 672 1414 uita
696 1357 728 1413 in
749 1355 915 1415 secundam
944 1353 1275 1429 descendissepastori-

143 1465 235 1537 ciam,
264 1481 281 1522 e
309 1460 388 1536 seris
419 1469 510 1536 utque
543 1461 714 1535 aprestibus
746 1467 780 1519 ut
807 1460 970 1520 arboribus
997 1451 1042 1540 (lt.
1062 1475 1087 1518 e.
1112 1464 1145 1517 ut
1172 1476 1187 1517 e
1212 1456 1297 1516 ieris

144 1576 231 1646 atque
262 1566 429 1646 agrestibus
464 1560 634 1646 arboribus)
661 1599 700 1609 -
726 1569 904 1640 collipcrent
932 1567 975 1625 ad
1001 1582 1101 1638 usum,
1130 1567 1175 1625 sic
1200 1558 1273 1645 (be
1290 1607 1306 1616 .

143 1674 230 1733 simili
260 1668 362 1754 modo)
397 1693 437 1734 ex
469 1675 651 1735 animalibus
675 1706 716 1714 -
741 1678 995 1734 mansuescerent.
1042 1670 1093 1731 sed
1128 1671 1183 1732 lrae
1211 1670 1306 1731 dua:

143 1780 258 1859 periodi
289 1790 388 1859 partes
416 1780 619 1858 neglegentius
648 1783 727 1841 iuter
751 1798 783 1840 se
812 1781 987 1840 coniunctae
1016 1787 1100 1858 sunt,
1129 1796 1195 1838 cum
1221 1795 1306 1856 poe-

146 1905 215 1948 cum
238 1889 487 1967 coniunctionem,
506 1905 574 1948 cum
595 1905 714 1964 semper
734 1887 832 1963 fuisse
854 1890 894 1947 sit
916 1904 1046 1966 necesse,
1066 1887 1097 1944 iu
1122 1883 1306 1963 parenthesi

149 1997 242 2073 posita
268 1996 327 2053 siut
345 1991 427 2073 haec,
445 1997 509 2054 siue
528 1998 605 2054 enim
624 1996 750 2069 aliquod
768 1993 831 2069 suit
845 1996 1032 2070 principium
1052 1999 1083 2052 el
1101 1995 1164 2053 siue
1181 1999 1306 2053 centr-

146 2104 334 2177 principium
358 2102 466 2160 borum
490 2104 590 2161 extitit
608 2105 722 2162 nullum
742 2118 815 2179 squ,
834 2099 940 2159 deinde
963 2115 1034 2159 tero
1060 2097 1192 2176 neglecta
1213 2099 1306 2158 inst:

147 2206 306 2267 verborum
325 2208 538 2284 compositione
558 2208 593 2267 ad
613 2207 684 2266 lracc
705 2210 777 2287 ipsa,
796 2224 871 2285 quae
891 2206 1066 2284 interposita
1085 2212 1179 2287 erant
1198 2202 1306 2265 alter-

146 2330 215 2392 pars
243 2332 366 2374 necesse
389 2319 434 2373 est
456 2314 647 2387 descendisse
670 2313 843 2393 adplicetur.
881 2314 911 2373 in
935 2311 982 2372 uis
1005 2321 1106 2373 autem
1129 2313 1306 2372 induitin-

145 2422 337 2482 descendisse
365 2437 424 2480 non
454 2419 553 2481 addito
581 2424 700 2482 nomine
729 2421 765 2481 de
794 2418 965 2481 hominibus
997 2419 1095 2480 dietus
1129 2427 1188 2500 est,
1215 2421 1306 2480 sic-

147 2535 248 2606 poslea
274 2546 294 2588 a
317 2531 379 2588 aito
400 2533 553 2605 pastorali
574 2533 618 2590 ad
640 2534 712 2605 apri
734 2534 886 2591 culturum
910 2529 1142 2590 descenderunt.
1187 2527 1306 2588 deinc:

146 2652 185 2695 ac
209 2637 373 2712 posteriore
397 2635 461 2696 loco
486 2635 637 2696 iucundus
661 2636 778 2719 delerit,
802 2638 914 2697 arbuta
938 2637 1111 2697 coniectura
1131 2634 1306 2695 Politian:

146 2742 286 2820 restituit,
310 2744 449 2816 at'rpultis
473 2745 667 2819 decarpenda
688 2746 832 2818 plandem
856 2745 1007 2803 arbutum.

235 2845 430 2909 Siluestria
453 2829 706 2928 dependerent
726 2869 764 2910 ac
788 2847 1049 2910 concluderent
1073 2856 1108 2908 et
1131 2865 1302 2909 mansue

145 2953 307 3032 scerent]
339 2957 573 3032 Deprenderent
604 2955 772 3018 Beroaldus.
819 2964 849 3017 et
879 2954 1148 3030 mansuefacerent
1180 2954 1299 3015 Graue

144 3062 209 3121 rius
238 3059 256 3121 l.
275 3080 309 3137 c.,
333 3070 364 3123 et
387 3064 429 3122 sie
453 3062 562 3141 legitur
585 3060 611 3121 ll
630 3061 699 3145 22
723 3083 791 3125 oues
815 3064 1040 3141 conprehensus
1063 3064 1103 3123 ab
1126 3063 1289 3124 bominibus

143 3187 182 3230 ac
213 3168 449 3246 mansuefactus.
495 3178 528 3231 ut
555 3180 807 3233 mansuescerent
837 3171 970 3232 Rauerus
993 3172 1025 3230 in
1050 3169 1151 3230 Sanct.
1173 3168 1275 3229 llinerr.

142 3272 182 3334 lll
201 3272 221 3336 3
242 3294 268 3354 p.
287 3272 352 3336 489
377 3278 517 3358 coniecit3
542 3277 626 3338 idern
654 3287 751 3340 tamen
771 3288 800 3341 et
819 3287 932 3340 mutato
956 3275 1092 3338 subiecto
1113 3275 1193 3337 verbi
1210 3284 1272 3336 recte

144 3379 202 3441 dici
220 3380 378 3462 adnotavit,
397 3379 444 3443 ‘et
462 3384 510 3444 illa
531 3403 634 3446 mansu
646 3381 806 3445 escerent'.
836 3385 920 3463 plura
939 3387 1004 3446 eius
1023 3386 1145 3464 generis
1163 3382 1268 3463 exempla

144 3489 175 3546 in
199 3486 244 3546 his
269 3484 352 3546 libris
382 3490 585 3565 inveniuntur,
611 3508 685 3569 quae
715 3488 879 3551 editoribus
904 3493 1106 3570 suspicionem
1133 3500 1270 3572 movemur,

143 3589 244 3673 ll,6
275 3611 372 3667 neque
403 3596 509 3670 robipa
538 3596 695 3672 frumenta
726 3606 817 3671 atque
844 3600 972 3659 arbores
999 3603 1170 3675 corrumpit
1197 3615 1269 3672 neque

145 3717 205 3759 non
229 3703 401 3775 tempestiue
420 3704 542 3783 florent,
560 3701 595 3783 ·1,
616 3700 633 3764 t
658 3722 738 3779 quae
762 3722 821 3765 non
846 3708 970 3766 inerunt
991 3712 1022 3767 et
1045 3723 1183 3782 quaeres,
1204 3701 1268 3782 59,3

146 3823 214 3866 cum
236 3806 387 3868 trameant
410 3811 441 3870 in
464 3827 521 3870 sua
545 3813 633 3886 utrae
657 3819 687 3872 et
714 3815 878 3887 demiseris,
902 3810 1040 3894 111,16
1062 3832 1174 3890 preces
1194 3815 1268 3874 amun

145 3915 233 3987 lenae
256 3915 423 3989 ubipuntur
440 3949 478 3961 -
496 3925 586 3992 utque
610 3922 653 3979 ad
676 3921 873 3996 publicanum
893 3924 1089 3998 profitentur,
1115 3919 1143 4002 1,
1157 3919 1195 3984 21
1212 3938 1269 3981 nar·

146 4020 247 4079 besum
272 4040 366 4097 pecus
394 4033 437 4084 est
465 4027 615 4101 uitiosum,
643 4034 672 4087 et
700 4030 842 4102 quonium
867 4046 926 4088 non
949 4031 1043 4109 caut,
1065 4047 1158 4107 saepe
1182 4044 1270 4102 maana

145 4125 326 4202 afficiuntur
360 4132 546 4205 calamitate,
583 4130 611 4213 7,
635 4130 676 4193 10
707 4142 908 4210 praeanatem
940 4152 1040 4211 neque
1076 4139 1190 4214 inplere
1219 4135 1270 4195 cibe

145 4250 242 4305 neqate
261 4236 380 4294 esurire
398 4245 522 4313 eportet,
547 4236 585 4297 lll
607 4236 634 4319 l,
654 4237 674 4300 2
698 4259 738 4300 ecc
759 4244 795 4301 iis
819 4243 939 4302 duabus
956 4245 1105 4319 stirpibus
1121 4248 1158 4317 fit
1179 4242 1270 4303 mucel·

145 4341 206 4397 lum
225 4341 346 4400 tertium
363 4359 459 4415 penus
479 4343 603 4419 fructus
622 4364 718 4407 causa
742 4355 835 4422 atquc
858 4350 1004 4410 incedunt
1023 4353 1055 4411 in
1077 4355 1173 4413 laeum
1189 4363 1270 4422 unua,

148 4439 209 4525 Η
234 4449 320 4505 multi
342 4451 371 4506 in
396 4451 514 4511 tbeutre
538 4469 555 4514 e
578 4456 646 4530 sinu
672 4459 779 4516 missas
799 4455 925 4531 faciunt
948 4464 1041 4533 utque
1065 4461 1110 4521 ad
1130 4461 1215 4520 batn
1233 4471 1270 4515 re·
