2874 4994
180 119 242 184 168
538 124 728 181 contiuua.
748 125 788 180 IN
808 123 966 182 aaronis

177 318 252 381 aqua
275 298 460 361 defendenda
479 299 647 360 accuratius
666 296 771 359 scribit
789 297 949 360 Columella
968 294 1077 378 118,3
1096 304 1232 362 aetenam
1246 302 1309 363 loeis

176 411 335 485 ulipinosis
358 414 450 482 atque
472 409 603 468 exilibus
626 414 680 467 out
694 405 822 483 sripidis
841 414 895 468 out
913 409 1005 468 etiam
1024 410 1129 484 opacis
1144 410 1318 483 plerumque

178 520 259 579 citra
281 516 430 577 kalendas
457 515 602 575 Octobres
625 516 777 575 seminare
800 517 976 589 convenire,
999 509 1085 574 ‘dum
1106 516 1194 575 sicea
1216 517 1361 577 telove-

178 627 256 699 lieet,
276 625 347 684 dum
366 624 471 683 nubila
487 616 645 697 pendent',
664 629 698 680 ul
713 624 803 697 prius
822 626 1037 683 convalescant
1050 623 1176 683 radices
1187 620 1323 696 frumen*

177 737 286 809 torum,
304 747 395 804 qaam
412 730 549 790 bibernis
568 729 715 789 imbribus
729 734 785 788 aut
795 732 948 803 pelicidiis
958 732 1119 806 pruinisve
1133 726 1354 804 infestentur-

177 840 233 899 sed
254 840 390 912 quamvis
413 839 585 912 tempestive
606 838 748 896 sementis
771 835 913 913 consecto
936 839 1009 910 erit,
1032 837 1193 897 cavebitur
1215 844 1388 911 tamm—

178 950 213 1005 ut
230 946 366 1021 patentis
389 946 467 1003 liras
488 944 672 1018 crebrosque
688 946 788 1004 sulcos
807 946 962 1017 aquarios,
985 960 1059 1018 quos
1078 946 1219 1005 nonnulli
1234 946 1393 1005 eliee=

178 1058 301 1129 vocant,
330 1048 485 1126 sociamus
518 1058 546 1109 et
578 1066 693 1110 omrvem
725 1065 859 1109 umorem
887 1051 919 1108 in
947 1052 1107 1124 colliquios
1137 1057 1229 1125 alque
1254 1052 1405 1113 ind=

180 1166 271 1221 entra
298 1165 414 1232 sepetes
442 1158 620 1217 derivemus.
666 1155 744 1234 apud
768 1154 909 1216 Catonem
937 1164 1035 1216 autem
1056 1175 1116 1233 per
1137 1163 1266 1233 reveren
1284 1155 1408 1220 de

179 1273 313 1344 tempore
337 1263 449 1323 dictum
473 1270 527 1342 est,
551 1261 629 1340 quod
654 1263 772 1340 saepius
792 1282 851 1337 per
869 1266 1023 1324 sementim
1041 1262 1124 1344 dixit,
1150 1261 1202 1343 17,
1218 1261 1248 1325 2.
1270 1260 1306 1325 vi
1385 1314 1418 1329 -

180 1369 277 1451 33,1.
300 1367 353 1450 61,
368 1367 398 1430 2.
436 1368 572 1429 similiter
596 1366 625 1448 2,
640 1365 670 1429 3.
695 1365 782 1449 39,2
802 1387 861 1445 per
880 1371 1012 1450 imbrem,
1035 1366 1088 1452 31,
1103 1367 1123 1430 2
1139 1389 1201 1448 per
1217 1388 1426 1449 rorem,

180 1473 271 1560 41,1
293 1497 352 1555 per
373 1480 546 1551 solstitium,
568 1473 621 1556 41,
643 1473 659 1534 1
685 1483 716 1535 et
740 1471 818 1556 115,
837 1472 858 1536 2
878 1495 937 1552 per
959 1480 1154 1552 vindemiam,
1178 1475 1209 1560 2,
1225 1475 1248 1539 4
1266 1495 1431 1555 pe.-

176 1585 290 1663 serias,
314 1591 344 1644 et
370 1583 406 1644 de
431 1581 616 1661 temporibus
639 1585 709 1643 anui
732 1584 851 1661 saepius
870 1602 929 1661 per
953 1591 1107 1660 aestatem
1126 1603 1187 1662 per
1209 1590 1348 1645 aulam:

181 1710 266 1768 num,
290 1710 349 1769 per
371 1693 512 1766 biemem,
536 1708 595 1767 per
618 1708 680 1763 ver,
703 1690 773 1749 item
798 1690 834 1751 de
858 1691 896 1750 iis
920 1708 994 1769 quae
1018 1708 1073 1750 suo
1097 1698 1230 1771 tempora
1253 1692 1373 1753 barr-

180 1794 210 1880 5,
225 1795 254 1861 8.
278 1795 308 1879 6,
323 1793 354 1859 4.
377 1794 429 1878 31,
445 1794 473 1859 1.
498 1794 585 1876 61,2
605 1815 664 1874 per
687 1804 810 1873 tempus.
852 1797 959 1858 deinde
982 1800 1083 1860 sicubi
1104 1817 1187 1874 aqua
1211 1808 1388 1860 cmvstoe
1434 1825 1437 1843 ι

182 1924 217 1966 ax
241 1905 342 1967 codice
362 1903 510 1965 Victorius
534 1905 674 1965 restituit.
713 1906 879 1966 consistere
901 1904 938 1964 dc
962 1904 1121 1966 eademne
1145 1905 1220 1967 dixit
1234 1904 1435 1967 tarr—c·

182 2031 206 2074 r.
229 2029 254 2073 r.
276 2008 361 2093 145,
380 2009 401 2073 2
428 2014 590 2072 videndum
619 2012 730 2072 necubi
757 2030 839 2087 aqua
867 2015 1026 2088 consistat,
1054 2011 1094 2073 ib.
1117 2009 1209 2094 51,1
1234 2021 1278 2089 ut,
1296 2028 1436 2073 57

177 2121 306 2198 pluerit,
334 2137 394 2180 non
422 2122 568 2179 consistat
596 2136 690 2193 aqua,
721 2117 747 2177 ll
770 2116 800 2199 2,
822 2115 862 2179 19
890 2123 984 2180 urina
1012 2121 1124 2181 necubi
1150 2123 1184 2181 in
1210 2120 1436 2181 stabulo

182 2230 345 2298 consislut;
368 2232 511 2287 constare
535 2222 695 2285 Columella
719 2224 743 2282 V
762 2222 826 2306 9,9
849 2228 878 2287 si
900 2234 1015 2288 constet
1038 2230 1069 2288 in
1091 2229 1252 2289 scrobibus
1268 2212 1435 2309 (si-‘¹‘

182 2340 298 2396 constet
333 2333 492 2394 scrobibus
529 2330 622 2391 codex
656 2326 936 2417 Sangermanensis)
968 2353 1063 2410 aqua,
1096 2337 1192 2396 omnis
1223 2337 1318 2396 baur·
1328 2329 1434 2391 i-

183 2444 263 2503 endo
286 2446 338 2500 est.

273 2546 365 2607 CLVI
390 2542 406 2606 1
432 2544 478 2605 De
501 2544 663 2607 brassica
687 2545 780 2625 quod
804 2545 1012 2626 concoquit]
1036 2546 1432 2630 Rubrica,quaei11

183 2653 343 2733 archetypo
363 2655 545 2732 praescripta
565 2662 636 2734 erat,
657 2655 704 2714 De
722 2656 861 2714 brassica
881 2658 963 2730 quod
979 2658 1202 2717 medicamenta
1220 2647 1432 2717 babeat

183 2770 213 2825 et
241 2764 310 2821 aliis
337 2763 380 2821 od
405 2763 587 2822 medicinam
610 2763 848 2842 pertinentibus,
876 2770 906 2821 et
929 2762 1050 2824 brevius
1072 2765 1106 2848 in
1127 2762 1229 2824 indice
1251 2752 1429 2841 περὶ·

184 2868 324 2948 tulornm,
347 2868 494 2928 Brassica
516 2870 599 2943 quod
620 2870 840 2929 medicamenta
864 2871 895 2928 in
918 2888 951 2930 se
974 2871 1094 2945 babeat,
1118 2869 1155 2930 ad
1179 2888 1215 2931 ea
1235 2886 1318 2931 omn
1337 2859 1432 2921 5³

185 2992 260 3056 quae
293 2975 329 3035 dc
361 2975 494 3035 brassica
527 2976 636 3054 scripta
668 2981 738 3035 sunt
765 2976 904 3054 pertinet
956 2975 1008 3037 sed
1037 2976 1109 3037 baec
1137 2978 1169 3037 in
1198 2973 1432 3056 princip*

184 3084 314 3145 editione
343 3086 372 3142 iu
401 3082 475 3144 duas
502 3092 602 3160 partes
630 3080 723 3141 divisa
752 3076 853 3162 erant,
881 3090 915 3143 ut
937 3083 997 3142 duo
1020 3091 1122 3143 essent
1144 3085 1243 3163 capita
1264 3078 1433 3144 cittm

184 3193 249 3253 suis
262 3188 559 3272 praescriptionibus,
578 3189 805 3250 Medicamenta
824 3191 991 3252 brassicae.
1011 3191 1016 3263 Ι
1037 3192 1083 3251 De
1097 3192 1241 3253 brassica
1254 3198 1370 3267 qvo
1425 3192 1430 3220 ‘

185 3302 345 3375 concoquit
365 3316 429 3377 sqq.
453 3303 483 3355 et
505 3314 531 3356 c.
547 3291 609 3357 157
635 3297 712 3368 Quot
730 3297 887 3358 brassicae
903 3315 1021 3372 penore
1040 3305 1069 3359 et
1087 3315 1169 3372 quoe
1186 3306 1361 3360 naturit-

185 3408 342 3482 Prinelpio
370 3411 399 3463 te
426 3420 610 3478 capnoscere
634 3409 751 3480 oportet
773 3421 837 3482 sqq.
883 3403 1036 3484 archetypi
1060 3405 1244 3482 scripturam
1266 3402 1429 3465 1115

185 3514 280 3573 torius
308 3511 454 3589 expressit
481 3511 664 3588 praescripto
693 3509 793 3590 titulo,
822 3528 910 3588 quem
938 3529 974 3571 ex
1003 3510 1100 3571 indice
1130 3510 1281 3591 capitulo
1351 3519 1405 3552 ⁶*
1432 3509 1435 3536 '

186 3620 339 3698 petiverat,
362 3618 508 3678 Brassica
530 3625 602 3691 quot
625 3619 846 3677 medicamenta
870 3620 901 3678 in
924 3636 957 3679 se
975 3619 1096 3678 babeat.
1133 3626 1241 3697 postca
1258 3620 1306 3681 Ge
1344 3626 1421 3659 -2'

186 3743 277 3786 nerus
299 3733 330 3785 et
348 3724 549 3785 Schneiderus
572 3724 747 3784 divisionem
769 3743 785 3784 a
804 3723 916 3785 Merula
934 3725 1040 3785 iactam
1060 3743 1095 3785 ex
1115 3728 1341 3807 antiquissimu
1354 3701 1432 3727 κ

186 3832 366 3894 editionibus
385 3839 565 3911 receperunt
583 3841 614 3892 ct
632 3831 704 3892 hacc
724 3850 800 3909 quae
819 3834 849 3892 in
868 3833 954 3892 initio
973 3833 1082 3910 prioris
1099 3834 1207 3912 capitis
1221 3837 1324 3916 scrip

186 3948 284 4021 erant,
312 3942 350 4000 de
373 3942 512 4000 brassica
534 3940 618 4015 quod
639 3942 814 4014 concoquit,
836 3946 987 4017 tamquam
1011 3939 1113 4018 spuria
1135 3939 1387 4004 incluserat,

185 4047 218 4107 in
236 4045 358 4105 alterins
377 4052 476 4105 autem
496 4047 601 4125 capitis
619 4046 704 4105 initio
724 4064 758 4105 ea
778 4063 852 4125 quae
871 4047 902 4104 in
920 4046 1056 4125 principe
1077 4044 1210 4109 editione
1223 4066 1264 4109 oa
1289 4076 1296 4101 ;
1353 4055 1397 4064 ’”
1428 4049 1432 4053 ’

187 4158 286 4232 crant,
313 4153 351 4212 de
378 4153 516 4214 brassica
540 4153 737 4230 Pytbaporea
760 4154 835 4227 quid
857 4155 889 4214 in
913 4171 950 4214 ea
972 4155 1045 4214 boni
1064 4156 1107 4215 sil
1126 4146 1430 4219 salubritate&

187 4276 254 4333 que,
276 4255 457 4320 deleverunt.
494 4258 567 4320 haec
591 4260 644 4338 sic,
667 4265 700 4319 ut
722 4260 754 4319 in
774 4258 935 4339 archetypo
953 4261 1065 4340 scripta
1083 4266 1179 4342 erant,
1201 4233 1418 4325 mmai
