2874 4994
142 314 207 382 238
491 323 684 379 connexo.
702 325 738 379 ne
761 323 949 382 veeuomo

142 488 304 563 sumuntur
331 498 366 540 ex
391 497 419 539 m
451 478 584 540 ediderat
609 478 766 543 lucendus.
809 487 939 541 veterem
969 479 1129 543 lectionem
1150 479 1251 541 retu
1296 463 1297 467 ¹

143 595 173 675 et
187 586 342 666 explicavit
356 585 515 665 Victorius,
534 581 669 647 ‘iocatur
682 588 712 647 in
728 585 819 647 verbo
836 592 1008 677 sumuntur,
1027 583 1107 665 quod
1124 584 1252 666 simplicem

144 692 327 754 intellectum
352 711 411 753 non
432 691 527 753 hebet.
566 711 633 753 nam
651 710 772 756 sumere
790 702 821 754 et
840 710 926 755 rnenu
947 709 1056 772 cupere
1077 699 1173 754 olore
1188 693 1253 772 dgn'e

48 796 50 801 ’
144 800 221 880 deal,
244 800 273 859 id
298 807 344 861 est
368 799 524 861 comedere
548 817 582 861 ac
606 800 758 861 devorare.
795 798 927 861 ostendit
949 799 1043 879 igilur
1061 816 1094 860 se
1114 797 1255 878 loqoinlle

145 905 181 967 de
204 905 374 987 ornithone,
397 925 413 966 e
438 924 497 986 quo
521 914 700 986 promuntur
724 906 814 987 turdi,
837 923 896 968 non
916 907 948 967 ln
962 901 1032 987 lquo
1054 912 1189 988 appono
1207 922 1257 967 eor

144 1013 220 1072 virio
244 1009 400 1074 eduntur'.
1142 1056 1145 1060 -

231 1118 393 1181 'lestndo
418 1130 455 1182 ut
478 1120 692 1209 peristylum
716 1127 851 1182 tectum
877 1117 1030 1198 tegnlis]
1059 1119 1099 1182 Ut
1111 1121 1260 1197 mutulen
1307 1191 1308 1194 Ἴ

146 1226 236 1287 editio
260 1228 401 1307 princepe
425 1246 440 1287 a
464 1226 608 1288 Politiano
633 1245 669 1286 ex
693 1226 853 1307 archetypo
879 1245 940 1289 non
963 1233 1102 1289 correcte
1127 1226 1262 1305 etopdn
1307 1212 1308 1216 ¹

145 1333 327 1415 apographa,
350 1340 384 1394 ut
403 1337 584 1412 peruentum
607 1332 700 1393 codex
725 1332 929 1415 Florentinus,
954 1342 992 1395 ut
1010 1336 1194 1411 eperistm
1211 1330 1262 1393 Cre
1308 1317 1310 1347 ⁵

144 1456 243 1517 senas,
267 1446 301 1500 ut
319 1444 512 1518 peristyliuru
531 1438 701 1500 Beroaldus.
740 1449 804 1515 out,
827 1440 905 1519 qood
925 1459 962 1501 cx
981 1439 1076 1501 allero
1095 1437 1194 1500 codice
1209 1437 1262 1499 Poli-
1309 1425 1312 1459 ²

147 1546 219 1605 tiani
242 1564 296 1625 pro
326 1554 360 1608 ut
382 1546 533 1608 Gesnerus
558 1547 728 1627 adscripsit,
756 1548 855 1626 polius
885 1548 1078 1607 coniecturae
1102 1545 1265 1608 tribuendum

146 1661 204 1714 est:
228 1651 285 1714 hoc
310 1652 511 1714 Schneiderus
534 1654 656 1731 recepit.
694 1653 812 1713 testudo
836 1654 866 1713 in
886 1653 1006 1715 modom
1026 1652 1162 1734 peristyli
1182 1651 1266 1731 tegnlr

147 1768 199 1820 aut
222 1766 286 1820 rete
310 1761 383 1820 tecti
406 1759 534 1838 paranda
559 1768 612 1820 est.

234 1864 271 1926 ln
300 1884 367 1945 qua
395 1865 492 1926 milia
524 1865 670 1945 aliquod
705 1865 894 1928 turdorum
922 1883 960 1926 ac
988 1864 1203 1926 merularum
1229 1867 1267 1925 in·

145 1970 293 2032 cludere
317 1973 459 2051 possint
482 1972 623 2050 quidam
647 1991 723 2033 cum
747 1991 787 2034 eo
811 1971 974 2032 adiciant
992 1981 1184 2052 praeterea
1204 1988 1268 2033 aues

147 2077 236 2138 elias
264 2077 425 2158 quoquc]
457 2080 626 2141 Praeterea
654 2078 746 2140 codex
776 2079 966 2140 Florentinus
994 2087 1025 2139 et
1055 2098 1092 2139 ex
1125 2079 1269 2158 anheqp,

152 2193 185 2245 nt
208 2183 333 2264 videtur,
356 2182 514 2246 Victorius.
549 2192 677 2263 praeter
700 2204 737 2247 cu
760 2184 923 2246 Politianus
948 2187 979 2247 in
1003 2188 1141 2266 principe
1164 2185 1270 2246 editione

147 2309 207 2351 non
235 2293 374 2352 correxit.
413 2300 542 2369 praeter
569 2311 622 2353 eas
648 2292 685 2373 Α,
709 2299 889 2369 praetereat
912 2290 935 2350 B
962 2301 994 2352 et
1020 2292 1115 2354 codex
1141 2291 1271 2352 Caeaem

144 2400 270 2474 quidam
293 2416 362 2460 cum
386 2417 421 2460 eo
444 2402 596 2467 adiiciunt
614 2407 741 2476 praeter
764 2417 802 2460 eo
825 2402 904 2460 ullus
931 2416 1051 2474 quoquc
1075 2398 1200 2478 Merula,
1224 2400 1272 2473 qui

146 2507 216 2565 dum
239 2523 308 2566 curu
331 2523 366 2567 eo
395 2508 546 2567 adiiciunt
565 2513 694 2582 practer
717 2524 769 2566 ecs
793 2523 864 2567 oues
887 2508 966 2566 olias
988 2522 1111 2581 quoque
1133 2503 1273 2583 lncnndos,

146 2610 195 2671 ubi
217 2618 345 2687 praeter
368 2629 421 2673 eus
444 2629 515 2672 oves
537 2610 631 2672 deleri
655 2611 748 2672 voluit
771 2609 905 2691 Ursinus
926 2618 1095 2688 praetereo
1119 2608 1275 2673 duesdedit

146 2714 303 2777 Victorius.
344 2720 482 2778 restituto
510 2719 702 2778 coniunctivo
731 2720 882 2792 adiciant,
911 2735 966 2797 pro
994 2736 1054 2796 quo
1083 2720 1232 2779 adludunt
1248 2733 1274 2775 ex

147 2821 251 2882 Aldina
275 2822 405 2884 editione
428 2825 458 2882 in
483 2823 612 2903 reliquas
636 2824 782 2885 editiones
801 2831 995 2903 propagatum
1016 2834 1090 2904 erut,
1114 2821 1203 2884 verba
1222 2822 1276 2882 olin

145 2946 234 3007 prava
259 2928 449 2990 distinctione
473 2929 613 2992 distracta
637 2934 667 2992 in
692 2949 780 2992 onam
801 2932 978 2991 sententiam
999 2929 1113 3011 redegi,
1138 2931 1278 2992 includere

141 3039 271 3118 possint,
299 3039 423 3111 quidum
451 3056 519 3098 curu
548 3057 582 3100 eo
610 3042 749 3099 adiciunt
772 3045 938 3114 praetereo
968 3056 1040 3099 oues
1069 3040 1151 3099 clius
1169 3053 1279 3112 quoque.

144 3160 210 3202 narn
244 3145 344 3222 inepte
377 3144 507 3206 editores
541 3164 556 3204 a
592 3146 766 3224 pronomine
799 3146 923 3219 quidam
956 3162 1049 3204 novae
1081 3143 1280 3205 enuntiationis

145 3251 261 3309 initium
287 3251 427 3311 lecerunt.
473 3255 551 3313 alios
575 3260 673 3311 autem
698 3261 765 3331 post
789 3268 896 3311 nomen
921 3252 1052 3330 positum
1078 3257 1127 3311 est
1146 3249 1280 3330 frequenti

144 3356 220 3434 epod
245 3356 407 3417 Varronem
431 3377 501 3438 rrsn,
525 3356 537 3417 l
557 3356 586 3438 2,
606 3356 646 3418 21
672 3334 827 3418 resullae
846 3360 995 3437 diuersae,
1018 3354 1051 3437 9,
1070 3352 1092 3419 5
1112 3360 1280 3419 discrimino

143 3464 304 3522 subtiliora
328 3467 401 3544 aliu,
424 3462 448 3523 ll
470 3462 533 3544 2‚8
557 3468 691 3540 uirgulta
715 3468 791 3543 olio,
815 3461 854 3522 lll
876 3460 964 3545 10,5
985 3462 1180 3540 frumentum
1202 3463 1282 3534 uliud,

144 3564 288 3646 11112,1
315 3571 345 3629 in
369 3573 443 3630 locis
466 3574 543 3631 aliis.

234 3670 254 3733 2
291 3675 468 3737 Colurniccs
500 3678 529 3737 in
553 3679 688 3756 principe
718 3677 847 3738 editione
870 3676 1035 3737 Politianos
1064 3695 1127 3738 non
1158 3676 1283 3752 correxit,

143 3782 338 3840 conturnices
368 3800 410 3860 m,
443 3786 613 3844 coturnices
640 3783 746 3862 reliqui
775 3782 843 3844 libri
872 3801 989 3863 omnes,
1021 3791 1053 3843 ct
1080 3782 1143 3844 hoc
1171 3785 1199 3844 in
1228 3785 1283 3860 ipso

146 3878 305 3966 archetypo
329 3886 398 3947 olim
422 3889 577 3969 scriptum,
601 3897 703 3966 postea
728 3897 896 3949 correctum
921 3887 1013 3948 fuisse
1038 3887 1169 3950 videtur.

233 3992 381 4052 Canales
396 4004 547 4072 angusta
556 3992 589 4071 s]
605 3997 740 4070 Angusto
756 4013 794 4076 m,
808 4002 956 4070 angustae
970 3992 1081 4072 reliqui
1094 3992 1167 4056 libri
1181 4010 1281 4057 omnes

146 4096 287 4157 feminino
311 4116 420 4176 genere
444 4104 563 4162 conule's
585 4099 677 4161 Varro
701 4103 730 4161 in
754 4101 801 4162 iris
829 4099 913 4161 lilrris
941 4108 1063 4180 praeter
1091 4100 1282 4164 hunc'locnn

144 4201 190 4261 bis
223 4203 305 4278 dixit,
338 4201 376 4261 lll
396 4201 464 4284 l,8
498 4216 528 4267 et
564 4205 611 4287 ll,
630 4206 665 4288 2,
697 4206 861 4269 masculino
894 4224 1074 4288 numquam3
1113 4210 1186 4270 item
1217 4203 1283 4286 apud

144 4306 278 4365 Servium
312 4309 340 4367 in
376 4308 459 4388 Verg.
488 4330 587 4391 georg.
616 4313 652 4373 IV
680 4311 746 4376 265
785 4314 885 4375 Varro
923 4316 1118 4376 diuinorum*
1140 4317 1218 4377 libro
1247 4311 1285 4372 Vr

144 4404 284 4473 ‘conules
311 4433 363 4475 eas
395 4420 523 4493 despicit
544 4416 700 4495 templum'
733 4423 897 4498 (decrescit
920 4423 1031 4497 templo
1055 4420 1181 4496 codex),
1205 4419 1282 4496 serni·
