2874 4994
256 334 305 390 DE
324 335 413 391 AGRI
433 334 605 391 CVLTVRA
625 289 813 393 nonnullo.
835 337 1008 395 137—139
1143 332 1206 396 143

151 488 188 550 Si
215 489 303 551 deus
331 493 362 551 si
387 491 471 552 deae
500 493 664 571 squoium
687 492 777 553 illud
806 511 946 554 sacrum
975 504 1030 555 est
1057 497 1111 556 uti
1138 495 1207 555 tibi

53 599 116 658 ius
150 605 206 658 est
237 617 347 677 porco
379 599 521 678 piaculo
555 602 674 661 iacere
708 600 853 661 illiusce
883 604 978 662 sacri
1010 605 1207 664 coercendi

54 721 145 782 ergo
169 705 364 784 irarumque
388 723 507 766 rerom
531 725 614 786 ergo
636 708 714 767 siue
732 725 795 785 ego
815 709 892 768 siue
913 711 992 788 quis
1012 711 1113 771 iussu
1132 729 1206 770 meo

55 810 195 872 lecerit
224 813 277 872 uti
304 812 338 872 id
369 821 469 873 recte
498 813 628 874 lactum
661 812 744 892 siet]
774 816 841 888 Dec,
869 819 1006 890 squoium
1035 817 1206 896 Pontianus

52 936 119 978 non
144 922 221 980 deae
242 937 395 995 squorum,
419 929 452 980 nl
475 928 521 980 est
539 920 615 999 apud
637 920 809 982 Gesnerom
838 926 867 981 si
884 926 958 983 deus
976 927 1004 984 si
1022 926 1098 985 deae
1117 928 1204 985 cuius

55 1028 140 1086 illud
159 1044 282 1088 sucrum
305 1034 365 1106 est,
392 1031 439 1087 uti
460 1030 517 1088 tibi
538 1032 585 1089 ius
608 1036 652 1089 est
671 1047 767 1105 porco
787 1032 912 1105 piaculo
939 1028 1061 1105 faeere,
1091 1034 1207 1091 illiusce

54 1136 149 1194 sacri
169 1135 334 1195 coercendi
355 1152 437 1210 erpa
474 1136 645 1211 lorumque
667 1154 771 1197 rerum
795 1155 868 1211 erqo
891 1142 958 1198 siue
980 1156 1035 1213 eoo
1058 1141 1120 1198 siue
1139 1141 1207 1212 quis

56 1243 146 1301 iussu
174 1258 237 1302 meo
262 1240 388 1316 fecerit,
416 1245 463 1302 uti
489 1244 522 1302 id
540 1241 665 1317 fecerit,
693 1251 777 1304 recte
801 1241 920 1318 suctum
946 1247 1004 1306 siet
1026 1242 1151 1324 Merula,
1179 1247 1208 1304 si

57 1349 146 1423 daos,
169 1351 198 1407 si
219 1350 293 1423 dea,
317 1351 406 1409 cuius
429 1351 506 1409 illud
527 1368 650 1410 sacrum
675 1359 730 1426 est,
759 1355 806 1411 uti
827 1353 884 1411 tibi
905 1355 952 1411 ius
974 1355 1032 1412 siet
1056 1384 1094 1393 —
1120 1369 1204 1412 coer·

56 1457 155 1515 cendi
180 1472 262 1530 erpo.
307 1458 478 1530 uarumque
505 1474 609 1516 reram
639 1475 713 1532 erpo
739 1461 802 1519 sice
830 1477 902 1533 epo,
934 1461 996 1518 siue
1023 1461 1090 1533 qua
1124 1462 1205 1519 iussu

57 1577 128 1622 meo
147 1559 268 1637 fecerit,
291 1565 339 1622 uti
361 1565 395 1623 id
416 1570 501 1623 recte
520 1561 639 1638 sactum
662 1568 720 1625 siet
742 1563 907 1640 lucundus,
935 1569 963 1625 si
986 1568 1072 1645 deus,
1100 1569 1128 1625 si
1150 1569 1207 1626 dea

57 1686 103 1747 es,
126 1671 248 1742 quoium
272 1671 350 1729 illud
370 1687 493 1729 sacrum
517 1677 569 1749 est,
593 1674 640 1730 uti
661 1673 718 1731 tibi
740 1675 787 1732 ius
805 1675 862 1733 sict
883 1705 920 1714 -
942 1675 1106 1734 coercendi
1125 1691 1208 1747 erpo.

57 1777 211 1837 harumce
238 1794 342 1838 rerum
371 1795 444 1852 erpo
475 1795 539 1855 sqq.
563 1776 720 1838 Victorius.
767 1782 813 1839 uti
839 1781 896 1839 tibi
922 1784 969 1841 ius
996 1788 1052 1856 esi,
1081 1780 1133 1840 ubi
1161 1783 1207 1840 ius

56 1885 118 1942 siet
145 1901 182 1944 ex
205 1882 308 1943 Aldina
337 1884 466 1943 editione
495 1882 644 1962 vulgatum
674 1893 750 1966 erat,
780 1904 816 1945 cx
844 1886 1004 1965 archetypo
1032 1888 1151 1947 restitui
1178 1894 1208 1946 et

58 2007 183 2067 pravam
216 1989 374 2051 verborum
408 1991 647 2072 distinctionem,
681 2010 737 2069 qua
771 1991 902 2069 singulae
933 2001 1032 2070 partes
1066 1992 1207 2054 formulae

57 2097 245 2174 precationis
268 2096 427 2158 distractae
451 2106 544 2176 erant,
569 2100 699 2178 correxi,
723 2102 750 2158 si
772 2101 860 2179 deus,
883 2103 911 2158 si
934 2101 991 2159 deo
1015 2119 1058 2175 es,
1087 2104 1208 2176 quoium

58 2206 141 2264 illud
165 2222 289 2264 sacrum
317 2213 375 2285 est,
403 2208 450 2265 uti
476 2207 532 2265 tibi
558 2208 606 2264 ius
628 2212 672 2266 est
699 2222 795 2281 porco
815 2208 939 2281 piaculo
959 2205 1070 2281 secere
1093 2210 1210 2268 illiusce

21 2358 25 2365 .
56 2313 150 2370 sacri
164 2313 329 2372 coercendi
341 2329 414 2387 erpo
428 2313 598 2387 harumque
612 2328 716 2371 rerum
736 2329 809 2386 erpo
831 2344 868 2354 -
890 2315 937 2372 ute¹
950 2316 983 2373 id
995 2321 1079 2373 recte
1089 2312 1208 2389 sactum

57 2419 128 2495 siet,
162 2420 227 2478 eius
260 2421 309 2479 rei
339 2436 413 2493 erqo
447 2396 518 2497 sqq.¹
543 2450 587 2460 -—
619 2421 706 2478 socri
736 2421 920 2493 coinqueadi
946 2438 1019 2495 erpo
1048 2418 1209 2481 Salmasius

58 2525 185 2584 exercit
205 2523 279 2584 Plio.
298 2543 327 2603 p.
343 2521 410 2586 412
428 2527 556 2586 coniecit
574 2523 639 2585 coll.
659 2523 739 2585 Paul.
759 2543 822 2585 erc.
841 2525 918 2585 Fest.
938 2545 966 2605 p.
980 2522 1032 2606 65,
1054 2523 1094 2587 19
1122 2528 1207 2588 Ceiu-

58 2649 158 2707 quere
177 2648 330 2693 coercere.
367 2635 532 2693 coercendi
549 2631 691 2691 lilarinius
706 2633 767 2692 nati
786 2650 802 2692 e
821 2635 1005 2694 monumenti
1019 2632 1097 2711 degli
1111 2632 1208 2693 Arrali

58 2755 90 2817 p.
111 2734 176 2798 309
201 2736 333 2798 defendit
356 2748 386 2799 el
405 2738 572 2817 exemplum
592 2741 656 2798 eius
676 2738 757 2798 verbi
777 2738 936 2818 adscripsit
955 2742 1031 2819 apud
1051 2739 1208 2820 Ulpianum
1274 2775 1277 2780 .

57 2844 175 2922 Digest.
194 2843 285 2904 XLlll
303 2843 355 2927 27,
376 2843 392 2906 1
415 2845 435 2922 ὅ
455 2842 472 2905 7
499 2848 609 2907 deiude
632 2849 676 2906 ait
696 2854 825 2922 praetor
849 2838 940 2922 ‘quae
958 2851 1054 2909 ardor
1072 2866 1112 2909 eu
1131 2866 1208 2922 aare

59 2959 117 3012 tuo
150 2955 181 3012 ia
211 2970 321 3027 aarum
350 2956 429 3014 illius
458 2956 621 3033 impendet,
652 2957 681 3012 si
701 2972 761 3029 per
792 2961 821 3013 te
848 2962 908 3014 stat
935 2959 1093 3029 quominus
1117 2957 1210 3030 pedes

57 3061 237 3134 quindecim
260 3077 279 3119 a
303 3067 390 3119 terro
414 3077 481 3120 eum
504 3062 595 3119 altius
619 3077 772 3138 ederacee,
798 3068 952 3135 tuncque
976 3065 1074 3121 miuus
1098 3065 1143 3121 illi
1165 3066 1208 3121 ita

58 3184 210 3227 coercere
232 3169 377 3241 licitoque
399 3167 459 3226 sibi
480 3167 594 3226 uouere
617 3168 717 3240 liceat,
741 3169 799 3225 vim
820 3169 893 3240 fieri
921 3161 1007 3228 ueto'.
1053 3179 1209 3228 coercetur
1248 3186 1260 3208 ·

58 3280 164 3333 autem
191 3271 236 3333 vel
264 3271 440 3333 conlocatur
468 3271 570 3353 lucus,
603 3291 672 3332 cum
699 3271 821 3332 arbores
850 3272 894 3332 vel
923 3275 998 3332 rami
1025 3273 1209 3334 luxuriantes

59 3380 254 3461 deciduntur,
278 3398 315 3439 ne
339 3379 400 3439 luci
424 3379 567 3440 alliciant:
591 3379 668 3439 Fest.
688 3397 715 3457 p.
736 3376 809 3457 348,
827 3376 868 3440 16
893 3380 1064 3440 Sublucore
1082 3383 1210 3442 arbores

60 3495 111 3549 est
132 3505 235 3549 ramos
258 3505 365 3549 earum
388 3498 557 3563 supputare
580 3496 608 3548 et
632 3489 724 3548 veluti
745 3495 850 3563 suptus
873 3490 970 3548 lucem
990 3490 1117 3568 mittere,
1140 3506 1210 3548 eon·

64 3598 178 3655 lucare
201 3602 301 3655 autem
324 3597 452 3656 succisis
474 3596 638 3654 arboribus
659 3597 758 3654 locum
782 3597 898 3671 inplere
921 3597 996 3655 loce.
1043 3593 1122 3654 Paul.
1147 3613 1210 3655 exc.

65 3701 148 3763 Fest.
167 3720 196 3781 p.
215 3699 255 3762 37
262 3749 271 3781 ,
292 3699 333 3763 12
364 3703 534 3762 Conlocare
561 3704 717 3775 dicebaut,
745 3720 814 3761 cum
838 3701 993 3779 profanae
1015 3706 1109 3762 siloae
1131 3706 1212 3762 rami

66 3811 287 3870 deciderentur
313 3807 481 3884 officientes
508 3811 622 3869 lumini.
668 3807 771 3868 eodem
802 3808 887 3868 modo
912 3809 1025 3869 Plinius
1050 3808 1125 3868 XVll
1146 3807 1208 3870 267

67 3916 191 3978 Catonis
217 3921 375 3995 praecepta
403 3917 617 3993 interpretatus
647 3923 706 3995 est,
735 3918 813 3976 idem
837 3917 964 3976 ardores
986 3920 1145 3990 relipiosas
1168 3921 1211 3976 lu-

67 4042 180 4100 cosque
206 4025 328 4084 succidi
348 4025 489 4100 permisit
514 4026 670 4096 sacrificio
695 4026 784 4099 prius
811 4020 911 4102 sacto,
945 4026 1034 4082 cuius
1062 4026 1210 4081 rationem

65 4133 334 4208 precationemque
358 4133 461 4192 eodem
483 4133 632 4191 uolumine
650 4131 788 4189 tradidit.
816 4126 922 4188 deinde
942 4130 1089 4188 harumce
1107 4146 1211 4188 rerum

72 4255 143 4313 erpo
171 4256 208 4297 ex
236 4237 365 4298 editione
389 4237 511 4298 Victorii
534 4244 688 4313 receptum
711 4242 787 4295 erat:
819 4238 988 4309 laurumque
1010 4253 1113 4296 rerum
1137 4253 1211 4310 erpo

73 4362 106 4404 ex
134 4362 224 4405 manu
252 4346 371 4422 scriptis
399 4344 484 4406 libris
512 4345 642 4424 restitui,
670 4342 698 4403 h.
723 4361 748 4403 e.
772 4351 805 4402 ut
833 4340 887 4402 tibi
911 4341 1008 4402 lacero
1035 4344 1083 4402 ius
1113 4350 1212 4402 estet

75 4449 175 4514 harum
207 4469 311 4512 rerum
342 4470 421 4530 ergo.
467 4452 503 4513 de
537 4452 630 4512 sacris
657 4449 858 4530 piacularibus
886 4448 946 4510 luci
976 4448 1155 4527 coinquendi
1185 4459 1215 4509 ct
