2874 4994
176 318 219 384 42
487 319 492 325 ’
523 325 715 383 ΟΟΜΜΕΝΤ.
732 327 774 383 IN
791 325 979 384 VARRoNIS

176 486 254 545 haec
273 491 380 562 posteo
403 502 423 545 a
442 485 558 560 inperio
581 491 701 545 centum
719 486 861 546 centuria
884 485 977 559 dicto,
995 501 1076 560 quae
1094 485 1235 561 duplicdo

177 594 332 667 quadrato
347 591 507 672 iucundus,
521 594 599 652 hoec
610 600 717 669 posteo
731 610 751 653 α
765 599 885 655 centum
899 595 1042 654 centuria
1055 593 1149 653 dicta.
1172 599 1243 654 cento

179 706 224 761 est
245 701 412 774 quadrata·
425 697 582 760 Victorius:
617 702 746 760 heredia
769 707 888 761 centum
912 702 1054 760 centuria
1078 701 1164 760 dicta
1188 701 1243 760 coni

177 805 329 867 llercerus
357 805 376 866 l.
396 824 435 885 c,
467 808 545 868 doec
569 809 670 883 posita
698 814 818 868 centum
850 809 992 868 centuria
1019 804 1192 868 llultsohius
1217 823 1243 867 u]

176 911 314 993 philolog.
338 931 363 974 a.
389 910 475 976 1880
501 931 530 992 p.
553 910 618 975 263
651 920 681 974 et
708 915 739 974 in
766 912 940 993 lletrologia
965 933 994 994 p.
1013 908 1066 976 85.
1104 915 1243 975 accumtio

177 1022 329 1081 centuriae
357 1020 559 1082 definitionem
587 1021 669 1081 dedit
697 1020 789 1082 Varro
816 1021 853 1084 de
882 1021 950 1101 ling.
974 1021 1024 1083 lat.
1048 1016 1149 1104 V35,
1177 1028 1243 1083 cent

173 1130 306 1204 primum
334 1147 354 1188 o
383 1135 502 1188 centum
531 1131 688 1204 inperibus
718 1132 803 1191 dicta
831 1136 884 1204 est,
908 1135 979 1206 post
1004 1131 1166 1206 duplicata
1192 1131 1243 1190 reti

177 1253 292 1310 nomen,
317 1242 346 1295 et
367 1234 424 1295 hoc
443 1241 564 1295 auctore
584 1234 744 1296 Columella
763 1234 786 1293 V
803 1233 831 1316 1,
847 1233 865 1297 7
889 1239 1060 1297 centuriam
1080 1253 1165 1297 nunc
1182 1238 1243 1298 dici

176 1348 209 1403 ot
232 1344 310 1403 idem
340 1342 438 1403 Varro
462 1345 517 1422 ait,
540 1344 738 1403 ducentorum
762 1344 902 1418 luperam
924 1344 1062 1413 neudum
1085 1345 1157 1403 olim
1175 1347 1243 1403 outo

175 1456 294 1511 centum
318 1451 475 1524 inperitos
497 1451 667 1510 vocabatur
690 1453 840 1525 centurio,
863 1452 919 1511 sed
935 1467 1007 1510 mox
1029 1452 1190 1526 duplicata
1210 1468 1243 1510 no

174 1561 309 1618 retinuit.
351 1557 406 1617 lios
438 1563 560 1617 secutus
589 1565 635 1617 est
663 1556 828 1639 lucundus‚
861 1574 930 1617 cnm
958 1554 1084 1616 eandem
1117 1555 1243 1616 delinitio

174 1663 320 1725 hocloco
348 1665 536 1743 exprimeret.
572 1663 627 1723 sed
655 1682 692 1723 ne
720 1663 828 1742 reliqui
855 1664 989 1744 quidem,
1017 1680 1158 1741 quorum
1176 1662 1243 1723 lecti

175 1773 388 1852 supraposui,
415 1769 591 1831 brevitatem
614 1773 761 1831 sermonis
784 1770 958 1831 Varroniani
984 1777 1212 1851 perspexerunt
1240 1789 1243 1830 t

174 1882 251 1941 doec
283 1887 404 1940 centum
436 1885 506 1939 sunt
538 1885 659 1938 centum
690 1876 825 1959 heredia,
859 1895 934 1956 quae
967 1884 1084 1956 postea,
1116 1874 1147 1936 id
1176 1885 1243 1955 ostj

175 1985 347 2064 Romulum,
374 2004 390 2045 a
418 2003 476 2064 quo
504 1984 659 2046 heredium
683 1986 851 2046 institutum
875 1993 952 2066 erat,
980 1982 1124 2063 appellata
1153 1991 1243 2044 sunt<

175 2096 260 2156 turia.
297 2094 404 2154 deinde
426 2096 505 2154 hoec
523 2111 620 2170 porro
643 2091 754 2153 habent
775 2091 844 2153 libri
862 2093 1056 2172 recentiores,
1075 2089 1129 2151 scd
1148 2093 1206 2152 liae
1217 2109 1243 2168 pt

174 2204 357 2282 antiquiores
376 2219 444 2262 cum
463 2202 598 2280 principe
618 2200 746 2261 editione
767 2218 782 2260 a
801 2198 945 2259 Politiauo
966 2216 1025 2259 uon
1043 2207 1166 2259 mutata.
1195 2197 1243 2258 dist

175 2312 284 2371 tionem
309 2308 478 2389 verborum,
502 2326 576 2386 quae
600 2308 669 2368 olim
693 2325 797 2387 parum
822 2315 958 2368 accurata
978 2304 1139 2387 terebatur,
1162 2308 1243 2386 itaqu

175 2419 250 2478 ratio
274 2418 421 2477 sermonis
442 2415 613 2475 Varroniani
632 2424 662 2474 et
680 2432 729 2474 res
749 2416 811 2494 ipsa
831 2411 1006 2494 postulabat,
1025 2415 1154 2493 correxi,
1176 2419 1243 2474 cent

174 2532 218 2586 est
241 2528 405 2598 quadrata,
429 2526 461 2583 in
484 2539 585 2583 omnes
607 2530 753 2597 quattuor
773 2528 880 2598 portes
903 2525 937 2581 ut
958 2521 1072 2580 noceat
1089 2523 1191 2580 latero
1203 2537 1243 2595 po

174 2633 307 2691 MMGD.
324 2612 398 2692 'tae
422 2647 518 2705 porro
545 2637 703 2707 quattuor,
737 2631 897 2690 centuriae
926 2629 1111 2688 coniunctae
1138 2633 1173 2686 ut
1196 2628 1243 2686 siit

173 2744 475 2815 utramquepartem
498 2738 596 2810 binae,
621 2740 815 2814 appellantur
838 2753 902 2814 sqq.

262 2851 301 2905 XI
322 2843 338 2906 1
373 2843 480 2915 Onam
512 2842 644 2904 modus·
660 2841 879 2922 postulauit]
908 2842 1019 2903 Modus
1039 2840 1136 2917 fundi
1154 2845 1243 2918 postu

139 2972 152 3013 .·
174 2952 293 3031 scripsi:
317 2970 384 3013 nam
408 2950 492 3011 iundi
515 2950 690 3029 significatio
713 2951 810 3011 omitti
833 2968 893 3010 non
915 2957 1040 3028 poterat.
1062 2948 1198 3025 ,sendus
1212 2965 1243 3026 pc

173 3062 247 3119 tavit
270 3058 338 3119 olim
362 3060 555 3121 conieceram.

261 3163 283 3228 2
315 3164 440 3227 Villam
469 3166 730 3227 aedificandam
760 3167 989 3245 potissimum
1016 3174 1055 3226 ut
1085 3167 1184 3226 intra
1214 3183 1243 3226 sc

174 3272 282 3333 uillae
300 3271 429 3334 habeat
447 3291 572 3354 aquam
585 3271 730 3355 -12,1
752 3273 899 3334 dandam
918 3271 1080 3352 operam]
1108 3273 1243 3336 Villomo

169 3383 326 3454 licendum
355 3399 391 3441 ex
425 3384 596 3443 coniectura
624 3381 808 3442 Pontederae
836 3390 866 3443 et
894 3379 1002 3441 deinde
1029 3383 1167 3442 Modum
1194 3398 1243 3460 ope

174 3505 210 3547 ex
238 3487 355 3548 Iuntina
384 3487 512 3549 editione
542 3488 623 3550 dedit
647 3489 811 3570 Gesnerus,
839 3487 918 3568 quod
946 3505 1043 3567 nuper
1071 3486 1243 3551 deienditi

174 3592 295 3674 richius,
325 3596 377 3672 qui
404 3595 434 3653 in
464 3593 653 3656 Varronianis
676 3596 688 3656 l
711 3616 739 3676 p.
765 3595 781 3657 1
808 3614 872 3676 sqq.
909 3595 945 3656 de
978 3614 1034 3657 usu
1068 3595 1209 3676 gerundii
1237 3613 1243 3655 r

174 3698 334 3761 Varronem
358 3708 496 3762 accurate
520 3701 689 3782 disputavit.
725 3707 797 3764 oilla
821 3703 1018 3776 aedificanda
1040 3709 1073 3763 et
1095 3705 1203 3764 danda
1222 3719 1243 3779 q

173 3807 293 3885 scripsi:
317 3825 385 3868 nam
413 3809 452 3868 ita
481 3810 601 3888 scripsit
629 3807 720 3869 Varro
744 3809 756 3868 l
778 3805 863 3889 17,5
895 3810 1060 3883 dandoque
1083 3826 1181 3886 opero
1199 3818 1229 3871 ct

173 3916 277 3976 danda
300 3933 408 3992 opero,
438 3933 498 3975 nou
527 3919 661 3977 dandum
690 3934 823 3993 operam.
860 3917 1038 3977 sententiam
1068 3916 1226 3978 verborum

174 4023 261 4082 vertit
285 4021 496 4104 Schneiderus,
518 4041 586 4083 cum
610 4027 699 4084 villae
721 4021 829 4083 Ursino
853 4030 974 4084 auctore
999 4021 1093 4084 deleri
1114 4024 1208 4106 vellet,
1229 4042 1243 4104 q

172 4130 284 4189 iubeat
302 4128 338 4189 de
360 4128 425 4189 villa
440 4129 552 4190 dictum
568 4139 655 4210 esset,
675 4148 735 4191 non
754 4130 790 4191 de
810 4130 930 4191 domino
949 4129 1043 4211 tundi,
1058 4131 1095 4192 de
1120 4149 1179 4212 quo
1196 4131 1243 4192 dio

171 4252 281 4314 genere
305 4235 415 4296 dictum
439 4245 486 4297 cst
508 4234 569 4317 12,
584 4234 637 4297 21.
673 4238 698 4298 is
728 4240 780 4317 qui
807 4237 904 4298 villam
929 4236 1067 4299 aedificat
1092 4240 1134 4300 ita
1160 4238 1243 4299 aedili

173 4341 270 4422 debet,
294 4351 326 4403 ut
349 4345 536 4422 potissimum
560 4345 637 4404 intra
661 4351 762 4424 saepta
786 4343 870 4406 villae
894 4362 1001 4424 aquam
1024 4344 1142 4427 habeat,
1167 4345 1243 4406 vols

173 4448 237 4509 lieri
261 4466 319 4508 non
343 4456 449 4530 potest,
472 4460 506 4510 ut
529 4466 617 4529 quam
640 4451 774 4529 proxime
798 4450 912 4512 habeat.
