2874 4994
357 337 408 392 DE
427 339 515 395 AGRI
535 338 707 396 CVLTVRA
725 341 866 397 LIBRVM
885 343 914 398 (l.
936 341 999 399 157
1189 336 1251 401 179

45 488 239 573 utenda,
269 511 371 555 omnes
403 498 588 556 articulares
620 497 739 558 morbos
768 500 884 573 poteris
911 501 1063 573 expellere
1091 497 1251 559 lucendus,

45 601 262 678 archetypi
280 598 438 662 lectionem
458 600 606 664 Victorius
626 602 769 684 exhibuit,
789 603 840 665 sed
860 607 920 665 boc
938 608 967 664 si
983 609 1079 665 uteris
1097 624 1133 665 ex
1147 605 1252 666 Aldina

47 709 241 778 editione
261 709 395 770 retinuit.
440 728 494 788 pro
519 710 564 770 his
587 713 664 773 baec
682 715 711 772 si
732 715 828 773 uteris
851 730 887 772 ex
910 730 999 771 manu
1023 714 1143 791 scriptis
1167 713 1251 774 libris

50 814 238 894 restitui,
259 813 287 875 h.
306 833 332 875 e.
356 818 450 896 siquis
469 816 516 878 his
533 818 757 879 medicamentis
776 826 888 898 utetur,
911 821 943 879 in
961 819 1098 880 omnibns
1118 820 1251 881 articulis

54 914 207 1011 peterit
238 924 472 1000 experimentum
491 923 597 1004 iacere,
621 934 761 1004 quantam
781 927 840 986 vim
859 925 907 985 illa
927 925 1062 987 habitura
1083 928 1149 986 sint.
1181 936 1251 988 ntor

10 1085 12 1089 .
61 1045 123 1097 cum
170 1031 371 1090 accusativo
399 1048 471 1092 casu
499 1034 644 1111 scriptum
672 1041 717 1093 est
745 1052 770 1094 e.
800 1029 864 1095 118
892 1036 988 1094 oleam
1016 1036 1129 1107 albam,
1161 1053 1251 1110 qaam

10 1130 13 1137 ’
68 1145 160 1202 secut!
170 1136 274 1196 dum
301 1140 482 1200 vindemiam
510 1143 556 1200 uti
582 1144 674 1212 colec,
701 1143 905 1213 eleocadio,
935 1137 998 1201 123
1026 1143 1060 1200 id
1086 1145 1161 1202 atita
1189 1145 1253 1202 vini

77 1241 241 1321 ceolum,
259 1240 323 1304 142
342 1248 488 1320 quomodo
507 1235 628 1306 cilicem
646 1249 693 1306 ati
709 1253 835 1327 oportet,
855 1243 961 1324 143,1
982 1250 1099 1308 vicinos
1113 1251 1251 1323 aliasque

84 1344 249 1410 matteras
270 1368 361 1424 qnam
383 1355 538 1412 minimam
560 1361 674 1431 utatur,
697 1355 769 1413 item
794 1350 880 1433 tet
904 1357 1000 1414 donec
1023 1372 1108 1415 omne
1128 1373 1250 1415 caseum

10 1492 24 1529 ι
92 1465 150 1513 cum
168 1460 276 1518 melle
290 1459 402 1519 abusus
412 1462 482 1532 eris,
497 1456 1250 1540 etfruicumaceusativotantum149,1pobulam

96 1557 153 1630 frui
184 1567 333 1641 occipite.
371 1564 427 1626 alia
441 1565 556 1628 Plinius
575 1565 593 1627 1.
608 1587 632 1627 c.
651 1569 730 1628 inter
750 1576 906 1647 praecepta
925 1567 1044 1628 Catonis
1064 1569 1100 1628 de
1119 1568 1249 1629 brassica

99 1663 220 1748 immi&
247 1677 422 1747 tantamque
449 1692 515 1735 esse
541 1678 613 1748 cim,
640 1683 675 1735 at
701 1678 755 1750 qui
776 1683 858 1735 teret
879 1677 958 1735 baec
980 1679 1158 1736 validiorem
1178 1679 1253 1748 fieri

10 1812 12 1817 .
99 1783 133 1825 ee
154 1781 283 1838 emeat.
329 1778 394 1845 sed,
410 1778 481 1840 haec
509 1779 713 1860 neglegentiae
741 1780 843 1861 Plinii,
872 1783 924 1860 qui
952 1799 1020 1842 eum
1048 1784 1084 1842 iis
1113 1801 1189 1862 qnae
1215 1800 1250 1843 ex

10 1878 15 1885 ’
100 1867 226 1944 Catonis
252 1883 329 1946 libro
357 1888 502 1965 petiverat
529 1886 598 1968 alia,
627 1889 755 1967 quaein
780 1886 830 1948 illo
854 1906 912 1947 non
936 1887 1060 1968 legerat,
1089 1891 1250 1966 coniunxit,

95 1983 205 2052 Potius
223 1991 381 2054 tribuenda
401 2012 466 2053 esse
485 2002 567 2074 puto,
593 2013 680 2073 quam
697 2013 805 2072 pravae
825 1993 983 2054 verborum
1002 1996 1249 2073 interpretationi.

10 2128 14 2141 ν
93 2097 170 2151 ¹¹³³]
202 2098 396 2179 neglegenter
423 2099 551 2161 Plinium
583 2109 743 2180 praecepta
771 2101 891 2162 Catonis
923 2100 974 2160 illo
1004 2099 1068 2162 loeo
1097 2101 1248 2162 rettulisse

10 2203 13 2209 ’
89 2201 204 2265 ’10ῑὸνί
227 2225 318 2286 supra
342 2206 397 2284 §2
421 2207 457 2269 de
480 2208 640 2287 generibus
664 2207 812 2269 brassicae
836 2217 866 2268 et
888 2204 945 2284 §5
968 2207 1004 2267 de
1026 2209 1249 2270 medicamentis

85 2297 128 2358 ad
160 2305 326 2376 brassicam
350 2316 465 2377 additis.

190 2419 320 2482 Nullus
344 2431 507 2502 sumptus
532 2431 643 2484 estet
667 2425 697 2483 si
721 2431 883 2501 sumptus
903 2429 1000 2482 esset
1019 2433 1133 2482 tamen
1154 2422 1249 2483 nale·

82 2517 245 2588 tudinis
278 2547 384 2591 causa
418 2528 620 2610 experirus]
651 2532 824 2608 Experirer
856 2529 934 2590 edita
966 2528 1083 2589 indea
1113 2532 1248 2609 principe

80 2619 233 2695 editione
252 2636 438 2715 exemplaria.
472 2633 594 2699 “lamen
610 2637 786 2699 valetudinis
801 2655 889 2698 causa
904 2638 1070 2716 experirer:
1089 2636 1247 2717 Receptam

79 2720 261 2804 'wionem
288 2745 408 2804 retinui.
459 2753 589 2806 veterem
617 2764 697 2806 nune
725 2744 863 2806 omnibus
891 2761 1049 2824 exponam,
1078 2753 1248 2823 concerptam

78 2828 179 2906 illam
210 2850 345 2931 quidem,
374 2869 390 2911 e
419 2870 475 2930 qua
504 2860 602 2912 tamen
628 2871 696 2913 vera
720 2853 845 2913 tortasse
869 2850 957 2912 lectio
981 2851 1126 2912 industria
1151 2852 1249 2912 erudi·

79 2944 203 3016 torum
226 2961 292 3018 erui
317 2958 492 3038 quandoque
515 2962 623 3039 possit:
647 2959 757 3020 Tamen
781 2958 957 3019 valetudinis
977 2976 1064 3018 causa
1085 2962 1248 3040 experiens,

78 3041 176 3119 hanc
207 3073 327 3146 oportet
350 3061 418 3127 etc?
447 3065 602 3128 Victorius.
648 3070 829 3143 experirere
852 3065 1014 3144 Meursius,
1043 3067 1119 3143 quod
1149 3069 1249 3144 potins

76 3163 197 3230 activa
230 3170 313 3231 verbi
341 3171 448 3254 forma,
479 3192 567 3253 quam
595 3175 742 3252 scriptura
766 3172 909 3232 librorum
934 3173 1056 3250 indicat,
1090 3177 1249 3249 experires

75 3270 296 3339 seribendum
325 3287 397 3339 erat,
443 3299 510 3340 nam
538 3281 575 3341 de
601 3282 774 3358 imperativo
798 3283 942 3356 experire
965 3278 1081 3356 dubito,
1110 3283 1248 3357 antoniam

73 3362 111 3424 in
144 3377 377 3463 deponentibus
399 3384 474 3446 hane
499 3388 663 3465 imperativi
684 3387 808 3446 iormam
827 3404 842 3445 a
862 3385 972 3446 Catone
992 3395 1162 3464 usurpatam
1183 3405 1247 3445 esse

71 3485 149 3540 ¹¹⁰ss
186 3492 281 3553 video.

192 3598 288 3660 Hanc
316 3607 460 3677 oportet
488 3618 586 3660 mane
615 3601 775 3660 ieiunum
803 3618 881 3674 esse
910 3603 1025 3660 omnis
1051 3599 1108 3660 uel
1132 3602 1248 3679 siquis

69 3698 138 3753 ⁰⁸1
184 3709 355 3769 seniosus
382 3706 445 3767 hac
474 3707 592 3766 eadem
621 3709 809 3768 curatione
838 3726 960 3768 sanum
989 3706 1114 3785 iacies]
1147 3709 1248 3771 Omnis

68 3803 137 3860 qui
171 3817 376 3876 insomniosus
395 3822 439 3875 eat
457 3816 517 3874 boe
536 3817 642 3875 eadem
661 3818 821 3876 curatione
838 3833 947 3875 sanam
963 3814 1063 3889 socies
1082 3814 1159 3875 edita
1180 3815 1247 3874 inde

71 3909 90 3950 ἃ
113 3919 273 4000 principe
293 3922 422 3982 editione
442 3922 627 4000 exemplaria.
661 3918 776 3982 ‘Omnis
795 3923 847 4000 qui
866 3924 1065 3981 insomniosus
1080 3931 1137 3981 est:
1159 3921 1248 3982 Vetus

72 3997 201 4107 lectio,
223 4027 326 4089 Omnis
349 4027 396 4088 vel
420 4030 514 4108 siquis
539 4036 584 4089 est
604 4032 750 4090 seniosus.
791 4028 905 4088 Plinius
927 4025 994 4104 [XX
1014 4024 1080 4104 82],
1104 4028 1182 4104 quod
1203 4046 1247 4087 re-

10 4126 24 4207 i
78 4123 218 4196 cePterm
246 4134 404 4196 lectionem
432 4137 564 4197 adiuvat:
591 4135 739 4196 insomnia
763 4137 851 4196 etiam
876 4133 1048 4212 vigiliasque
1072 4132 1175 4193 tollere
1199 4134 1248 4194 de·

84 4232 232 4303 tectam:
264 4260 453 4303 communem
481 4245 573 4322 igitur
596 4237 719 4303 retinui'
745 4241 900 4303 Victorius.
947 4243 1035 4300 immo
1057 4239 1246 4302 scribendum

91 4338 143 4482 issi·
173 4350 316 4410 insomnia
338 4353 433 4425 sionis
456 4357 501 4412 est
523 4355 570 4412 ael
590 4353 734 4423 seniosas,
758 4352 818 4410 bae
837 4352 943 4410 ecdem
962 4352 1123 4410 curatione
1140 4367 1247 4410 senam

113 4451 202 4482 flm'„
