2874 4994
431 342 824 398 RERVMRVSTIUARVM
842 343 912 399 LIB.
930 344 943 399 I
964 343 1003 400 17
1245 337 1288 402 59

141 498 307 574 imperare.
341 496 461 558 Cassius
479 505 578 559 autem
597 497 706 559 dicitur
725 497 843 559 Cassius
864 497 1031 579 Dionysius,
1050 518 1138 579 quem
1158 499 1289 579 Magonis

138 602 237 664 libros
258 606 384 664 vertisse
407 606 503 684 iisque
526 623 562 665 ex
581 603 762 666 Graecorum
785 603 869 667 libris
888 606 979 668 multa
1003 606 1151 668 addidisse
1176 607 1289 669 dictum

139 718 209 772 erat
231 711 244 770 l
265 707 363 794 1,10.

233 816 331 889 Quod
364 819 519 879 scientia
548 819 726 898 praestet]
755 822 843 894 Quod
867 823 997 882 scientia
1021 829 1158 898 praestet
1181 830 1210 883 ct
1232 841 1289 884 usu

141 943 179 985 ex
203 924 308 986 Aldina
331 925 461 986 editione
485 925 636 1006 vulgatum
659 934 730 988 erat.

234 1029 254 1092 6
284 1031 505 1093 lniciendanr
528 1032 751 1113 uoluptatem
776 1035 1043 1114 praefectorum
1067 1035 1202 1095 honore
1222 1036 1290 1097 ali-

140 1157 214 1218 quo
236 1138 397 1200 habendo
421 1147 456 1199 et
483 1138 523 1199 de
543 1141 723 1219 operariis
743 1143 803 1220 qui
822 1140 1059 1220 praestabunt
1083 1141 1173 1201 alios
1198 1161 1289 1203 com·

140 1245 392 1306 municandurn
417 1264 555 1325 quoquc
579 1265 656 1307 curn
680 1246 749 1326 his]
772 1249 962 1309 Inicieudam
986 1250 1083 1309 omnia
1108 1248 1289 1330 apographa3

140 1354 330 1413 iniciendum
349 1353 445 1413 errori
459 1351 582 1414 Victorii
597 1351 788 1415 tribuendum
803 1363 857 1415 cst.
879 1357 923 1415 ad
939 1357 1136 1417 iniiciendam
1152 1359 1288 1432 atotuptu·

140 1467 202 1519 tem
220 1461 267 1520 tu's
283 1460 505 1536 praefecturae
522 1463 637 1522 honore
656 1466 758 1536 atiquo
777 1464 911 1523 dedendi
932 1471 1011 1537 suat,
1030 1471 1060 1524 et
1082 1466 1120 1523 de
1138 1467 1290 1540 operariis

140 1568 199 1640 qui
212 1568 416 1641 praestabunt
434 1570 538 1642 aliqui.
578 1569 864 1630 Communicundura
883 1586 1002 1644 quoque
1019 1588 1087 1630 cum
1106 1569 1290 1651 reiterata,

140 1674 190 1731 ad
202 1674 398 1734 iniicieadam
414 1678 594 1736 oolitntatem
609 1683 845 1753 praeceptorum
859 1674 919 1748 (vel
934 1679 977 1736 ad
989 1679 1169 1737 eliciendam
1189 1681 1290 1738 catarr-

140 1786 237 1838 tutem
265 1779 509 1856 praefectorum)
542 1785 644 1857 aliquo
676 1785 791 1843 donare
821 1783 956 1844 habendi
983 1790 1053 1842 sicat
1081 1780 1221 1864 Ursinus,
1249 1786 1293 1843 ud

140 1888 339 1947 inticieadum
363 1893 545 1950 uoluntatem
564 1889 584 1949 l.
605 1888 636 1950 F.
657 1888 822 1950 Gronovius
845 1887 923 1968 apud
943 1887 1169 1969 Schneiderunr,
1192 1893 1289 1950 iniici-

140 1995 256 2053 eadum
283 1998 464 2057 uoluntatem
488 1994 664 2073 praefectos
692 1999 724 2056 ia
754 1999 856 2072 atiquo
885 1999 1001 2057 lroaore
1028 1997 1167 2056 tradendo
1195 2005 1225 2056 et
1253 1999 1291 2057 de

138 2103 297 2176 operarias
315 2104 369 2176 qui
381 2104 585 2178 praestabunt
603 2106 719 2178 aliquot
737 2100 876 2181 Scaliger,
896 2104 1091 2163 inlicieadum
1110 2081 1290 2164 uolitatatcra

134 2205 371 2284 praefectorum
411 2210 527 2270 donare
567 2212 669 2284 aliquo
710 2210 850 2270 habendo
886 2207 1052 2268 Pontedera
1084 2228 1110 2288 p.
1137 2206 1208 2271 109.
1254 2208 1291 2270 ad

138 2316 324 2393 scripturam
357 2314 522 2397 archetypi,
555 2333 630 2394 quae
665 2317 695 2375 in
730 2315 817 2376 editis
851 2313 920 2374 indo
953 2332 968 2373 a
999 2316 1132 2393 principe
1162 2315 1290 2375 editione

139 2418 363 2499 exemplaribus
400 2430 540 2502 corrupta
578 2429 657 2504 erat,
694 2421 783 2482 verba
817 2422 960 2481 revocavi.
1006 2420 1058 2480 scd
1096 2424 1291 2482 inliciendam

139 2531 328 2590 uoluntatem
355 2529 469 2608 potius,
497 2547 586 2608 quam
615 2529 694 2607 quod
723 2527 792 2588 olim
816 2529 1002 2588 conieceram
1026 2530 1221 2589 inlicieadum
1244 2526 1291 2587 rel

139 2638 345 2715 incitandum,
368 2637 485 2715 scripsi.
522 2653 589 2696 nam
613 2634 686 2696 haec
710 2653 838 2715 quoque,
862 2636 941 2695 sicut
963 2636 1129 2716 superiora,
1151 2653 1167 2694 a
1188 2634 1291 2695 Cassio

141 2751 308 2821 praecepta
331 2759 398 2802 esse
421 2739 513 2803 Varro
538 2742 638 2802 refert.
681 2749 846 2818 praestare
868 2758 936 2801 cum
960 2742 1126 2802 accusativo
1151 2742 1291 2801 coniunc-

141 2856 211 2908 tum
234 2848 367 2909 defendit
390 2847 515 2909 Ursinus
540 2848 674 2928 exemplo
694 2847 834 2909 Varronis
859 2849 1019 2929 adscripto,
1043 2847 1121 2927 quod
1145 2856 1191 2908 cst
1214 2848 1290 2927 apud

141 2952 273 3014 Nonium
297 2974 325 3034 p.
344 2952 418 3036 502,
438 2952 481 3016 22
513 2957 587 3016 Cato
615 2958 663 3016 vel
692 2958 730 3016 dc
761 2956 866 3016 liberis
894 2957 1076 3029 educandis,
1104 2973 1164 3015 aaa
1196 2958 1291 3015 solum

140 3065 201 3138 qui
226 3065 346 3138 primus
376 3064 408 3122 ia
440 3066 592 3123 alterutra
625 3080 660 3123 re
689 3068 826 3137 praestet
857 3062 945 3133 alios,
972 3064 1028 3121 sed
1053 3063 1143 3121 etiam
1170 3063 1225 3135 qui
1252 3063 1292 3121 sit

141 3170 297 3229 secundus
327 3175 356 3229 et
383 3172 499 3229 tertius.
546 3186 643 3247 neque
671 3185 813 3245 umquam
840 3166 938 3247 aliter,
955 3168 992 3226 ‚si
1021 3184 1129 3226 nomen
1159 3166 1291 3227 additum

143 3281 200 3354 est,
223 3271 298 3355 112,
319 3271 361 3334 10
383 3277 492 3336 lierda·
503 3277 630 3336 ruscida
648 3276 851 3335 meridianam
868 3306 913 3317 -
928 3279 1077 3351 praestat,
1096 3270 1135 3332 lll
1157 3270 1219 3354 l,3
1239 3292 1290 3334 ur·

144 3383 240 3442 banos
263 3383 421 3456 apricotae
441 3388 612 3458 praestant.

235 3484 254 3548 7
287 3484 329 3547 Ut
357 3486 488 3566 quihus
516 3487 600 3566 quid
628 3488 778 3567 grauius
806 3487 856 3548 sit
881 3487 1095 3566 imperatum
1126 3493 1187 3545 aut
1218 3486 1303 3545 ani·-

145 3593 374 3654 maduersum
393 3595 452 3673 qui
477 3592 696 3654 consolando
715 3611 836 3654 eorum
859 3595 1036 3654 restituat
1054 3591 1291 3670 uoluntatem]

151 3702 188 3762 Ut
213 3732 250 3743 —
276 3703 317 3760 sit
339 3703 393 3775 qui
419 3704 604 3763 consolando
628 3718 692 3779 sqq.
721 3697 861 3781 Ursinus,
891 3699 969 3778 quod
998 3697 1198 3760 Schneiderus
1225 3716 1291 3778 pro-

148 3806 227 3867 bavit
250 3806 305 3867 hac
328 3805 426 3867 addita
445 3808 700 3889 interpretatione,
720 3802 770 3867 ‘ut
787 3805 902 3886 habeat,
924 3825 982 3885 quo
1007 3805 1154 3867 consolari
1173 3805 1291 3866 vilicum

148 3915 271 3992 eiusque
307 3910 485 3974 voluntatem
519 3913 575 3973 sibi
607 3912 800 3974 reconciliare
833 3907 954 3991 possit'.
1001 3929 1099 3970 veram
1134 3910 1293 3972 vorborum

148 4019 388 4080 coniunctionem
421 4019 633 4081 demonstravit
663 4018 694 4080 C.
723 4018 754 4080 F.
782 4018 827 4079 W.
855 4017 1017 4078 Muellerus
1041 4015 1135 4077 annal.
1160 4035 1291 4095 gymnas.

149 4125 243 4186 Berol.
266 4143 293 4186 a.
318 4122 403 4188 1866
432 4145 460 4206 p.
479 4123 554 4188 488.
599 4144 666 4186 uam
695 4129 749 4202 qui
774 4123 906 4186 adverbii
933 4124 998 4185 loco
1026 4123 1139 4184 dictum
1167 4132 1198 4184 et
1224 4142 1292 4184 cunr

149 4234 305 4313 participio
325 4235 570 4295 animaduersum
593 4234 786 4294 coniunctum
810 4240 864 4314 est,
884 4230 981 4310 aliqrro
1006 4229 1093 4291 modo
1113 4230 1294 4292 animaduer-

149 4356 222 4399 sum.
268 4339 346 4417 apud
380 4338 541 4399 Varronem
574 4340 639 4399 eius
672 4357 744 4399 usus
777 4337 910 4418 exempla
945 4343 1016 4398 sunt
1047 4333 1087 4396 lli
1106 4335 1135 4417 9,
1154 4334 1175 4399 5
1196 4341 1294 4414 qaiios

148 4449 267 4508 salaces
290 4448 344 4521 qui
370 4449 617 4508 animadvertunt
645 4454 674 4506 et
703 4464 769 4506 cnm
798 4447 824 4505 ri
853 4443 1027 4504 adfirmandi
1055 4445 1085 4504 in
1114 4445 1199 4505 initio
1226 4463 1291 4506 scn-
