2874 4994
550 354 754 411 rnxsnxrro
1191 352 1228 429 rx

81 548 108 589 a.
132 525 218 589 1564
241 528 370 606 primum
399 525 486 584 editis
509 523 618 584 multos
642 521 774 602 Catonis,
802 521 961 584 nonnullos
985 522 1124 582 Varronis
1148 521 1228 580 locos

81 627 231 704 tractarit,
255 624 491 702 interpretationi
514 623 606 699 magis
625 627 655 679 et
674 619 862 697 explicationi
886 639 995 699 rerum,
1019 638 1107 698 quam
1130 637 1227 679 emen-

82 724 198 783 dationi
233 721 392 782 verborum
424 728 633 798 corruptorum
667 719 793 779 deditus.
841 719 972 797 Scaliger
999 728 1111 797 autem,
1144 719 1230 777 cuius

83 831 174 881 notae
196 822 227 880 in
252 819 392 879 Varronis
416 819 451 878 de
477 836 508 877 re
538 819 648 877 rustica
677 816 768 877 libros
796 836 854 877 una
882 836 949 877 cum
978 818 1176 876 coniectaneis
1199 817 1229 874 in

83 917 179 979 libros
203 918 239 977 de
263 915 361 994 lingua
387 914 474 975 latina
501 917 530 975 in
554 913 686 974 Parisina
711 915 840 974 editione
864 914 1004 975 Varronis
1027 913 1170 973 librorum
1194 912 1230 971 de

84 1017 188 1095 lingua
216 1015 304 1075 latina
333 1033 357 1074 a.
382 1010 468 1074 1569
497 1013 592 1072 editae
620 1023 704 1094 sunt,
736 1016 946 1093 praestantiam
976 1013 1113 1073 editionis
1136 1011 1232 1071 Victo·

84 1118 188 1175 rianae
219 1122 249 1173 et
277 1113 388 1173 codicis
411 1111 552 1171 Marciani
580 1114 690 1189 optime
718 1114 870 1190 perspexit
898 1120 927 1171 et
956 1110 1098 1170 lectiones
1122 1109 1232 1170 codicis

84 1232 101 1271 a
129 1211 259 1271 Victorio
286 1211 439 1270 adnotatas
466 1210 500 1269 ad
525 1209 707 1269 emendanda
732 1209 869 1269 Varronis
895 1208 981 1268 verba
1006 1207 1152 1286 adhibuit,
1181 1207 1231 1266 sed

84 1313 181 1371 nimio
203 1311 295 1388 prisci
319 1310 465 1368 sermonis
489 1308 587 1369 studio
611 1317 715 1387 captus
735 1317 763 1367 et
783 1307 941 1367 artificioso
965 1307 1090 1386 quodam
1115 1303 1233 1365 dicendi

84 1426 198 1487 genere
217 1406 381 1467 delectatus
401 1424 492 1484 pauca
513 1425 588 1484 quae
607 1405 726 1485 probari
746 1423 816 1464 sano
837 1405 945 1464 iudicio
966 1412 1086 1482 possent
1101 1402 1233 1482 protulit.

87 1506 187 1567 Fulvii
210 1504 309 1565 Ursini
333 1499 432 1563 ‘notae
456 1503 491 1563 ad
511 1503 547 1562 M.
569 1503 718 1577 Catonem,
744 1502 780 1562 Μ.
796 1502 966 1582 Varronem,
989 1502 1021 1562 L.
1042 1500 1232 1562 Columellam

84 1605 126 1664 de
150 1622 183 1663 re
207 1595 331 1663 rustica'
351 1600 459 1660 Rornae
484 1619 508 1660 a.
530 1599 613 1663 1587
639 1601 735 1661 editae
759 1609 837 1661 sunt.
882 1601 971 1661 huius
997 1619 1114 1679 quoque
1136 1599 1233 1659 studia

86 1702 124 1761 ad
150 1700 311 1760 Varronem
336 1701 474 1779 maxime,
502 1717 590 1778 quom
615 1717 672 1759 una
697 1717 764 1759 cum
788 1698 876 1759 Petro
901 1699 1046 1759 Ciaccono
1071 1697 1233 1775 selegisse

86 1798 203 1878 scribit,
227 1796 424 1876 pertinebant.
461 1815 528 1857 nam
552 1797 588 1856 de
612 1797 722 1857 Catone
746 1815 838 1875 pauca
862 1797 1019 1858 adnotavit.
1057 1797 1153 1856 sedis
1174 1795 1233 1856 vul·

86 1905 186 1976 gatam
210 1897 310 1974 potius
333 1892 403 1954 olim
423 1913 457 1954 ex
478 1893 581 1955 Aldina
606 1894 735 1955 editione
759 1913 845 1974 quam
870 1896 1054 1956 emendatam
1074 1894 1233 1954 aVictorio

87 1996 248 2054 lectionem
277 1995 425 2073 tractavit,
450 1991 573 2053 Victorii
600 1993 759 2053 editionem
786 2012 853 2052 raro
877 1993 1024 2071 adhibuit,
1057 2010 1234 2072 quamquam

86 2092 328 2153 errrendationem
360 2090 440 2152 illius
477 2091 605 2151 laudarit
637 2094 668 2151 in
701 2091 888 2152 adnotatione
922 2094 951 2151 in
981 2091 1121 2151 Catonem
1155 2109 1179 2150 c.
1204 2087 1234 2150 6.

88 2198 210 2271 praeter
242 2190 320 2250 edita
353 2198 451 2250 autem
484 2189 662 2268 exemplaria
690 2190 765 2250 duos
798 2190 901 2250 babuit
929 2190 1046 2249 codices
1071 2188 1235 2267 Vaticanus,

89 2305 221 2367 qrrorurn
251 2287 393 2348 lectiones
421 2287 578 2365 adscriptis
607 2286 715 2347 litteris
745 2307 768 2347 r.
793 2308 819 2349 e.
842 2287 887 2347 rel
912 2307 955 2348 vro.
979 2306 1021 2347 cc.
1049 2289 1165 2366 saepius
1194 2287 1237 2345 in·
1326 2347 1353 2387 s,

89 2387 210 2447 dicarit.
256 2383 307 2444 sed
332 2403 368 2443 nc
393 2402 496 2444 eorum
521 2384 639 2462 quidem
669 2385 812 2446 librorum
837 2385 909 2445 tides
934 2403 1111 2463 quemquam
1136 2383 1236 2444 lallere
1319 2390 1332 2461 l

90 2491 200 2562 potest.
237 2490 370 2541 ceterum
392 2480 516 2540 Ursinus
535 2499 602 2541 cum
619 2481 758 2543 Varronis
781 2501 948 2543 sermonem
972 2482 1078 2562 glossis
1098 2490 1127 2542 et
1146 2484 1236 2541 inter·
1267 2504 1299 2609 (

91 2579 294 2659 polationibus
316 2597 375 2639 non
400 2577 496 2638 solum
520 2580 549 2638 in
574 2581 737 2660 impressis,
763 2580 814 2641 sed
839 2582 927 2640 ctiam
951 2582 981 2639 in
1006 2581 1237 2658 manuscriptis
1269 2616 1272 2625 ·

90 2678 179 2737 libris
208 2676 397 2737 vehementer
424 2686 599 2755 corruptum
628 2696 693 2738 esse
722 2678 779 2738 sibi
811 2681 1021 2758 persuasisset,
1054 2678 1083 2738 id
1112 2678 1241 2759 maxime

44 2850 53 2865 ο
91 2779 164 2853 egit,
192 2775 296 2836 uthis
319 2775 536 2856 additamentis,
561 2794 637 2854 quae
662 2777 779 2855 quidem
804 2778 957 2856 indagasse
982 2776 1037 2836 sibi
1061 2777 1142 2836 visus
1166 2764 1237 2857 emi,

93 2876 218 2933 remotis
245 2875 409 2951 genuinum
442 2876 597 2951 scriptoris
630 2892 798 2934 sermonem
831 2877 1011 2935 restitueret.
1062 2893 1118 2953 qua
1147 2862 1237 2933 infre

93 2989 273 3049 quamquam
301 2969 493 3031 immoderata
522 2970 639 3031 licentia
667 2990 739 3032 usus
766 2972 926 3053 permulta,
957 2973 993 3033 de
1023 2970 1238 3055 quibusp'nulla

94 3068 242 3129 dubitatio
262 3087 327 3129 esse
346 3068 481 3148 debebat,
503 3069 619 3147 delevit,
643 3078 739 3130 tameo
759 3069 830 3130 illud
851 3079 931 3130 recte
950 3070 1103 3151 intellexit,
1125 3058 1236 3130 lustum

95 3166 257 3227 verborum
290 3166 422 3227 ordinem
455 3169 572 3246 saepius
604 3169 788 3247 interpositis
821 3167 946 3246 singulis
976 3158 1194 3247 verbis,³quae
1221 3184 1238 3225 a

96 3263 227 3324 Varrone
251 3264 342 3324 scribi
366 3282 425 3323 non
449 3272 599 3344 poterant,
623 3264 674 3325 sed
699 3284 801 3326 errore
826 3265 1013 3326 librariorum
1038 3266 1135 3327 addita
1159 3272 1238 3343 snut,

95 3364 126 3422 in
143 3381 231 3423 manu
251 3364 370 3441 scriptis
386 3361 469 3422 libris
483 3361 688 3441 perturbatum
704 3383 777 3423 esse.
815 3367 916 3442 paucis
936 3367 1020 3423 annis
1040 3352 1106 3442 post
1120 3364 1239 3424 Catonis

95 3460 173 3521 liber
201 3460 237 3520 de
265 3463 328 3539 agri
356 3459 472 3520 cultura
501 3479 557 3520 una
587 3479 653 3520 cum
685 3462 857 3540 fragmentis
885 3461 1068 3541 reliquorum
1094 3460 1239 3521 librorum

97 3558 197 3619 editus
220 3565 265 3618 cst
288 3558 324 3618 ab
348 3560 479 3619 Ausonio
503 3557 611 3637 Popma
636 3579 660 3619 a.
681 3555 777 3640 1590,
801 3577 888 3638 quam
912 3560 1070 3620 editionem
1091 3556 1240 3618 Meursius

98 3675 166 3717 cum
196 3658 257 3716 suis
285 3655 524 3717 adnotationibus
552 3675 576 3716 a.
600 3653 683 3718 1598
713 3659 856 3734 repetivit
902 3656 1050 3717 Meursins
1078 3655 1113 3716 ad
1142 3673 1239 3715 emen

100 3754 247 3815 dationem
274 3754 409 3815 adhibuit
437 3754 596 3816 editionem
620 3753 818 3814 basileensem
842 3774 865 3814 a.
888 3751 986 3817 1521:
1017 3774 1052 3814 cx
1079 3753 1132 3815 bac
1161 3755 1239 3813 enim

97 3855 189 3933 petita
210 3860 287 3932 sunt,
311 3870 515 3932 quaecumque
535 3854 668 3932 adposito
686 3854 795 3913 veteris
814 3853 925 3913 codicis
946 3855 1064 3913 nomine
1084 3852 1240 3913 adnotavit.

97 3969 233 4030 magnam
257 3951 373 4011 laudem
397 3951 501 4030 adepta
525 3961 570 4011 est
593 3951 852 4031 Heidelbergensis
879 3952 969 4011 editio
993 3953 1172 4030 scriptorum
1197 3952 1241 4010 rei

97 4051 238 4128 rusticae,
262 4067 336 4127 quae
361 4045 408 4109 ‘ex
433 4049 604 4129 Hieronymi
628 4049 802 4111 Commelini
825 4048 1017 4128 typographio
1041 4066 1117 4108 anno
1143 4044 1241 4109 1595'

98 4147 224 4226 prodiit,
255 4147 286 4206 iu
318 4166 375 4225 qua
408 4148 527 4208 Catonis
559 4157 588 4208 et
616 4147 756 4208 Varronis
788 4146 856 4206 libri
889 4164 923 4205 ex
955 4143 1076 4206 Victorii
1112 4145 1240 4205 editione

99 4244 232 4306 secunda
259 4247 392 4322 expressi
420 4254 490 4306 sunt
517 4255 653 4327 curante,
682 4253 715 4305 ut
742 4247 872 4325 ridetur,
901 4243 1051 4304 Friderico
1075 4242 1240 4323 Sylburgio.

99 4361 168 4404 nam
191 4341 229 4402 ab
252 4340 308 4402 boo
332 4344 459 4422 indices,
485 4345 537 4422 qui
559 4345 681 4404 editioni
704 4345 811 4405 adiecti
835 4350 917 4421 sunt,
946 4339 1097 4401 conlectos
1121 4359 1186 4402 esse
1210 4343 1240 4401 in

100 4441 284 4519 praelatione
302 4441 406 4503 scribit
420 4440 628 4503 Commelinus.
660 4443 756 4504 eidem
772 4440 945 4502 tribuendae
965 4449 1035 4501 sunt
1052 4442 1240 4501 coniecturae
