2874 4994
317 359 365 412 DE
384 358 474 415 AGRI
492 358 664 414 curvas
683 359 824 415 LIBRVM
842 358 871 416 0.
887 357 1014 415 30-31
1197 350 1240 414 59

94 514 277 576 nominativo
301 532 372 575 casu
396 515 542 593 scriptum
567 524 613 576 est
631 511 709 594 -135,
728 512 749 576 2
773 524 803 576 et
825 520 890 576 sale
913 515 1093 575 nominativo
1121 509 1191 594 145,
1210 510 1241 594 3,

94 622 267 682 accusativo
287 618 363 703 162,
384 620 413 702 1,
432 625 511 684 lacte
530 625 697 684 accusativo
717 619 759 683 86
779 631 809 683 et
830 619 947 703 150,1,
968 640 1027 683 non
1046 626 1104 682 lac.
1128 620 1242 682 Charis.

96 747 125 807 p.
147 725 260 811 1028
284 747 359 804 erpo
382 733 462 792 lacte
484 734 550 791 sine
572 733 645 791 uitio
668 732 816 790 dicemus:
839 747 910 790 narn
934 738 962 790 et
989 731 1062 789 Octo
1085 731 1130 788 sic
1153 731 1242 802 dixit,

93 830 141 898 ‘et
166 839 197 897 in
223 837 317 897 Italia
340 843 427 897 atras
450 854 564 912 capras
587 839 667 897 lacte
690 837 791 897 album
813 830 953 897 babere'.

185 943 285 1003 XXXI
315 944 366 1003 Ad
395 945 492 1004 oleam
525 945 692 1018 cauendam
718 960 799 1018 quae
822 960 917 1019 pares
944 944 975 1002 in
1003 942 1100 1002 indice
1129 943 1240 1020 capitu·

93 1048 192 1110 lorum
221 1050 366 1129 scriptum
395 1056 441 1110 ost
464 1050 582 1110 omissis
610 1050 647 1110 iis
678 1067 753 1128 quae
776 1048 833 1110 boc
856 1048 922 1110 loco
946 1051 975 1109 iu
1000 1048 1119 1110 rubrica
1143 1048 1241 1110 addita

94 1169 176 1238 sunt,
199 1160 297 1218 oleam
320 1159 487 1233 copendam
511 1164 540 1218 et
562 1157 757 1232 efficiendam
780 1161 888 1219 locato.

187 1260 203 1324 1
236 1263 370 1325 Vimine
399 1272 536 1325 matura
565 1262 656 1325 salix
684 1282 748 1344 per
776 1273 916 1343 tempus
943 1262 1084 1342 legatur
1113 1265 1166 1324 uli
1193 1265 1242 1324 sit

94 1370 188 1432 unde
217 1370 392 1433 corbulae
419 1371 510 1432 liant
533 1380 568 1432 et
591 1378 738 1431 ueteres
762 1372 968 1431 sarciantur
992 1370 1125 1431 fibulae
1150 1371 1240 1431 unde

94 1478 187 1538 liant
224 1477 346 1538 aridae
380 1478 535 1557 iligneae
569 1477 704 1539 ulmeae
738 1496 871 1539 nuceas
906 1477 1084 1538 ficulneae
1119 1478 1172 1537 lac
1205 1479 1240 1538 in

32 1654 35 1658 Α
94 1593 241 1646 stercus
273 1593 333 1645 aut
364 1587 400 1646 in
432 1603 559 1664 aquam
592 1586 822 1646 conicientur
854 1584 936 1646 inde
965 1584 1026 1645 ubl
1054 1604 1142 1665 opus
1171 1587 1241 1645 erit

95 1690 232 1753 fibulas
256 1690 382 1769 facito]
407 1693 489 1753 Face
512 1696 558 1753 uti
580 1695 611 1754 in
634 1700 753 1754 stercus
777 1701 832 1753 aut
854 1695 885 1754 in
904 1710 1015 1767 aquam
1034 1696 1241 1754 coniiciuntur

95 1798 177 1860 edita
210 1798 279 1860 inde
309 1817 325 1860 a
356 1800 491 1878 principe
523 1798 654 1860 editione
682 1799 869 1879 exemplaria.
914 1802 1030 1874 fibulae
1057 1802 1138 1861 unde
1162 1803 1242 1873 fiant

95 1924 202 1987 parum
231 1915 298 1985 apte
327 1905 478 1967 Gesnerus
506 1905 543 1966 ab
572 1909 609 1968 iis
637 1925 712 1987 quae
737 1916 904 1987 sequuntur
932 1908 1079 1987 separarit
1110 1916 1141 1968 et
1172 1925 1240 1967 curn

95 2013 305 2093 superioribus
337 2014 500 2093 coniunxit,
533 2021 649 2077 ueteres
680 2018 869 2090 sarciantur,
897 2017 1013 2089 fibulae
1045 2017 1125 2075 unde
1153 2018 1241 2087 fiant.

97 2123 210 2182 aridae
233 2124 364 2196 iliqneae
387 2138 451 2200 sqq.
478 2122 600 2181 rectius
622 2120 787 2182 Pontedera
811 2122 888 2199 apud
908 2121 1073 2182 Gesnernm
1097 2131 1127 2182 et
1150 2123 1240 2200 antiq.

96 2247 125 2308 p.
143 2224 189 2290 46
217 2227 262 2289 rel
289 2231 390 2290 taleae
416 2246 471 2308 pro
499 2231 610 2290 aridae
637 2227 683 2289 rel
706 2247 764 2290 una
787 2247 856 2290 cnm
879 2228 935 2288 boc
959 2228 1150 2289 scribendum
1175 2247 1240 2289 esse

96 2339 198 2398 taleae
224 2338 335 2397 aridae
362 2339 493 2411 ilicneae
520 2338 657 2398 coniecit.
704 2355 770 2397 nam
800 2338 937 2396 materies
966 2337 1040 2396 rarii
1066 2338 1185 2414 generis
1211 2337 1241 2396 in

96 2452 216 2504 stercus
244 2441 290 2502 vel
312 2444 343 2503 in
365 2461 472 2522 aquam
496 2443 669 2504 conicienda
693 2451 723 2504 et
746 2442 921 2504 maceranda
944 2450 1003 2523 est,
1031 2442 1109 2502 unde
1133 2441 1240 2502 fibulae

98 2549 171 2610 fiant
194 2548 230 2608 ad
255 2555 403 2626 trapetum
427 2549 673 2611 concinnandum.
718 2550 769 2611 sed
794 2548 894 2629 taleas,
918 2548 945 2610 b.
963 2566 990 2612 e.
1008 2548 1153 2628 surculos,
1177 2551 1241 2629 qui-

97 2655 156 2717 bus
179 2657 210 2716 in
233 2657 431 2736 propagandis
454 2655 612 2718 arboribus
637 2658 681 2717 nti
704 2655 847 2739 solebant,
870 2655 905 2716 ad
930 2674 994 2716 eam
1013 2674 1076 2716 rem
1095 2656 1241 2717 adhibitas

97 2781 166 2825 esse
193 2760 345 2842 probabile
373 2781 433 2823 non
461 2772 515 2824 cst.
561 2765 661 2843 itaque
689 2765 716 2824 si
744 2782 812 2824 vera
841 2771 887 2824 est
913 2762 1058 2824 librorum
1084 2765 1243 2846 scriptura,

96 2874 230 2947 llrpaeue
261 2873 379 2932 ulmeae
408 2887 527 2932 uaccae
555 2874 708 2944 ficulneae
738 2888 798 2930 non
826 2868 925 2930 addito
953 2871 1071 2931 nomine
1100 2870 1242 2931 dicuntur

97 2975 268 3039 trabeculae
301 2976 347 3038 vel
378 2978 519 3038 materiae
552 2996 587 3038 ex
618 2977 679 3039 illis
711 2977 869 3038 arboribus
902 2977 1031 3061 decisae,
1064 2997 1100 3038 er
1133 2977 1242 3056 quibus

96 3083 206 3146 fibulae
225 3084 376 3147 faciendae
396 3093 474 3165 srrnt,
493 3094 526 3146 ut
542 3085 651 3160 ferrea
669 3086 804 3147 decerto
819 3095 984 3149 castrorum
999 3103 1108 3165 genere
1124 3085 1243 3166 dicitur,

96 3191 178 3271 quod
206 3209 296 3270 supra
325 3189 376 3274 10,
400 3189 421 3252 3
445 3195 556 3272 notavi,
580 3197 714 3270 porrina
740 3190 783 3254 47
811 3193 847 3253 de
875 3195 987 3253 semine
1015 3195 1111 3272 porri,
1139 3196 1242 3254 calida

97 3295 215 3378 156,3
244 3297 281 3358 de
308 3317 384 3378 aqna
412 3298 507 3360 calida
534 3309 564 3360 et
590 3304 675 3361 lorea
704 3298 773 3381 8,2
801 3318 855 3379 pro
882 3298 975 3361 lauro.
1020 3298 1106 3379 plura
1129 3308 1241 3360 temere

97 3406 218 3466 novavit
236 3400 447 3486 Schneiderus‚
471 3407 523 3484 qui
546 3408 577 3468 in
600 3406 680 3467 bunc
703 3406 823 3467 modum
843 3405 931 3467 rerba
950 3408 1156 3468 constituenda
1176 3425 1241 3467 esse

96 3514 240 3594 coniecit,
267 3520 382 3574 ueteres
409 3517 597 3574 sarciantur.
643 3516 736 3575 arida
760 3513 834 3589 sace
861 3521 895 3574 ut
923 3517 954 3575 in
981 3521 1099 3576 stercus
1128 3521 1181 3574 aut
1211 3516 1242 3573 in

96 3638 211 3697 aquarn
230 3621 449 3700 coniiciuntur3
474 3622 553 3694 iude,
577 3620 631 3681 ubi
647 3638 722 3698 opus
741 3623 808 3702 erit,
831 3623 974 3682 corbulus
989 3619 1095 3697 facito.
1129 3623 1242 3694 fibulas

95 3732 237 3805 ilipneas,
260 3731 382 3801 ulmeos,
406 3744 529 3801 nuceas,
552 3734 651 3789 vectes
674 3731 799 3803 titaneos
823 3745 887 3807 sqq.

188 3833 316 3895 Vectes
349 3831 506 3911 iligneos
538 3832 752 3911 acrusolios]
790 3834 893 3895 Vectes
926 3838 1051 3910 ilipneos
1084 3836 1245 3911 aquifolios

95 3940 177 4002 edita
207 3949 277 4001 ante
299 3937 463 4001 Victoriam
492 3940 670 4019 exemplaria
698 3959 734 4001 ex
758 3940 853 4002 Plinio
873 3938 1021 4002 xv1230
1051 3943 1123 4003 Cato
1147 3951 1245 4004 vectes

94 4047 261 4124 aquifolios
293 4051 416 4109 laureas
450 4051 562 4109 ulmeos
591 4051 664 4122 lieri
696 4049 785 4110 iulet.
832 4047 981 4109 Victorius
1013 4047 1180 4123 accusatius
1209 4068 1244 4109 ex

95 4153 261 4234 archetypo
284 4156 425 4216 restituit.

187 4259 378 4323 2Prelnm
406 4279 446 4323 ex
476 4264 626 4341 carpino
650 4271 725 4323 atra
749 4264 975 4341 potissimum
1001 4262 1124 4340 facito]
1151 4265 1246 4326 Prae·

96 4373 159 4431 lunt
187 4370 227 4431 de
254 4371 381 4446 sappino
406 4376 479 4431 atra
502 4367 622 4430 Merula.
669 4365 821 4431 ‘Praelum
845 4388 880 4429 ex
901 4372 1022 4448 carpino
1046 4379 1122 4432 atra:
1148 4370 1192 4432 lla
1215 4373 1246 4433 in

97 4477 219 4538 cunctis
241 4493 333 4537 manu
355 4477 476 4556 scriptis
498 4476 634 4556 legimus.
679 4476 757 4556 apud
782 4476 909 4538 Plinium
934 4486 1045 4559 tamen,
1073 4480 1124 4556 qui
1148 4476 1245 4540 locum
