2874 4994
143 319 206 384 148
500 324 690 381 COMMENT.
710 325 750 380 IN
769 324 926 381 CATONIS

142 484 283 562 scriptam
311 484 414 556 siquid
439 501 537 558 neque
564 480 754 558 satisfactum
782 489 839 557 est,
869 476 984 561 157,4
1006 481 1275 555 sudiaconum

142 598 186 651 est
214 598 244 649 et
269 591 373 663 siquid
399 592 430 649 tn
458 593 592 650 mominis
620 592 734 650 ulceris
761 596 867 649 nutum
893 595 925 649 et
950 590 1139 648 carcinoma.
1189 586 1276 666 itaque

143 696 212 756 olim
240 695 431 756 scribendum
460 714 525 755 esse
554 697 667 756 conieci
696 699 724 756 sl
749 714 810 756 uno
834 696 987 756 duobusve
1010 696 1124 769 litabit,
1153 702 1189 755 ut
1209 704 1277 756 atet

144 799 181 863 ‘si
206 807 230 863 is
250 805 302 882 qui
320 801 481 862 immolavit
500 821 557 863 uua
578 802 622 862 vel
642 802 758 863 duabus
776 801 882 863 hostiis
902 800 1008 880 litabit,
1031 801 1157 881 reliquis
1174 800 1278 863 duabus

142 909 188 970 vel
216 913 303 970 tertia
331 909 427 970 hostia
450 927 510 969 non
533 905 650 970 litabit'.
696 912 806 989 poterit
829 917 928 970 tamen
952 910 1049 969 teneri
1072 910 1235 983 dubitabit,
1257 910 1279 969 si

142 1016 291 1078 scribetur
317 1020 345 1076 si
372 1020 404 1076 in
431 1035 492 1077 uno
520 1019 672 1077 duobusve
700 1018 863 1092 dubitabit,
896 1016 924 1076 b.
952 1034 978 1076 e.
1007 1017 1033 1075 si
1059 1017 1093 1075 in
1120 1033 1181 1076 una
1207 1026 1279 1095 parte

143 1142 295 1185 sacrorum
325 1122 370 1183 vel
394 1126 424 1183 in
447 1122 562 1183 duabus
586 1123 721 1203 partibus
745 1121 906 1202 dubitabit,
929 1141 1001 1183 num
1025 1122 1082 1182 deo
1106 1123 1279 1185 satisfactum

143 1235 190 1293 sit.
236 1229 343 1291 deiude
366 1234 436 1291 illoc
455 1248 551 1307 porco
575 1240 656 1291 recte
680 1230 836 1291 bleursius.
878 1248 946 1290 nam
971 1234 1043 1292 illuc
1066 1227 1196 1291 ablativo
1217 1248 1278 1291 casu

143 1339 202 1399 dici
225 1356 286 1398 non
309 1340 413 1417 potuit.

232 1446 340 1505 CXLII
362 1444 469 1505 Vilici
493 1445 617 1505 ellicia
638 1463 725 1523 quae
746 1454 829 1505 sunt
847 1464 936 1524 quae
955 1445 1098 1505 domiuo
1117 1462 1279 1524 praecepa

143 1572 181 1613 ea
201 1554 314 1612 omnia
334 1571 422 1631 quae
441 1555 476 1612 in
496 1551 605 1612 lunde
626 1553 710 1612 fieri
729 1560 874 1631 oportet
893 1569 1055 1631 quaeque
1072 1554 1279 1632 emiparari·

144 1678 210 1739 que
230 1666 374 1737 oportet
392 1658 639 1737 quomodoque
656 1657 793 1718 cibaria
808 1660 1027 1719 uestimenta
1042 1658 1279 1720 lamiliaedari

144 1775 287 1845 oportet
317 1765 437 1826 eadem
464 1767 517 1826 uti
546 1774 649 1826 curet
676 1765 858 1845 iaciatque
887 1763 1023 1843 moneo]
1058 1766 1146 1838 Quae
1174 1768 1278 1827 dernier

141 1892 303 1952 praeceps,
337 1872 415 1952 quod
448 1871 558 1933 babent
590 1871 757 1952 apographa
786 1871 941 1952 italorum,
973 1875 1002 1931 iu
1035 1874 1102 1952 ipso
1133 1873 1278 1953 archetypo

144 1983 289 2061 scriptum
309 1980 401 2040 luisse
422 1980 592 2040 testimonio
607 1979 731 2040 Victorii
750 1988 874 2040 constat.
907 1979 1114 2058 neglegentius
1128 1978 1277 2043 Politianut

143 2088 299 2149 lectionem
320 2088 464 2166 principis
483 2087 622 2147 editionis
641 2105 721 2161 quoe
740 2091 878 2148 dominus
890 2089 1046 2164 praecipit
1059 2091 1205 2150 correxit:
1221 2106 1275 2149 uam

140 2215 291 2273 praeceps
318 2213 353 2255 ex
378 2193 526 2254 Marciano
555 2193 657 2253 codice
686 2193 849 2269 adnotavit,
877 2197 1015 2255 dominus
1043 2211 1078 2254 ex
1103 2195 1207 2256 eodem
1228 2214 1274 2257 nou

83 2364 87 2372 ,
145 2305 282 2383 mutavit,
310 2302 362 2363 sed
386 2300 478 2362 rubro
503 2300 615 2380 colore,
640 2320 698 2379 quo
722 2312 753 2362 et
776 2303 805 2361 in
830 2299 1008 2361 lectionibus
1031 2298 1158 2362 Medicei
1182 2302 1276 2363 codicis

145 2412 228 2471 etin
254 2412 317 2470 suis
340 2410 522 2469 coniecturis
546 2410 590 2467 uti
613 2410 776 2487 cousuevit,
799 2411 924 2468 l’-no
948 2410 1172 2486 superscripsit
1211 2426 1276 2485 pour

143 2520 281 2578 domitius
296 2534 448 2592 praeceps
467 2515 560 2574 codex
580 2514 733 2575 Parisinus
747 2515 770 2574 A
786 2524 817 2575 et
831 2514 982 2575 Mediccus
997 2533 1035 2594 m,
1054 2533 1136 2589 quoe
1155 2519 1278 2578 dominor

141 2627 302 2700 proecepit
325 2622 500 2701 Sylburgius
523 2625 554 2681 in
579 2622 708 2682 editione
732 2621 970 2683 commeliniana.
1016 2632 1172 2700 praeterea
1194 2622 1228 2684 ab
1246 2625 1282 2683 iis

145 2751 220 2812 quae
244 2733 372 2810 primum
392 2729 429 2789 de
448 2729 554 2788 officiis
573 2728 652 2789 vilici
671 2729 802 2790 breviter
821 2732 933 2808 scripta
951 2738 1023 2790 sunt
1040 2746 1075 2790 ea
1094 2748 1171 2809 quae
1189 2739 1286 2810 postea

144 2839 180 2899 de
210 2837 311 2898 vilicae
339 2838 445 2897 ciliciis
473 2838 641 2897 accuratius
669 2838 948 2915 praecipiuntur·in
972 2835 1134 2916 archetypo
1158 2846 1296 2916 separat·

143 2955 240 3026 erant,
268 2954 302 3005 ut
329 2945 388 3005 diro
416 2953 517 3003 essent
544 2945 640 3022 capita
668 2962 736 3003 cum
765 2945 828 3003 suis
856 2942 986 3004 rubricis
1013 2944 1103 3005 Vellet
1127 2944 1231 3021 ospicio
1253 2952 1298 3003 et

145 3052 251 3113 deinde
279 3053 394 3112 Viliooe
417 3050 530 3127 officio.
572 3051 661 3110 iidem
687 3049 765 3111 tituli
789 3052 819 3109 in
844 3050 941 3110 indice
965 3049 1165 3128 capitulorum
1187 3048 1306 3129 scripti

144 3168 222 3219 suut.
256 3159 306 3219 sed
327 3160 465 3237 quoniam
487 3156 587 3217 vilicae
607 3175 726 3235 quoque
745 3157 841 3216 officia
861 3157 897 3217 ad
916 3175 1018 3217 curam
1037 3159 1190 3236 pertinent
1204 3154 1302 3235 vilici,

144 3269 196 3345 qui
216 3284 320 3326 curare
340 3265 430 3326 debet
449 3274 482 3325 ut
501 3283 576 3344 quae
595 3263 636 3324 illi
656 3265 792 3325 mandata
812 3274 883 3325 suut
902 3274 982 3325 recte
997 3266 1200 3346 perficiantur,
1216 3264 1301 3325 liaeo

145 3392 220 3454 quae
245 3375 274 3433 in
295 3372 379 3433 libris
399 3391 487 3432 ruauu
508 3374 628 3450 scriptis
647 3381 677 3432 et
696 3371 783 3432 editis
802 3372 899 3431 adbuc
918 3370 1138 3450 exemplaribus
1157 3378 1295 3453 separat·

144 3491 230 3542 erant
252 3483 423 3541 continuata
447 3479 523 3539 dedi.
570 3479 706 3539 similiter
728 3479 901 3559 Columella,
929 3496 1109 3558 quamquam
1132 3488 1292 3559 praecepta

144 3588 181 3648 de
209 3587 295 3648 vilico
324 3585 376 3646 18
405 3594 435 3644 et
462 3585 499 3645 de
527 3585 612 3645 vilica
636 3584 725 3646 Xlil
757 3595 890 3665 separata
918 3588 1032 3666 posuit,
1059 3593 1162 3647 tamen
1189 3586 1294 3647 vilicae

146 3713 264 3773 quoquc
295 3711 384 3773 opera
413 3691 499 3752 vilice
527 3692 720 3752 custodienda
744 3712 810 3753 esse
835 3695 955 3772 scripsit
978 3691 1032 3752 xli
1052 3689 1082 3772 1,
1098 3692 1131 3774 4,
1158 3702 1293 3757 cereum

146 3803 250 3860 mortio
283 3818 362 3875 qrroe
394 3802 476 3859 dorni
502 3808 703 3876 capesseretur
735 3818 794 3860 reon
828 3804 859 3860 in
892 3809 984 3861 totum
1016 3802 1161 3862 muliebri
1189 3800 1291 3877 officio

146 3911 348 3982 relinquendo
370 3915 448 3982 siant,
472 3910 528 3967 sed
545 3911 588 3967 ito
608 3910 779 3981 delepondo
799 3911 835 3982 ei,
860 3915 893 3967 ut
912 3910 1076 3968 identidem
1094 3910 1192 3968 oculas
1210 3906 1299 3967 odicr‘

146 4019 366 4077 custodiuntur.
412 4016 512 4093 itaque
536 4014 613 4093 apud
638 4014 793 4094 Catonem,
817 4026 849 4075 ut
872 4014 945 4074 baec
970 4015 1067 4074 omnia
1092 4013 1174 4076 vilici
1195 4014 1285 4075 officia

146 4142 211 4182 esse
230 4125 457 4201 significaretur,
480 4120 550 4181 olim
570 4123 678 4199 scripsi
700 4123 789 4182 Vilice·
805 4120 911 4197 officio
930 4139 1011 4197 qttoe
1027 4129 1107 4182 sunt.
1141 4140 1221 4198 quoe
1238 4123 1287 4183 do

146 4234 244 4289 minius
259 4233 463 4304 praeceperit,
482 4247 519 4288 eo
539 4231 638 4288 omniu
657 4247 737 4303 pavere
755 4233 785 4288 ire
799 4227 898 4303 fiendo
909 4231 983 4301 fieri
996 4236 1116 4303 oportet
1128 4246 1193 4308 sqq.
1223 4244 1286 4288 nam

146 4338 185 4395 ita
210 4336 246 4395 de
271 4334 355 4394 vilico
379 4338 524 4413 scriptum
548 4343 594 4394 est
613 4332 677 4413 5‚2
701 4338 874 4396 consideret
896 4354 975 4409 patae
998 4338 1138 4419 domium
1161 4340 1287 4415 impero·

146 4445 223 4503 ecrit
243 4446 330 4515 dard.
377 4442 428 4501 sed
454 4442 495 4502 ibi
518 4444 618 4522 potius
641 4460 720 4516 quoe
741 4447 810 4521 sint,
835 4461 893 4502 uon
918 4461 997 4518 quoe
1019 4450 1103 4519 sunt,
1132 4451 1164 4504 et
1185 4440 1290 4504 deinde
