2874 4994
348 332 476 388 RERVM
494 335 733 391 uvsuchRvu
752 337 820 394 LlB.
840 339 864 391 ll
887 337 925 393 11
1138 330 1201 394 219

149 489 190 552 11
226 491 397 553 Fructum
435 499 472 551 ut
507 492 586 552 ouis
624 511 640 552 e
676 491 755 552 lana
787 491 828 552 ad
862 495 1117 555 uestimentum
1150 496 1201 553 sic

54 616 189 678 caprae
221 600 316 680 pilus
349 601 534 661 ministrat
566 600 606 660 ad
639 618 738 661 usum
771 599 968 677 nauticum]
1003 601 1039 662 Ut
1065 600 1202 675 fructum

54 709 122 766 ovis
153 723 187 766 ex
216 707 350 786 principe
379 706 523 788 editione,
554 711 600 769 sic
633 726 730 785 capra
755 711 832 784 pilos
860 727 894 768 ex
919 706 1022 769 Aldina
1049 716 1202 787 receptum

56 822 134 872 erat.
179 813 214 873 ad
243 832 311 874 vera
342 813 516 875 invenienda
546 813 698 894 archetypi
728 817 874 894 scriptura
906 816 980 875 viam
1014 814 1204 897 monstrabat,

54 918 197 995 snectum
219 928 253 981 ut
274 925 337 983 ooo
360 941 377 982 e
399 926 472 983 lona
496 925 539 982 od
560 925 773 998 vestimentum,
795 926 841 984 sic
865 940 963 999 capro
986 926 1094 999 epilis
1117 926 1201 984 mini·

56 1034 141 1089 strat
164 1031 208 1089 od
229 1046 314 1090 usum
336 1033 501 1091 nauticum.

155 1167 195 1231 12
219 1170 315 1232 Unde
339 1171 461 1232 cilicia
485 1183 520 1232 ct
543 1183 664 1232 cetera
693 1173 771 1232 eius
798 1175 944 1252 generis
972 1173 1090 1234 solent
1119 1172 1203 1234 lieri

59 1277 122 1338 scd
157 1278 248 1357 quod
282 1281 430 1358 primum
464 1297 501 1339 ea
535 1290 684 1339 tonsura
718 1281 753 1339 in
789 1279 910 1341 cilicia
948 1282 995 1341 sit
1031 1282 1204 1341 instituta

59 1402 189 1446 nomeu
212 1385 245 1446 id
269 1384 395 1447 cilicas
419 1386 600 1447 adiecisse
619 1386 758 1464 dicunt]
779 1388 854 1448 Eius
870 1391 994 1463 generis
1010 1387 1094 1464 ferri
1109 1392 1204 1449 solent

58 1489 227 1572 iucundus,
251 1511 340 1572 quem
363 1493 469 1553 deiude
499 1492 606 1572 reliqui
634 1493 763 1553 editores
791 1497 885 1554 secuti
913 1505 991 1556 sunt.
1037 1513 1143 1556 nomen
1173 1497 1205 1555 id

60 1602 175 1661 ciliciis
191 1604 351 1661 ¹ttclt’ccisse
380 1599 513 1660 Ursinus.
560 1599 654 1661 cilicia
688 1610 758 1661 sunt
789 1602 878 1679 panni
910 1619 945 1660 ex
979 1600 1046 1680 pilis
1079 1603 1207 1680 caprinis

61 1707 143 1785 iacti,
163 1709 223 1786 qui,
243 1706 321 1786 quod
346 1717 468 1768 tonsura
492 1725 649 1787 caprorum
673 1708 801 1787 primum
824 1709 855 1768 in
875 1707 976 1769 Cilicia
996 1709 1130 1769 instituta
1151 1716 1207 1788 est,

61 1832 99 1874 eo
124 1815 244 1875 nomine
267 1814 404 1894 appellati
428 1822 506 1874 suut.
552 1813 598 1874 his
622 1816 713 1893 igitur
736 1816 794 1893 ipsi
817 1813 937 1897 Cilices,
961 1834 977 1876 a
1001 1814 1109 1894 quibus
1134 1833 1206 1875 usus

61 1938 167 1981 eorum
192 1930 277 1982 ortus
300 1929 372 2001 erat,
393 1938 499 1981 nomen
519 1920 659 1981 dicuutur
678 1922 835 1982 adiecisse:
855 1920 936 1983 Serv.
956 1925 985 1982 iu
1006 1921 1089 2001 Verg.
1106 1941 1206 2002 georg.
1251 1935 1254 1941 ·

60 2025 102 2088 lll
125 2024 190 2089 313
213 2046 299 2089 usum
323 2032 354 2088 in
378 2036 564 2089 castrorum:
593 2031 675 2103 quod
702 2031 772 2089 inde
799 2037 948 2090 tormento
972 2033 1052 2103 fiunt
1079 2033 1207 2105 itemque

60 2138 181 2208 cilicio,
209 2153 288 2211 quoe
314 2136 416 2197 Celsus
445 2139 490 2195 ott
517 2139 656 2196 retulisse
686 2136 852 2197 Varronem
880 2139 947 2197 ideo
975 2140 1020 2198 sic
1048 2141 1207 2216 appellari,

60 2245 146 2317 quod
167 2260 239 2303 usus
262 2260 366 2302 eorum
389 2245 420 2303 in
447 2242 555 2303 Cilicia
578 2251 664 2303 ortus
684 2246 732 2303 rit.

156 2383 211 2444 illi
245 2384 309 2445 hoc
343 2403 455 2463 neque
489 2382 529 2443 ab
557 2382 622 2443 hoo
651 2384 742 2462 quod
776 2393 933 2446 mutaret
960 2387 1144 2445 cossinius
1173 2395 1207 2445 ct

59 2490 169 2552 simul
188 2490 295 2552 uituli
315 2489 483 2568 libertus]
505 2490 576 2551 Cum
596 2494 645 2552 ille
659 2493 725 2572 doc,
744 2510 841 2568 neque
855 2496 1013 2568 quisquam
1032 2495 1205 2572 annotaret,

59 2602 156 2660 simul
182 2599 276 2658 Vltuli
297 2616 361 2677 sqq.
399 2596 538 2676 Ursinus,
562 2600 612 2677 qui
637 2600 666 2658 iu
691 2598 896 2677 superioribus
920 2604 1027 2662 dicunt
1049 2599 1205 2660 deleverat.

60 2710 114 2766 ille
143 2707 213 2778 ltoc,
242 2723 339 2780 oeque
367 2707 406 2765 ob
435 2708 491 2766 hoc
523 2709 577 2780 qui
611 2714 744 2767 mutaret
775 2715 804 2767 ct
836 2711 926 2768 simul
952 2726 1015 2786 sqq.
1049 2707 1207 2785 Gesnerus,

60 2811 145 2892 quod
171 2811 372 2872 Schneiderus
396 2811 538 2891 probavit.
575 2830 665 2892 pravo
689 2813 799 2874 iudicio
822 2816 1003 2894 interpretes
1022 2814 1058 2874 de
1079 2813 1206 2874 Cossiuii

61 2921 183 2980 nomine
202 2918 422 3002 dubitaverunt,
440 2937 508 2980 cum
527 2919 561 2980 ad
582 2919 661 2980 illius
682 2920 910 3000 disputalionem
931 2922 967 2981 de
993 2921 1065 2982 lacte
1089 2931 1119 2981 et
1144 2930 1208 2981 tou-

61 3044 134 3086 sura
158 3025 229 3087 baec
254 3027 409 3088 relerreut.
447 3036 569 3106 apparet
592 3029 670 3087 enirn
695 3025 791 3104 verba,
812 3027 921 3107 quibus
941 3027 1128 3088 sermonibus
1148 3027 1205 3087 ool·

61 3132 248 3213 loquentium
273 3134 339 3194 finis
362 3136 533 3212 imponitur,
557 3133 591 3193 ad
617 3136 787 3193 uuiversum
812 3133 919 3194 librum
945 3137 1103 3212 pertinere.
1137 3133 1204 3192 Cos-

62 3241 160 3301 sinius
189 3249 286 3301 autem
307 3243 479 3300 nominatim
503 3239 676 3319 appellatur,
699 3258 757 3300 nou
783 3239 877 3300 solum
898 3240 975 3320 quod
996 3240 1035 3300 illl
1057 3249 1205 3300 extremae

60 3355 163 3427 partes¹
186 3347 314 3408 tributae
339 3357 431 3426 erant,
450 3347 501 3408 sed
522 3349 610 3407 etiarn
630 3347 707 3426 quod
733 3346 770 3407 ab
789 3349 855 3407 eius
875 3348 1078 3408 adhortatione
1098 3347 1124 3408 ll
1144 3346 1203 3427 l,l

60 3456 161 3515 omuis
184 3473 354 3515 sermonum
379 3457 453 3515 ratio
478 3454 608 3534 prolecta
634 3465 705 3516 crat.

153 3598 278 3678 ltaque
302 3598 524 3659 discedimus
547 3616 611 3677 ego
634 3607 668 3658 et
692 3598 809 3659 scrofa
833 3600 869 3658 iu
896 3597 1023 3659 hortos
1047 3597 1085 3657 ad
1111 3599 1206 3657 uitu-

61 3707 134 3768 lum
158 3708 260 3786 uiger
284 3708 318 3766 iu
342 3706 486 3767 turcani
509 3707 543 3766 iu
568 3716 644 3767 oste
674 3705 729 3766 illi
752 3708 881 3785 partim
909 3706 1048 3766 domum
1078 3705 1206 3784 partim

62 3814 104 3875 ad
128 3812 296 3892 leuatem]
316 3815 366 3874 Aa
385 3814 514 3874 Vitorium
529 3815 656 3889 Nigrum
676 3814 862 3874 Turonorum
886 3815 958 3885 (uon
978 3813 1206 3882 Turronnium).

61 3939 135 3982 mox
158 3923 203 3982 illi
222 3924 336 3997 partim
360 3924 487 4000 domum,
506 3924 622 3998 purtim
645 3924 689 3982 od
709 3925 838 3982 lenotom
861 3920 937 3980 edita
957 3930 1024 3979 aute
1045 3917 1205 3977 Victorium

49 4028 256 4111 exemplaria,
284 4031 327 4088 od
360 4028 501 4102 Vdulum,
526 4029 620 4103 ll'iqer
649 4031 678 4089 in
714 4028 861 4088 Turranio⁸
886 4030 995 4106 nostri,
1024 4028 1070 4086 itte·
1092 4027 1205 4100 partim

60 4139 191 4216 domum,
206 4138 321 4212 partim
340 4137 384 4195 od
400 4134 544 4196 denotem
562 4133 719 4216 Victorius,
740 4133 793 4195 ubi
812 4135 906 4210 Niger
930 4137 961 4195 in
984 4132 1201 4206 iiorronionos,

56 4254 90 4308 et
122 4247 168 4305 illi
199 4241 330 4321 Scaliger
362 4243 497 4302 coniecit.
543 4245 586 4302 od
620 4241 761 4315 Vitulum,
795 4243 889 4317 lliqer
925 4242 1063 4302 Turrani
1094 4246 1205 4312 noster,

65 4355 125 4415 olii
144 4353 259 4428 partim
287 4353 418 4431 domum,
442 4352 557 4426 purtim
585 4351 628 4409 od
655 4349 827 4411 Maerentem
855 4347 989 4410 Ursinus.
1035 4346 1208 4425 Turranius,

62 4461 100 4521 ad
125 4454 316 4540 quemliber
339 4457 468 4535 scriptus
491 4464 550 4536 cst,
574 4456 678 4516 iisdem
703 4455 800 4517 verbis
823 4453 985 4536 appellalur
1008 4453 1034 4514 ll
1062 4456 1153 4534 prael.
1178 4452 1207 4515 6.
