<?xml version="1.0" encoding="UTF-8"?>
<!DOCTYPE html PUBLIC "-//W3C//DTD XHTML 1.0 Transitional//EN"
    "http://www.w3.org/TR/xhtml1/DTD/xhtml1-transitional.dtd">
<html xmlns="http://www.w3.org/1999/xhtml" xml:lang="en" lang="en">
 <head>
  <title>
</title>
<meta http-equiv="Content-Type" content="text/html;charset=utf-8" />
  <meta name='ocr-system' content='tesseract 3.04.00' />
  <meta name='ocr-capabilities' content='ocr_page ocr_carea ocr_par ocr_line ocrx_word'/>
</head>
<body>
  <div class='ocr_page' id='page_1' title='image "./mporcicatonisde00keilgoog_0339.png"; bbox 0 0 2874 4994; ppageno 0'>
   <div class='ocr_carea' id='block_1_1' title="bbox 148 323 946 388">
    <p class='ocr_par' dir='ltr' id='par_1_1' title="bbox 148 323 946 388">
     <span class='ocr_line' id='line_1_1' title="bbox 148 323 946 388; baseline -0.001 0"><span class='ocrx_word' id='word_1_1' title='bbox 148 323 209 388; x_wconf 84' lang='grc'>116</span> <span class='ocrx_word' id='word_1_2' title='bbox 490 331 679 386; x_wconf 80' lang='grc' dir='ltr'><strong>ΟΟΜΜΕΝΤ.</strong></span> <span class='ocrx_word' id='word_1_3' title='bbox 699 332 739 386; x_wconf 85' lang='lat' dir='ltr'>IN</span> <span class='ocrx_word' id='word_1_4' title='bbox 757 330 946 387; x_wconf 81' lang='lat' dir='ltr'><strong>VARRONIS</strong></span> 
     </span>
    </p>
   </div>
   <div class='ocr_carea' id='block_1_2' title="bbox 64 483 1290 4101">
    <p class='ocr_par' dir='ltr' id='par_1_2' title="bbox 64 483 1290 1314">
     <span class='ocr_line' id='line_1_2' title="bbox 234 483 1238 566; baseline -0.001 -20"><span class='ocrx_word' id='word_1_5' title='bbox 234 484 254 546; x_wconf 77' lang='lat'><strong>2</strong></span> <span class='ocrx_word' id='word_1_6' title='bbox 293 486 358 558; x_wconf 87' lang='lat' dir='ltr'>Qui</span> <span class='ocrx_word' id='word_1_7' title='bbox 393 505 493 548; x_wconf 87' lang='lat' dir='ltr'>manu</span> <span class='ocrx_word' id='word_1_8' title='bbox 522 489 624 566; x_wconf 89' lang='lat' dir='ltr'>tangi</span> <span class='ocrx_word' id='word_1_9' title='bbox 652 506 718 547; x_wconf 92' lang='lat' dir='ltr'>oon</span> <span class='ocrx_word' id='word_1_10' title='bbox 750 495 923 566; x_wconf 89' lang='lat' dir='ltr'>poterunt</span> <span class='ocrx_word' id='word_1_11' title='bbox 951 489 998 548; x_wconf 86' lang='lat' dir='ltr'>ita</span> <span class='ocrx_word' id='word_1_12' title='bbox 1026 487 1124 566; x_wconf 88' lang='lat' dir='ltr'>quati</span> <span class='ocrx_word' id='word_1_13' title='bbox 1146 483 1238 546; x_wconf 85' lang='lat' dir='ltr'>debant</span> 
     </span>
     <span class='ocr_line' id='line_1_3' title="bbox 145 591 1240 674; baseline -0.001 -19"><span class='ocrx_word' id='word_1_14' title='bbox 145 604 182 655; x_wconf 90' lang='lat' dir='ltr'>ut</span> <span class='ocrx_word' id='word_1_15' title='bbox 204 593 404 654; x_wconf 78' lang='lat' dir='ltr'>harundine</span> <span class='ocrx_word' id='word_1_16' title='bbox 429 597 674 674; x_wconf 90' lang='lat' dir='ltr'>potiusquam</span> <span class='ocrx_word' id='word_1_17' title='bbox 699 597 836 673; x_wconf 86' lang='lat' dir='ltr'>pertica</span> <span class='ocrx_word' id='word_1_18' title='bbox 862 591 1059 671; x_wconf 77' lang='lat' dir='ltr'>feriantur]</span> <span class='ocrx_word' id='word_1_19' title='bbox 1087 593 1163 666; x_wconf 74' lang='grc' dir='ltr'>θυαε</span> <span class='ocrx_word' id='word_1_20' title='bbox 1181 608 1240 654; x_wconf 79' lang='lat' dir='ltr'>nott</span> 
     </span>
     <span class='ocr_line' id='line_1_4' title="bbox 145 696 1249 781; baseline 0.001 -20"><span class='ocrx_word' id='word_1_21' title='bbox 145 701 223 762; x_wconf 88' lang='lat' dir='ltr'>edita</span> <span class='ocrx_word' id='word_1_22' title='bbox 246 712 313 761; x_wconf 85' lang='lat' dir='ltr'>onte</span> <span class='ocrx_word' id='word_1_23' title='bbox 339 701 498 761; x_wconf 79' lang='lat' dir='ltr'>Victoriam</span> <span class='ocrx_word' id='word_1_24' title='bbox 529 701 715 781; x_wconf 83' lang='lat' dir='ltr'>exemplaria.</span> <span class='ocrx_word' id='word_1_25' title='bbox 752 705 806 777; x_wconf 80' lang='lat' dir='ltr'>poi</span> <span class='ocrx_word' id='word_1_26' title='bbox 832 719 924 763; x_wconf 83' lang='lat' dir='ltr'>manu</span> <span class='ocrx_word' id='word_1_27' title='bbox 948 719 984 761; x_wconf 84' lang='lat' dir='ltr'>ex</span> <span class='ocrx_word' id='word_1_28' title='bbox 1013 696 1249 761; x_wconf 72' lang='lat' dir='ltr'>codicellorum</span> 
     </span>
     <span class='ocr_line' id='line_1_5' title="bbox 145 805 1250 888; baseline -0.005 -19"><span class='ocrx_word' id='word_1_29' title='bbox 145 811 266 888; x_wconf 88' lang='lat' dir='ltr'>recepit.</span> <span class='ocrx_word' id='word_1_30' title='bbox 304 810 422 869; x_wconf 88' lang='lat' dir='ltr'>restitui</span> <span class='ocrx_word' id='word_1_31' title='bbox 446 827 539 884; x_wconf 81' lang='lat' dir='ltr'>quoe:</span> <span class='ocrx_word' id='word_1_32' title='bbox 563 827 629 868; x_wconf 90' lang='lat' dir='ltr'>nam</span> <span class='ocrx_word' id='word_1_33' title='bbox 654 808 689 868; x_wconf 92' lang='lat' dir='ltr'>de</span> <span class='ocrx_word' id='word_1_34' title='bbox 714 807 786 867; x_wconf 87' lang='lat' dir='ltr'>oleis</span> <span class='ocrx_word' id='word_1_35' title='bbox 810 806 882 867; x_wconf 90' lang='lat' dir='ltr'>baec</span> <span class='ocrx_word' id='word_1_36' title='bbox 907 806 975 887; x_wconf 86' lang='lat' dir='ltr'>diei,</span> <span class='ocrx_word' id='word_1_37' title='bbox 999 825 1059 867; x_wconf 90' lang='lat' dir='ltr'>non</span> <span class='ocrx_word' id='word_1_38' title='bbox 1083 805 1118 866; x_wconf 84' lang='lat' dir='ltr'>de</span> <span class='ocrx_word' id='word_1_39' title='bbox 1135 807 1250 888; x_wconf 58' lang='lat' dir='ltr'>namuel</span> 
     </span>
     <span class='ocr_line' id='line_1_6' title="bbox 64 912 1260 994; baseline -0.003 -18"><span class='ocrx_word' id='word_1_40' title='bbox 64 918 73 934; x_wconf 89' lang='lat'>&#39;</span> <span class='ocrx_word' id='word_1_41' title='bbox 144 934 179 976; x_wconf 81' lang='lat' dir='ltr'>ox</span> <span class='ocrx_word' id='word_1_42' title='bbox 202 918 239 976; x_wconf 86' lang='lat' dir='ltr'>iis</span> <span class='ocrx_word' id='word_1_43' title='bbox 263 934 338 994; x_wconf 88' lang='lat' dir='ltr'>quae</span> <span class='ocrx_word' id='word_1_44' title='bbox 362 934 450 994; x_wconf 89' lang='lat' dir='ltr'>sopra</span> <span class='ocrx_word' id='word_1_45' title='bbox 471 917 580 994; x_wconf 86' lang='lat' dir='ltr'>scripta</span> <span class='ocrx_word' id='word_1_46' title='bbox 605 923 691 975; x_wconf 86' lang='lat' dir='ltr'>erant</span> <span class='ocrx_word' id='word_1_47' title='bbox 708 933 789 990; x_wconf 83' lang='lat' dir='ltr'>quac</span> <span class='ocrx_word' id='word_1_48' title='bbox 807 931 899 974; x_wconf 81' lang='lat' dir='ltr'>muno</span> <span class='ocrx_word' id='word_1_49' title='bbox 917 916 1031 975; x_wconf 82' lang='lat' dir='ltr'>stricta</span> <span class='ocrx_word' id='word_1_50' title='bbox 1050 921 1081 974; x_wconf 87' lang='lat' dir='ltr'>et</span> <span class='ocrx_word' id='word_1_51' title='bbox 1099 912 1260 991; x_wconf 67' lang='lat' dir='ltr'>extisque</span> 
     </span>
     <span class='ocr_line' id='line_1_7' title="bbox 145 1014 1290 1102; baseline -0.001 -21"><span class='ocrx_word' id='word_1_52' title='bbox 145 1030 312 1101; x_wconf 88' lang='lat' dir='ltr'>sequuntur</span> <span class='ocrx_word' id='word_1_53' title='bbox 336 1041 374 1084; x_wconf 85' lang='lat' dir='ltr'>nc</span> <span class='ocrx_word' id='word_1_54' title='bbox 397 1025 560 1084; x_wconf 81' lang='lat' dir='ltr'>adversam</span> <span class='ocrx_word' id='word_1_55' title='bbox 585 1025 695 1082; x_wconf 78' lang='lat' dir='ltr'>caedat</span> <span class='ocrx_word' id='word_1_56' title='bbox 722 1032 856 1102; x_wconf 87' lang='lat' dir='ltr'>apparet,</span> <span class='ocrx_word' id='word_1_57' title='bbox 884 1021 1019 1100; x_wconf 79' lang='lat' dir='ltr'>quamvis</span> <span class='ocrx_word' id='word_1_58' title='bbox 1042 1018 1155 1080; x_wconf 76' lang='lat' dir='ltr'><strong>Plinius</strong></span> <span class='ocrx_word' id='word_1_59' title='bbox 1170 1014 1290 1080; x_wconf 66' lang='lat' dir='ltr'>xrtt·</span> 
     </span>
     <span class='ocr_line' id='line_1_8' title="bbox 144 1123 1274 1204; baseline -0.002 -15"><span class='ocrx_word' id='word_1_60' title='bbox 144 1129 182 1190; x_wconf 87' lang='lat' dir='ltr'>de</span> <span class='ocrx_word' id='word_1_61' title='bbox 205 1131 295 1190; x_wconf 87' lang='lat' dir='ltr'>ramis</span> <span class='ocrx_word' id='word_1_62' title='bbox 319 1129 458 1190; x_wconf 89' lang='lat' dir='ltr'>arborum</span> <span class='ocrx_word' id='word_1_63' title='bbox 488 1127 598 1190; x_wconf 87' lang='lat' dir='ltr'>scribat</span> <span class='ocrx_word' id='word_1_64' title='bbox 626 1133 679 1204; x_wconf 78' lang='lat' dir='ltr'>qui</span> <span class='ocrx_word' id='word_1_65' title='bbox 701 1131 875 1190; x_wconf 79' lang='lat' dir='ltr'><em>cautissime</em></span> <span class='ocrx_word' id='word_1_66' title='bbox 897 1134 1006 1203; x_wconf 69' lang='lat' dir='ltr'>aptent,</span> <span class='ocrx_word' id='word_1_67' title='bbox 1032 1127 1198 1188; x_wconf 72' lang='lat' dir='ltr'><strong><em>harundine</em></strong></span> <span class='ocrx_word' id='word_1_68' title='bbox 1213 1123 1274 1186; x_wconf 78' lang='lat' dir='ltr'>leri</span> 
     </span>
     <span class='ocr_line' id='line_1_9' title="bbox 144 1240 783 1314; baseline 0 -18"><span class='ocrx_word' id='word_1_69' title='bbox 144 1240 206 1299; x_wconf 83' lang='lat' dir='ltr'>ictu</span> <span class='ocrx_word' id='word_1_70' title='bbox 230 1256 286 1299; x_wconf 86' lang='lat' dir='ltr'>nce</span> <span class='ocrx_word' id='word_1_71' title='bbox 310 1240 454 1298; x_wconf 74' lang='lat' dir='ltr'>oderersos</span> <span class='ocrx_word' id='word_1_72' title='bbox 472 1240 651 1314; x_wconf 82' lang='lat' dir='ltr'>percutiunt</span> <span class='ocrx_word' id='word_1_73' title='bbox 674 1254 783 1297; x_wconf 83' lang='lat' dir='ltr'>remos.</span> 
     </span>
    </p>

    <p class='ocr_par' dir='ltr' id='par_1_3' title="bbox 142 1341 1290 2490">
     <span class='ocr_line' id='line_1_10' title="bbox 233 1341 1271 1420; baseline -0.004 -15"><span class='ocrx_word' id='word_1_74' title='bbox 233 1341 253 1405; x_wconf 89' lang='lat'>3</span> <span class='ocrx_word' id='word_1_75' title='bbox 286 1343 355 1405; x_wconf 91' lang='lat' dir='ltr'>Nec</span> <span class='ocrx_word' id='word_1_76' title='bbox 379 1343 465 1403; x_wconf 90' lang='lat' dir='ltr'>baec</span> <span class='ocrx_word' id='word_1_77' title='bbox 490 1361 557 1403; x_wconf 91' lang='lat' dir='ltr'>non</span> <span class='ocrx_word' id='word_1_78' title='bbox 582 1345 724 1403; x_wconf 86' lang='lat' dir='ltr'>minima</span> <span class='ocrx_word' id='word_1_79' title='bbox 748 1341 873 1420; x_wconf 90' lang='lat' dir='ltr'>eausa]</span> <span class='ocrx_word' id='word_1_80' title='bbox 909 1343 945 1403; x_wconf 85' lang='lat' dir='ltr'>Ut</span> <span class='ocrx_word' id='word_1_81' title='bbox 972 1344 1051 1403; x_wconf 81' lang='lat' dir='ltr'>baec</span> <span class='ocrx_word' id='word_1_82' title='bbox 1080 1358 1140 1402; x_wconf 80' lang='lat' dir='ltr'>non</span> <span class='ocrx_word' id='word_1_83' title='bbox 1162 1343 1271 1401; x_wconf 72' lang='lat' dir='ltr'>mum</span> 
     </span>
     <span class='ocr_line' id='line_1_11' title="bbox 143 1447 1280 1531; baseline -0.004 -21"><span class='ocrx_word' id='word_1_84' title='bbox 143 1469 238 1513; x_wconf 82' lang='lat' dir='ltr'>causa</span> <span class='ocrx_word' id='word_1_85' title='bbox 263 1470 297 1512; x_wconf 80' lang='lat' dir='ltr'>ex</span> <span class='ocrx_word' id='word_1_86' title='bbox 321 1453 456 1531; x_wconf 78' lang='lat' dir='ltr'>principe</span> <span class='ocrx_word' id='word_1_87' title='bbox 481 1450 609 1511; x_wconf 75' lang='lat' dir='ltr'>editione</span> <span class='ocrx_word' id='word_1_88' title='bbox 634 1449 784 1510; x_wconf 88' lang='lat' dir='ltr'>Gesnerus</span> <span class='ocrx_word' id='word_1_89' title='bbox 812 1457 843 1510; x_wconf 85' lang='lat' dir='ltr'>ot</span> <span class='ocrx_word' id='word_1_90' title='bbox 867 1447 1070 1510; x_wconf 84' lang='lat' dir='ltr'>Schneiderus</span> <span class='ocrx_word' id='word_1_91' title='bbox 1099 1456 1280 1527; x_wconf 77' lang='lat' dir='ltr'>receperunt,</span> 
     </span>
     <span class='ocr_line' id='line_1_12' title="bbox 143 1540 1281 1637; baseline -0.004 -20"><span class='ocrx_word' id='word_1_92' title='bbox 143 1567 299 1637; x_wconf 86' lang='lat' dir='ltr'>postquam</span> <span class='ocrx_word' id='word_1_93' title='bbox 315 1558 425 1618; x_wconf 90' lang='lat' dir='ltr'>codicis</span> <span class='ocrx_word' id='word_1_94' title='bbox 440 1540 597 1618; x_wconf 89' lang='lat' dir='ltr'>lectionem</span> <span class='ocrx_word' id='word_1_95' title='bbox 613 1555 761 1618; x_wconf 87' lang='lat' dir='ltr'>Victorius</span> <span class='ocrx_word' id='word_1_96' title='bbox 777 1559 956 1618; x_wconf 91' lang='lat' dir='ltr'>restituerat.</span> <span class='ocrx_word' id='word_1_97' title='bbox 995 1573 1052 1616; x_wconf 84' lang='lat' dir='ltr'>nec</span> <span class='ocrx_word' id='word_1_98' title='bbox 1070 1558 1148 1617; x_wconf 83' lang='lat' dir='ltr'>boec</span> <span class='ocrx_word' id='word_1_99' title='bbox 1161 1557 1281 1615; x_wconf 67' lang='lat' dir='ltr'>minine!</span> 
     </span>
     <span class='ocr_line' id='line_1_13' title="bbox 143 1662 1290 1746; baseline -0.007 -19"><span class='ocrx_word' id='word_1_100' title='bbox 143 1683 239 1727; x_wconf 82' lang='lat' dir='ltr'>causo</span> <span class='ocrx_word' id='word_1_101' title='bbox 267 1664 349 1725; x_wconf 88' lang='lat' dir='ltr'>dedit</span> <span class='ocrx_word' id='word_1_102' title='bbox 373 1663 596 1746; x_wconf 76' lang='lat' dir='ltr'>SohleicheruS,</span> <span class='ocrx_word' id='word_1_103' title='bbox 626 1667 675 1743; x_wconf 89' lang='lat' dir='ltr'>qui</span> <span class='ocrx_word' id='word_1_104' title='bbox 704 1667 835 1744; x_wconf 85' lang='lat' dir='ltr'>priorem</span> <span class='ocrx_word' id='word_1_105' title='bbox 864 1663 953 1725; x_wconf 86' lang='lat' dir='ltr'>buius</span> <span class='ocrx_word' id='word_1_106' title='bbox 977 1664 1084 1743; x_wconf 85' lang='lat' dir='ltr'>eapitis</span> <span class='ocrx_word' id='word_1_107' title='bbox 1111 1668 1216 1740; x_wconf 84' lang='lat' dir='ltr'>partem</span> <span class='ocrx_word' id='word_1_108' title='bbox 1237 1662 1290 1719; x_wconf 69' lang='lat' dir='ltr'>ir·</span> 
     </span>
     <span class='ocr_line' id='line_1_14' title="bbox 143 1765 1290 1848; baseline -0.004 -17"><span class='ocrx_word' id='word_1_109' title='bbox 143 1771 305 1833; x_wconf 88' lang='lat' dir='ltr'>melematis</span> <span class='ocrx_word' id='word_1_110' title='bbox 330 1769 517 1831; x_wconf 79' lang='lat' dir='ltr'>Vennonianis</span> <span class='ocrx_word' id='word_1_111' title='bbox 537 1770 656 1830; x_wconf 90' lang='lat' dir='ltr'>Bonnao</span> <span class='ocrx_word' id='word_1_112' title='bbox 677 1790 701 1830; x_wconf 91' lang='lat' dir='ltr'>a.</span> <span class='ocrx_word' id='word_1_113' title='bbox 726 1767 811 1832; x_wconf 85' lang='grc'>1846</span> <span class='ocrx_word' id='word_1_114' title='bbox 837 1769 924 1831; x_wconf 89' lang='lat' dir='ltr'>editis</span> <span class='ocrx_word' id='word_1_115' title='bbox 947 1787 975 1848; x_wconf 90' lang='lat' dir='ltr'>p.</span> <span class='ocrx_word' id='word_1_116' title='bbox 999 1766 1039 1829; x_wconf 87' lang='grc'>16</span> <span class='ocrx_word' id='word_1_117' title='bbox 1058 1770 1206 1848; x_wconf 70' lang='lat' dir='ltr'>expressit</span> <span class='ocrx_word' id='word_1_118' title='bbox 1233 1765 1290 1826; x_wconf 77' lang='lat' dir='ltr'>de</span> 
     </span>
     <span class='ocr_line' id='line_1_15' title="bbox 142 1874 1290 1959; baseline -0.004 -21"><span class='ocrx_word' id='word_1_119' title='bbox 142 1881 289 1959; x_wconf 89' lang='lat' dir='ltr'>geminata</span> <span class='ocrx_word' id='word_1_120' title='bbox 313 1881 469 1958; x_wconf 75' lang='lat' dir='ltr'>negatione</span> <span class='ocrx_word' id='word_1_121' title='bbox 494 1897 551 1939; x_wconf 96' lang='lat' dir='ltr'>non</span> <span class='ocrx_word' id='word_1_122' title='bbox 577 1878 690 1940; x_wconf 87' lang='lat' dir='ltr'>sublata</span> <span class='ocrx_word' id='word_1_123' title='bbox 715 1881 742 1939; x_wconf 91' lang='lat' dir='ltr'>vi</span> <span class='ocrx_word' id='word_1_124' title='bbox 766 1878 893 1957; x_wconf 85' lang='lat' dir='ltr'>negandi</span> <span class='ocrx_word' id='word_1_125' title='bbox 912 1876 972 1937; x_wconf 86' lang='lat' dir='ltr'>dixi</span> <span class='ocrx_word' id='word_1_126' title='bbox 991 1874 1004 1935; x_wconf 95' lang='lat' dir='ltr'>l</span> <span class='ocrx_word' id='word_1_127' title='bbox 1024 1874 1055 1958; x_wconf 78' lang='lat'>2,</span> <span class='ocrx_word' id='word_1_128' title='bbox 1069 1874 1122 1939; x_wconf 77' lang='lat'>23.</span> <span class='ocrx_word' id='word_1_129' title='bbox 1156 1875 1189 1936; x_wconf 89' lang='lat' dir='ltr'>de</span> <span class='ocrx_word' id='word_1_130' title='bbox 1205 1874 1290 1934; x_wconf 72' lang='lat' dir='ltr'>oleis</span> 
     </span>
     <span class='ocr_line' id='line_1_16' title="bbox 143 1980 1290 2064; baseline -0.004 -18"><span class='ocrx_word' id='word_1_131' title='bbox 143 1986 263 2047; x_wconf 78' lang='lat' dir='ltr'>alternis</span> <span class='ocrx_word' id='word_1_132' title='bbox 292 1988 375 2047; x_wconf 85' lang='lat' dir='ltr'>annis</span> <span class='ocrx_word' id='word_1_133' title='bbox 404 1987 519 2048; x_wconf 88' lang='lat' dir='ltr'>lructus</span> <span class='ocrx_word' id='word_1_134' title='bbox 553 1986 717 2047; x_wconf 84' lang='lat' dir='ltr'>serentibus</span> <span class='ocrx_word' id='word_1_135' title='bbox 746 1985 851 2047; x_wconf 87' lang='lat' dir='ltr'>scribit</span> <span class='ocrx_word' id='word_1_136' title='bbox 879 1983 1040 2045; x_wconf 83' lang='lat' dir='ltr'>Columella</span> <span class='ocrx_word' id='word_1_137' title='bbox 1066 1984 1094 2042; x_wconf 80' lang='lat' dir='ltr'><strong>V</strong></span> <span class='ocrx_word' id='word_1_138' title='bbox 1114 1980 1182 2064; x_wconf 86' lang='lat'>8,1</span> <span class='ocrx_word' id='word_1_139' title='bbox 1207 1997 1290 2041; x_wconf 64' lang='lat' dir='ltr'>nom</span> 
     </span>
     <span class='ocr_line' id='line_1_17' title="bbox 142 2088 1290 2170; baseline -0.006 -15"><span class='ocrx_word' id='word_1_140' title='bbox 142 2097 278 2170; x_wconf 78' lang='lat' dir='ltr'>quamvis</span> <span class='ocrx_word' id='word_1_141' title='bbox 293 2112 353 2155; x_wconf 84' lang='lat' dir='ltr'>non</span> <span class='ocrx_word' id='word_1_142' title='bbox 369 2097 518 2154; x_wconf 82' lang='lat' dir='ltr'>continuis</span> <span class='ocrx_word' id='word_1_143' title='bbox 533 2098 631 2168; x_wconf 69' lang='lat' dir='ltr'>carru,</span> <span class='ocrx_word' id='word_1_144' title='bbox 650 2098 705 2154; x_wconf 83' lang='lat' dir='ltr'>sed</span> <span class='ocrx_word' id='word_1_145' title='bbox 719 2093 789 2169; x_wconf 83' lang='lat' dir='ltr'>sere</span> <span class='ocrx_word' id='word_1_146' title='bbox 803 2097 900 2154; x_wconf 82' lang='lat' dir='ltr'>altero</span> <span class='ocrx_word' id='word_1_147' title='bbox 915 2088 1034 2168; x_wconf 74' lang='lat' dir='ltr'>potoque</span> <span class='ocrx_word' id='word_1_148' title='bbox 1053 2109 1133 2152; x_wconf 83' lang='lat' dir='ltr'>anno</span> <span class='ocrx_word' id='word_1_149' title='bbox 1148 2089 1290 2166; x_wconf 69' lang='lat' dir='ltr'>sructur-</span> 
     </span>
     <span class='ocr_line' id='line_1_18' title="bbox 143 2196 1290 2281; baseline -0.006 -20"><span class='ocrx_word' id='word_1_150' title='bbox 143 2200 275 2276; x_wconf 80' lang='lat' dir='ltr'>odserat,</span> <span class='ocrx_word' id='word_1_151' title='bbox 295 2203 407 2262; x_wconf 78' lang='lat' dir='ltr'>eximio</span> <span class='ocrx_word' id='word_1_152' title='bbox 427 2207 526 2260; x_wconf 83' lang='lat' dir='ltr'>tomen</span> <span class='ocrx_word' id='word_1_153' title='bbox 547 2204 612 2261; x_wconf 84' lang='lat' dir='ltr'>cius</span> <span class='ocrx_word' id='word_1_154' title='bbox 631 2204 712 2262; x_wconf 82' lang='lat' dir='ltr'>ratio</span> <span class='ocrx_word' id='word_1_155' title='bbox 731 2207 783 2273; x_wconf 88' lang='lat' dir='ltr'>cst,</span> <span class='ocrx_word' id='word_1_156' title='bbox 804 2196 942 2281; x_wconf 83' lang='lat' dir='ltr'>u.9,11</span> <span class='ocrx_word' id='word_1_157' title='bbox 964 2201 1075 2260; x_wconf 83' lang='lat' dir='ltr'>deinde</span> <span class='ocrx_word' id='word_1_158' title='bbox 1093 2201 1290 2259; x_wconf 70' lang='lat' dir='ltr'>constitutur:</span> 
     </span>
     <span class='ocr_line' id='line_1_19' title="bbox 144 2305 1290 2384; baseline -0.005 -16"><span class='ocrx_word' id='word_1_159' title='bbox 144 2311 205 2368; x_wconf 82' lang='lat' dir='ltr'>iam</span> <span class='ocrx_word' id='word_1_160' title='bbox 229 2315 257 2367; x_wconf 87' lang='lat' dir='ltr'>et</span> <span class='ocrx_word' id='word_1_161' title='bbox 280 2314 434 2366; x_wconf 81' lang='lat' dir='ltr'>moturum</span> <span class='ocrx_word' id='word_1_162' title='bbox 457 2310 597 2367; x_wconf 83' lang='lat' dir='ltr'>olivetum</span> <span class='ocrx_word' id='word_1_163' title='bbox 622 2310 652 2366; x_wconf 81' lang='lat' dir='ltr'>in</span> <span class='ocrx_word' id='word_1_164' title='bbox 672 2309 750 2368; x_wconf 83' lang='lat' dir='ltr'>duos</span> <span class='ocrx_word' id='word_1_165' title='bbox 771 2313 877 2382; x_wconf 82' lang='lat' dir='ltr'>portes</span> <span class='ocrx_word' id='word_1_166' title='bbox 896 2309 1043 2384; x_wconf 72' lang='lat' dir='ltr'>ditridcre,</span> <span class='ocrx_word' id='word_1_167' title='bbox 1063 2305 1290 2381; x_wconf 73' lang='lat' dir='ltr'>quaeritanti</span> 
     </span>
     <span class='ocr_line' id='line_1_20' title="bbox 143 2412 1277 2490; baseline -0.004 -15"><span class='ocrx_word' id='word_1_168' title='bbox 143 2418 232 2475; x_wconf 82' lang='lat' dir='ltr'>onais</span> <span class='ocrx_word' id='word_1_169' title='bbox 250 2413 358 2490; x_wconf 77' lang='lat' dir='ltr'>fructu</span> <span class='ocrx_word' id='word_1_170' title='bbox 373 2416 550 2474; x_wconf 83' lang='lat' dir='ltr'>induantur.</span> <span class='ocrx_word' id='word_1_171' title='bbox 588 2432 685 2488; x_wconf 81' lang='lat' dir='ltr'>neque</span> <span class='ocrx_word' id='word_1_172' title='bbox 699 2417 777 2474; x_wconf 81' lang='lat' dir='ltr'>ertim</span> <span class='ocrx_word' id='word_1_173' title='bbox 792 2417 858 2475; x_wconf 81' lang='lat' dir='ltr'>olea</span> <span class='ocrx_word' id='word_1_174' title='bbox 873 2416 1016 2474; x_wconf 81' lang='lat' dir='ltr'>continuo</span> <span class='ocrx_word' id='word_1_175' title='bbox 1032 2414 1152 2473; x_wconf 84' lang='lat' dir='ltr'>biennio</span> <span class='ocrx_word' id='word_1_176' title='bbox 1165 2412 1277 2472; x_wconf 62' lang='lat' dir='ltr'>ebur</span> 
     </span>
    </p>

    <p class='ocr_par' dir='ltr' id='par_1_4' title="bbox 143 2516 1290 3134">
     <span class='ocr_line' id='line_1_21' title="bbox 232 2516 1290 2598; baseline -0.005 -17"><span class='ocrx_word' id='word_1_177' title='bbox 232 2519 253 2581; x_wconf 87' lang='grc'>4</span> <span class='ocrx_word' id='word_1_178' title='bbox 287 2521 361 2581; x_wconf 79' lang='lat' dir='ltr'>Alia</span> <span class='ocrx_word' id='word_1_179' title='bbox 385 2520 424 2581; x_wconf 87' lang='lat' dir='ltr'>ad</span> <span class='ocrx_word' id='word_1_180' title='bbox 449 2519 566 2580; x_wconf 89' lang='lat' dir='ltr'>cibum</span> <span class='ocrx_word' id='word_1_181' title='bbox 591 2519 738 2581; x_wconf 89' lang='lat' dir='ltr'>ledatur</span> <span class='ocrx_word' id='word_1_182' title='bbox 762 2519 829 2581; x_wconf 87' lang='lat' dir='ltr'>alia</span> <span class='ocrx_word' id='word_1_183' title='bbox 853 2529 890 2581; x_wconf 92' lang='lat' dir='ltr'>ut</span> <span class='ocrx_word' id='word_1_184' title='bbox 914 2516 1133 2598; x_wconf 79' lang='lat' dir='ltr'>eliquescat]</span> <span class='ocrx_word' id='word_1_185' title='bbox 1155 2520 1290 2578; x_wconf 69' lang='lat' dir='ltr'>arun</span> 
     </span>
     <span class='ocr_line' id='line_1_22' title="bbox 145 2627 1290 2707; baseline -0.005 -17"><span class='ocrx_word' id='word_1_186' title='bbox 145 2631 245 2690; x_wconf 81' lang='lat' dir='ltr'>cibum</span> <span class='ocrx_word' id='word_1_187' title='bbox 274 2632 397 2702; x_wconf 70' lang='lat' dir='ltr'>cligitur</span> <span class='ocrx_word' id='word_1_188' title='bbox 426 2647 461 2687; x_wconf 86' lang='lat' dir='ltr'>ex</span> <span class='ocrx_word' id='word_1_189' title='bbox 486 2627 588 2687; x_wconf 76' lang='lat' dir='ltr'>Aldina</span> <span class='ocrx_word' id='word_1_190' title='bbox 617 2627 745 2688; x_wconf 87' lang='lat' dir='ltr'>editione</span> <span class='ocrx_word' id='word_1_191' title='bbox 770 2638 922 2707; x_wconf 90' lang='lat' dir='ltr'>receptum</span> <span class='ocrx_word' id='word_1_192' title='bbox 951 2637 1024 2687; x_wconf 92' lang='lat' dir='ltr'>erat.</span> <span class='ocrx_word' id='word_1_193' title='bbox 1062 2629 1106 2688; x_wconf 82' lang='lat' dir='ltr'>ad</span> <span class='ocrx_word' id='word_1_194' title='bbox 1131 2627 1219 2688; x_wconf 82' lang='lat' dir='ltr'>cibum</span> <span class='ocrx_word' id='word_1_195' title='bbox 1237 2643 1290 2684; x_wconf 74' lang='grc' dir='ltr'>ι</span> 
     </span>
     <span class='ocr_line' id='line_1_23' title="bbox 143 2731 1290 2813; baseline -0.004 -17"><span class='ocrx_word' id='word_1_196' title='bbox 143 2738 296 2796; x_wconf 83' lang='lat' dir='ltr'>cortdotur</span> <span class='ocrx_word' id='word_1_197' title='bbox 320 2733 454 2794; x_wconf 82' lang='lat' dir='ltr'>Ursinus</span> <span class='ocrx_word' id='word_1_198' title='bbox 492 2736 623 2808; x_wconf 79' lang='lat' dir='ltr'>ledetur,</span> <span class='ocrx_word' id='word_1_199' title='bbox 648 2733 726 2813; x_wconf 89' lang='lat' dir='ltr'>quod</span> <span class='ocrx_word' id='word_1_200' title='bbox 751 2752 786 2794; x_wconf 84' lang='lat' dir='ltr'>ex</span> <span class='ocrx_word' id='word_1_201' title='bbox 810 2733 970 2813; x_wconf 79' lang='lat' dir='ltr'>archetypo</span> <span class='ocrx_word' id='word_1_202' title='bbox 995 2731 1143 2793; x_wconf 88' lang='lat' dir='ltr'>Victorius</span> <span class='ocrx_word' id='word_1_203' title='bbox 1164 2731 1290 2793; x_wconf 59' lang='lat' dir='ltr'>adnot-⁴⁴</span> 
     </span>
     <span class='ocr_line' id='line_1_24' title="bbox 145 2838 1290 2921; baseline -0.003 -22"><span class='ocrx_word' id='word_1_204' title='bbox 145 2849 238 2921; x_wconf 88' lang='lat' dir='ltr'>verat,</span> <span class='ocrx_word' id='word_1_205' title='bbox 267 2838 424 2901; x_wconf 86' lang='lat' dir='ltr'>delendum</span> <span class='ocrx_word' id='word_1_206' title='bbox 453 2859 519 2900; x_wconf 90' lang='lat' dir='ltr'>esse</span> <span class='ocrx_word' id='word_1_207' title='bbox 548 2841 619 2901; x_wconf 89' lang='lat' dir='ltr'>vidit</span> <span class='ocrx_word' id='word_1_208' title='bbox 643 2840 782 2919; x_wconf 81' lang='lat' dir='ltr'>Scaliger.</span> <span class='ocrx_word' id='word_1_209' title='bbox 821 2858 920 2901; x_wconf 88' lang='lat' dir='ltr'>ansam</span> <span class='ocrx_word' id='word_1_210' title='bbox 949 2843 1062 2901; x_wconf 88' lang='lat' dir='ltr'>erroris</span> <span class='ocrx_word' id='word_1_211' title='bbox 1093 2839 1201 2901; x_wconf 87' lang='lat' dir='ltr'>dedisse</span> <span class='ocrx_word' id='word_1_212' title='bbox 1224 2855 1290 2897; x_wconf 69' lang='lat' dir='ltr'>a&lt;</span> 
     </span>
     <span class='ocr_line' id='line_1_25' title="bbox 145 2941 1290 3026; baseline -0.003 -20"><span class='ocrx_word' id='word_1_213' title='bbox 145 2950 285 3026; x_wconf 76' lang='lat' dir='ltr'>scriptam</span> <span class='ocrx_word' id='word_1_214' title='bbox 320 2945 328 3005; x_wconf 99' lang='lat' dir='ltr'>l</span> <span class='ocrx_word' id='word_1_215' title='bbox 362 2946 489 3008; x_wconf 86' lang='lat' dir='ltr'>litteram</span> <span class='ocrx_word' id='word_1_216' title='bbox 519 2947 728 3008; x_wconf 85' lang='lat' dir='ltr'>Scbleiclrerus</span> <span class='ocrx_word' id='word_1_217' title='bbox 760 2947 916 3008; x_wconf 86' lang='lat' dir='ltr'>adnotavit</span> <span class='ocrx_word' id='word_1_218' title='bbox 964 2947 1081 3008; x_wconf 87' lang='lat' dir='ltr'>videtur</span> <span class='ocrx_word' id='word_1_219' title='bbox 1111 2957 1201 3008; x_wconf 85' lang='lat' dir='ltr'>autem</span> <span class='ocrx_word' id='word_1_220' title='bbox 1223 2941 1290 3003; x_wconf 70' lang='lat' dir='ltr'>ad</span> 
     </span>
     <span class='ocr_line' id='line_1_26' title="bbox 144 3055 647 3134; baseline 0.002 -19"><span class='ocrx_word' id='word_1_221' title='bbox 144 3057 289 3134; x_wconf 89' lang='lat' dir='ltr'>scriptum</span> <span class='ocrx_word' id='word_1_222' title='bbox 314 3055 404 3115; x_wconf 90' lang='lat' dir='ltr'>luisse</span> <span class='ocrx_word' id='word_1_223' title='bbox 428 3059 446 3115; x_wconf 91' lang='lat' dir='ltr'>l.</span> <span class='ocrx_word' id='word_1_224' title='bbox 471 3064 504 3116; x_wconf 87' lang='lat' dir='ltr'>ut</span> <span class='ocrx_word' id='word_1_225' title='bbox 528 3058 647 3116; x_wconf 79' lang='lat' dir='ltr'>edatur.</span> 
     </span>
    </p>

    <p class='ocr_par' dir='ltr' id='par_1_5' title="bbox 144 3152 1290 4101">
     <span class='ocr_line' id='line_1_27' title="bbox 232 3152 1278 3242; baseline -0.005 -20"><span class='ocrx_word' id='word_1_226' title='bbox 232 3161 356 3241; x_wconf 89' lang='lat' dir='ltr'>ltaque</span> <span class='ocrx_word' id='word_1_227' title='bbox 380 3161 559 3223; x_wconf 88' lang='lat' dir='ltr'>dominum</span> <span class='ocrx_word' id='word_1_228' title='bbox 579 3173 614 3224; x_wconf 91' lang='lat' dir='ltr'>et</span> <span class='ocrx_word' id='word_1_229' title='bbox 633 3163 779 3223; x_wconf 87' lang='lat' dir='ltr'>balneas</span> <span class='ocrx_word' id='word_1_230' title='bbox 799 3171 833 3222; x_wconf 90' lang='lat' dir='ltr'>et</span> <span class='ocrx_word' id='word_1_231' title='bbox 851 3163 1078 3241; x_wconf 87' lang='lat' dir='ltr'>giminasium</span> <span class='ocrx_word' id='word_1_232' title='bbox 1099 3152 1278 3242; x_wconf 80' lang='lat' dir='ltr'>sequitur}</span> 
     </span>
     <span class='ocr_line' id='line_1_28' title="bbox 147 3263 1264 3350; baseline -0.006 -20"><span class='ocrx_word' id='word_1_233' title='bbox 147 3273 385 3330; x_wconf 80' lang='lat' dir='ltr'>Giminastumlt</span> <span class='ocrx_word' id='word_1_234' title='bbox 412 3279 442 3330; x_wconf 92' lang='lat' dir='ltr'>et</span> <span class='ocrx_word' id='word_1_235' title='bbox 464 3269 653 3329; x_wconf 84' lang='lat' dir='ltr'>Florentinus</span> <span class='ocrx_word' id='word_1_236' title='bbox 678 3269 779 3350; x_wconf 85' lang='lat' dir='ltr'>codex,</span> <span class='ocrx_word' id='word_1_237' title='bbox 801 3274 994 3347; x_wconf 73' lang='lat' dir='ltr'>gymnasium</span> <span class='ocrx_word' id='word_1_238' title='bbox 1015 3269 1177 3349; x_wconf 88' lang='lat' dir='ltr'>apographa</span> <span class='ocrx_word' id='word_1_239' title='bbox 1193 3263 1264 3327; x_wconf 81' lang='lat' dir='ltr'>ltalo</span> 
     </span>
     <span class='ocr_line' id='line_1_29' title="bbox 145 3376 1256 3454; baseline -0.005 -18"><span class='ocrx_word' id='word_1_240' title='bbox 145 3396 219 3438; x_wconf 89' lang='lat' dir='ltr'>rum.</span> <span class='ocrx_word' id='word_1_241' title='bbox 257 3382 360 3452; x_wconf 78' lang='lat' dir='ltr'>itaque</span> <span class='ocrx_word' id='word_1_242' title='bbox 384 3378 534 3436; x_wconf 82' lang='lat' dir='ltr'>domiuum</span> <span class='ocrx_word' id='word_1_243' title='bbox 559 3383 588 3436; x_wconf 90' lang='lat' dir='ltr'>ct</span> <span class='ocrx_word' id='word_1_244' title='bbox 611 3378 653 3436; x_wconf 84' lang='lat' dir='ltr'>ad</span> <span class='ocrx_word' id='word_1_245' title='bbox 675 3378 800 3437; x_wconf 83' lang='lat' dir='ltr'>balneas</span> <span class='ocrx_word' id='word_1_246' title='bbox 824 3384 853 3438; x_wconf 88' lang='lat' dir='ltr'>ct</span> <span class='ocrx_word' id='word_1_247' title='bbox 875 3380 919 3438; x_wconf 84' lang='lat' dir='ltr'>cd</span> <span class='ocrx_word' id='word_1_248' title='bbox 938 3381 1131 3454; x_wconf 64' lang='lat' dir='ltr'>gymnasium</span> <span class='ocrx_word' id='word_1_249' title='bbox 1148 3376 1256 3451; x_wconf 77' lang='lat' dir='ltr'>sequitur</span> 
     </span>
     <span class='ocr_line' id='line_1_30' title="bbox 145 3480 1290 3563; baseline -0.005 -18"><span class='ocrx_word' id='word_1_250' title='bbox 145 3484 305 3545; x_wconf 87' lang='lat' dir='ltr'>iucundus.</span> <span class='ocrx_word' id='word_1_251' title='bbox 343 3481 495 3562; x_wconf 79' lang='lat' dir='ltr'>archetypi</span> <span class='ocrx_word' id='word_1_252' title='bbox 515 3484 694 3562; x_wconf 88' lang='lat' dir='ltr'>scripturam</span> <span class='ocrx_word' id='word_1_253' title='bbox 709 3480 857 3543; x_wconf 89' lang='lat' dir='ltr'>Victorius</span> <span class='ocrx_word' id='word_1_254' title='bbox 876 3487 990 3563; x_wconf 86' lang='lat' dir='ltr'>recepit</span> <span class='ocrx_word' id='word_1_255' title='bbox 1009 3484 1064 3545; x_wconf 89' lang='lat' dir='ltr'>bae</span> <span class='ocrx_word' id='word_1_256' title='bbox 1083 3484 1250 3545; x_wconf 87' lang='lat' dir='ltr'>additaintu·</span> <span class='ocrx_word' id='word_1_257' title='bbox 1288 3492 1290 3531; x_wconf 81' lang='grc' dir='ltr'><strong><em>ῑ</em></strong></span> 
     </span>
     <span class='ocr_line' id='line_1_31' title="bbox 145 3556 1290 3693; baseline -0.003 -42"><span class='ocrx_word' id='word_1_258' title='bbox 145 3594 319 3670; x_wconf 84' lang='lat' dir='ltr'>pretatione,</span> <span class='ocrx_word' id='word_1_259' title='bbox 343 3585 429 3649; x_wconf 78' lang='lat' dir='ltr'>‘cibis</span> <span class='ocrx_word' id='word_1_260' title='bbox 453 3590 654 3650; x_wconf 90' lang='lat' dir='ltr'>necessarium</span> <span class='ocrx_word' id='word_1_261' title='bbox 678 3598 724 3649; x_wconf 87' lang='lat' dir='ltr'>est</span> <span class='ocrx_word' id='word_1_262' title='bbox 747 3599 776 3650; x_wconf 89' lang='lat' dir='ltr'>et</span> <span class='ocrx_word' id='word_1_263' title='bbox 799 3588 911 3650; x_wconf 88' lang='lat' dir='ltr'>balneis</span> <span class='ocrx_word' id='word_1_264' title='bbox 930 3599 960 3650; x_wconf 92' lang='lat' dir='ltr'>et</span> <span class='ocrx_word' id='word_1_265' title='bbox 977 3585 1160 3670; x_wconf 85' lang='lat' dir='ltr'>gymnasiis&#39;.</span> <span class='ocrx_word' id='word_1_266' title='bbox 1191 3604 1249 3648; x_wconf 80' lang='lat' dir='ltr'>acco·</span> <span class='ocrx_word' id='word_1_267' title='bbox 1287 3556 1290 3693; x_wconf 57' lang='grc' dir='ltr'>Ξ</span> 
     </span>
     <span class='ocr_line' id='line_1_32' title="bbox 144 3693 1249 3777; baseline -0.003 -22"><span class='ocrx_word' id='word_1_268' title='bbox 144 3699 268 3757; x_wconf 81' lang='lat' dir='ltr'>sativum</span> <span class='ocrx_word' id='word_1_269' title='bbox 295 3699 419 3757; x_wconf 82' lang='lat' dir='ltr'>balneos</span> <span class='ocrx_word' id='word_1_270' title='bbox 443 3705 471 3757; x_wconf 88' lang='lat' dir='ltr'>et</span> <span class='ocrx_word' id='word_1_271' title='bbox 492 3702 685 3773; x_wconf 72' lang='lat' dir='ltr'>gymnasium</span> <span class='ocrx_word' id='word_1_272' title='bbox 715 3715 772 3757; x_wconf 93' lang='lat' dir='ltr'>non</span> <span class='ocrx_word' id='word_1_273' title='bbox 797 3696 893 3757; x_wconf 89' lang='lat' dir='ltr'>addita</span> <span class='ocrx_word' id='word_1_274' title='bbox 917 3698 1137 3777; x_wconf 87' lang='lat' dir='ltr'>praepositione</span> <span class='ocrx_word' id='word_1_275' title='bbox 1158 3696 1188 3758; x_wconf 84' lang='lat' dir='ltr'>de</span> <span class='ocrx_word' id='word_1_276' title='bbox 1207 3693 1249 3753; x_wconf 81' lang='lat' dir='ltr'>loeo</span> 
     </span>
     <span class='ocr_line' id='line_1_33' title="bbox 144 3802 1251 3884; baseline -0.002 -22"><span class='ocrx_word' id='word_1_277' title='bbox 144 3802 255 3864; x_wconf 88' lang='lat' dir='ltr'>dictum</span> <span class='ocrx_word' id='word_1_278' title='bbox 280 3822 346 3865; x_wconf 86' lang='lat' dir='ltr'>esse</span> <span class='ocrx_word' id='word_1_279' title='bbox 372 3803 521 3865; x_wconf 88' lang='lat' dir='ltr'>Gesnerus</span> <span class='ocrx_word' id='word_1_280' title='bbox 550 3804 606 3864; x_wconf 91' lang='lat' dir='ltr'>sibi</span> <span class='ocrx_word' id='word_1_281' title='bbox 634 3807 790 3884; x_wconf 75' lang='lat' dir='ltr'>persuasit.</span> <span class='ocrx_word' id='word_1_282' title='bbox 832 3806 943 3866; x_wconf 86' lang='lat' dir='ltr'>rectius</span> <span class='ocrx_word' id='word_1_283' title='bbox 968 3804 1167 3867; x_wconf 90' lang='lat' dir='ltr'>Schneiderus</span> <span class='ocrx_word' id='word_1_284' title='bbox 1188 3804 1251 3864; x_wconf 79' lang='lat' dir='ltr'>etio</span> 
     </span>
     <span class='ocr_line' id='line_1_34' title="bbox 144 3910 1253 3994; baseline -0.004 -23"><span class='ocrx_word' id='word_1_285' title='bbox 144 3913 268 3973; x_wconf 83' lang='lat' dir='ltr'>balneos</span> <span class='ocrx_word' id='word_1_286' title='bbox 296 3920 325 3973; x_wconf 88' lang='lat' dir='ltr'>ct</span> <span class='ocrx_word' id='word_1_287' title='bbox 349 3915 549 3988; x_wconf 69' lang='lat' dir='ltr'>gymnasium.</span> <span class='ocrx_word' id='word_1_288' title='bbox 588 3931 654 3972; x_wconf 87' lang='lat' dir='ltr'>nam</span> <span class='ocrx_word' id='word_1_289' title='bbox 682 3912 718 3971; x_wconf 90' lang='lat' dir='ltr'>ad</span> <span class='ocrx_word' id='word_1_290' title='bbox 748 3910 872 3972; x_wconf 91' lang='lat' dir='ltr'>alterum</span> <span class='ocrx_word' id='word_1_291' title='bbox 901 3911 957 3972; x_wconf 93' lang='lat' dir='ltr'>olei</span> <span class='ocrx_word' id='word_1_292' title='bbox 986 3931 1089 3994; x_wconf 81' lang='lat' dir='ltr'>usum,</span> <span class='ocrx_word' id='word_1_293' title='bbox 1116 3920 1149 3974; x_wconf 92' lang='lat' dir='ltr'>ut</span> <span class='ocrx_word' id='word_1_294' title='bbox 1171 3925 1253 3988; x_wconf 84' lang='lat' dir='ltr'>corpus</span> 
     </span>
     <span class='ocr_line' id='line_1_35' title="bbox 144 4018 1253 4101; baseline 0 -22"><span class='ocrx_word' id='word_1_295' title='bbox 144 4020 330 4079; x_wconf 84' lang='lat' dir='ltr'>extrinsecus</span> <span class='ocrx_word' id='word_1_296' title='bbox 351 4029 471 4098; x_wconf 83' lang='lat' dir='ltr'>unguet,</span> <span class='ocrx_word' id='word_1_297' title='bbox 495 4018 523 4079; x_wconf 91' lang='lat' dir='ltr'>id</span> <span class='ocrx_word' id='word_1_298' title='bbox 544 4020 621 4098; x_wconf 87' lang='lat' dir='ltr'>quod</span> <span class='ocrx_word' id='word_1_299' title='bbox 642 4021 671 4079; x_wconf 92' lang='lat' dir='ltr'>in</span> <span class='ocrx_word' id='word_1_300' title='bbox 693 4019 803 4079; x_wconf 87' lang='lat' dir='ltr'>balneis</span> <span class='ocrx_word' id='word_1_301' title='bbox 827 4031 856 4080; x_wconf 84' lang='lat' dir='ltr'>ct</span> <span class='ocrx_word' id='word_1_302' title='bbox 875 4022 1035 4099; x_wconf 81' lang='lat' dir='ltr'>gymnasiis</span> <span class='ocrx_word' id='word_1_303' title='bbox 1059 4020 1101 4101; x_wconf 90' lang='lat' dir='ltr'>lit,</span> <span class='ocrx_word' id='word_1_304' title='bbox 1124 4019 1188 4080; x_wconf 83' lang='lat' dir='ltr'>baec</span> <span class='ocrx_word' id='word_1_305' title='bbox 1206 4032 1253 4096; x_wconf 72' lang='lat' dir='ltr'>ptr</span> 
     </span>
    </p>
   </div>
   <div class='ocr_carea' id='block_1_3' title="bbox 143 4127 1254 4307">
    <p class='ocr_par' dir='ltr' id='par_1_6' title="bbox 143 4127 1254 4307">
     <span class='ocr_line' id='line_1_36' title="bbox 143 4127 1254 4206; baseline -0.004 -19"><span class='ocrx_word' id='word_1_306' title='bbox 143 4129 238 4187; x_wconf 89' lang='lat' dir='ltr'>tinere</span> <span class='ocrx_word' id='word_1_307' title='bbox 268 4135 402 4206; x_wconf 88' lang='lat' dir='ltr'>apparet,</span> <span class='ocrx_word' id='word_1_308' title='bbox 430 4129 533 4201; x_wconf 80' lang='lat' dir='ltr'>itaque</span> <span class='ocrx_word' id='word_1_309' title='bbox 562 4129 711 4187; x_wconf 68' lang='lat' dir='ltr'>(lominum</span> <span class='ocrx_word' id='word_1_310' title='bbox 740 4128 771 4186; x_wconf 87' lang='lat' dir='ltr'>in</span> <span class='ocrx_word' id='word_1_311' title='bbox 799 4127 924 4187; x_wconf 83' lang='lat' dir='ltr'>balneas</span> <span class='ocrx_word' id='word_1_312' title='bbox 952 4133 982 4188; x_wconf 86' lang='lat' dir='ltr'>ct</span> <span class='ocrx_word' id='word_1_313' title='bbox 1005 4129 1201 4203; x_wconf 73' lang='lat' dir='ltr'>geminarium</span> <span class='ocrx_word' id='word_1_314' title='bbox 1223 4141 1254 4183; x_wconf 71' lang='lat' dir='ltr'>se</span> 
     </span>
     <span class='ocr_line' id='line_1_37' title="bbox 143 4236 256 4307; baseline 0 -16"><span class='ocrx_word' id='word_1_315' title='bbox 143 4236 256 4307; x_wconf 77' lang='lat' dir='ltr'>quatur.</span> 
     </span>
    </p>
   </div>
   <div class='ocr_carea' id='block_1_4' title="bbox 144 4334 1263 4527">
    <p class='ocr_par' dir='ltr' id='par_1_7' title="bbox 144 4334 1263 4527">
     <span class='ocr_line' id='line_1_38' title="bbox 234 4334 1261 4420; baseline 0.001 -25"><span class='ocrx_word' id='word_1_316' title='bbox 234 4334 254 4395; x_wconf 80' lang='grc' dir='ltr'>ἴ)</span> <span class='ocrx_word' id='word_1_317' title='bbox 287 4337 377 4420; x_wconf 89' lang='lat' dir='ltr'>llaec</span> <span class='ocrx_word' id='word_1_318' title='bbox 407 4340 447 4399; x_wconf 91' lang='lat' dir='ltr'>de</span> <span class='ocrx_word' id='word_1_319' title='bbox 477 4359 541 4418; x_wconf 83' lang='lat' dir='ltr'>qua</span> <span class='ocrx_word' id='word_1_320' title='bbox 571 4342 614 4400; x_wconf 90' lang='lat' dir='ltr'>lit</span> <span class='ocrx_word' id='word_1_321' title='bbox 641 4340 755 4402; x_wconf 91' lang='lat' dir='ltr'>oleum</span> <span class='ocrx_word' id='word_1_322' title='bbox 785 4341 933 4419; x_wconf 79' lang='lat' dir='ltr'>congeri</span> <span class='ocrx_word' id='word_1_323' title='bbox 961 4340 1056 4402; x_wconf 86' lang='lat' dir='ltr'>solet</span> <span class='ocrx_word' id='word_1_324' title='bbox 1089 4340 1261 4402; x_wconf 80' lang='lat' dir='ltr'>aceruatim</span> 
     </span>
     <span class='ocr_line' id='line_1_39' title="bbox 144 4443 1263 4527; baseline 0.006 -23"><span class='ocrx_word' id='word_1_325' title='bbox 144 4443 221 4505; x_wconf 85' lang='lat' dir='ltr'>dies</span> <span class='ocrx_word' id='word_1_326' title='bbox 250 4444 430 4523; x_wconf 87' lang='lat' dir='ltr'>singulos]</span> <span class='ocrx_word' id='word_1_327' title='bbox 461 4445 570 4505; x_wconf 86' lang='lat' dir='ltr'>Eodem</span> <span class='ocrx_word' id='word_1_328' title='bbox 601 4447 685 4506; x_wconf 88' lang='lat' dir='ltr'>modo</span> <span class='ocrx_word' id='word_1_329' title='bbox 714 4447 826 4508; x_wconf 89' lang='lat' dir='ltr'>Nonius</span> <span class='ocrx_word' id='word_1_330' title='bbox 852 4467 878 4526; x_wconf 91' lang='lat' dir='ltr'>p.</span> <span class='ocrx_word' id='word_1_331' title='bbox 899 4444 955 4527; x_wconf 83' lang='lat'>62,</span> <span class='ocrx_word' id='word_1_332' title='bbox 969 4445 999 4510; x_wconf 84' lang='lat'>2.</span> <span class='ocrx_word' id='word_1_333' title='bbox 1037 4452 1196 4511; x_wconf 67' lang='lat' dir='ltr'>macaria</span> <span class='ocrx_word' id='word_1_334' title='bbox 1216 4462 1263 4523; x_wconf 75' lang='lat' dir='ltr'>per</span> 
     </span>
    </p>
   </div>
   <div class='ocr_carea' id='block_1_5' title="bbox 0 0 1442 4994">
    <p class='ocr_par' dir='ltr' id='par_1_8' title="bbox 0 0 1442 4994">
     <span class='ocr_line' id='line_1_40' title="bbox 0 0 1442 4994; baseline 0 0"><span class='ocrx_word' id='word_1_335' title='bbox 0 0 1442 4994; x_wconf 95' lang='lat' dir='ltr'> </span> 
     </span>
    </p>
   </div>
  </div>
 </body>
</html>
