2874 4994
375 349 506 406 RERVM
523 348 764 405 RVSTICARVM
782 350 850 406 LIB.
870 351 898 405 Π
918 349 937 407 5
1168 343 1230 408 173

110 505 172 566 exit.
209 507 385 567 nominatur
408 523 444 566 ex
467 499 584 567 ‘vetere
608 500 725 567 codice'
750 503 884 567 Ursinus.
922 504 959 567 de
984 514 1067 567 taura
1090 504 1231 567 Varronis

110 613 257 673 stimonio
276 630 350 674 usus
374 619 438 673 erat
455 611 586 693 Verrius,
605 612 683 674 Fest
701 632 730 693 p.
744 609 819 694 352,
836 608 877 674 15
904 610 985 673 Paul.
1005 630 1068 673 exe.
1087 608 1229 693 p.353,1

110 736 211 781 curos
230 737 342 781 soccos
363 723 481 782 steriles
505 722 570 781 dici
591 723 786 782 existimatur
803 721 864 781 ltoc
887 722 925 780 de
947 722 1231 796 vennonenses

110 829 183 902 cois
212 830 353 904 pariant,
386 827 477 902 quon
510 830 603 888 tauri.
648 829 720 889 item
751 826 788 887 de
821 825 914 887 horda
946 824 1026 888 Paul.
1060 843 1122 886 exc.
1152 823 1230 886 Fest.

133 929 272 1015 102,15
295 935 403 996 Hordo
427 951 620 1010 praegnans,
648 937 730 996 uncte
752 937 829 1015 dies,
852 950 911 1009 quo
936 935 1088 1010 providae
1114 934 1231 994 tostino

110 1042 334 1116 amiciantur,
361 1042 550 1116 hordicidio,
579 1039 631 1103 ubi
658 1040 819 1102 Muellerus
848 1042 1025 1102 iordicidio
1056 1040 1133 1119 apud
1161 1039 1230 1100 Var-

110 1165 190 1208 mem
215 1146 406 1209 scribendum
429 1165 497 1208 esse
525 1148 681 1209 adnotavit.
728 1147 882 1209 lordicidia
912 1146 1014 1209 eadem
1042 1147 1116 1208 dixit
1138 1146 1230 1207 Varro

110 1271 120 1315 s
144 1253 216 1335 ling.
239 1253 287 1316 lat
310 1253 347 1314 Vl
369 1251 410 1316 15
440 1253 612 1330 sordicidic
640 1274 660 1316 c
684 1254 786 1331 soron
813 1256 924 1316 bubus:
954 1253 1125 1330 hosforda
1152 1272 1231 1330 quoe

110 1367 147 1421 rt
176 1363 209 1422 in
235 1367 348 1423 ventre.
394 1364 477 1437 quod
506 1379 542 1423 eo
574 1365 624 1424 die
651 1363 775 1439 publice
802 1364 996 1423 immotantur
1022 1362 1110 1422 boues
1139 1378 1229 1437 proe-

110 1474 215 1529 nontes
238 1471 269 1529 io
292 1471 390 1530 curiis
414 1472 588 1546 compluris,
606 1487 626 1530 α
646 1443 748 1544 sordis
767 1470 932 1530 caedendis
947 1467 1119 1544 sordicidio
1138 1471 1230 1529 dicto.

109 1591 186 1654 aque
209 1577 317 1654 scripsi
340 1577 380 1636 ob
399 1593 434 1636 eo
454 1579 485 1636 in
500 1573 593 1651 sactis
612 1578 676 1637 dies
694 1577 871 1638 lordicidio
893 1579 1078 1637 nominatur.
1114 1584 1231 1654 poterat

110 1681 173 1742 iam
196 1682 305 1742 omisso
329 1683 394 1743 dies
417 1679 509 1742 scribi
536 1683 575 1743 cb
599 1700 634 1744 eo
657 1681 800 1759 infestis
825 1685 1001 1744 hordicidic
1023 1686 1229 1744 nominantur.

174 1784 193 1848 t
231 1787 355 1849 Potius
388 1787 428 1849 ad
462 1787 603 1850 fructos
633 1788 803 1850 serendos
831 1781 1131 1869 integrae'qnam
1163 1790 1231 1850 iam

110 1892 255 1973 sparte]
280 1895 438 1973 Expertae
466 1894 544 1956 edita
568 1905 635 1957 ante
659 1895 826 1957 Gesnerum
850 1895 1035 1976 exemplaria.
1081 1905 1232 1974 copertos

110 2000 217 2080 caliger
240 2001 389 2082 adscripta
412 2000 518 2084 glossa,
537 2020 626 2082 quam
649 2012 752 2083 postea
771 2001 930 2065 Vulcanius
949 2005 981 2064 in
1000 2001 1106 2082 glossis
1125 2001 1231 2064 Isidori

110 2106 191 2188 lidit,
219 2102 352 2169 ‘veteres
379 2107 509 2190 glossae,
537 2128 610 2188 quas
640 2127 733 2190 penes
764 2127 810 2170 me
842 2109 950 2192 habeo,
978 2117 1111 2187 experto
1135 2118 1230 2187 portu

110 2210 211 2277 scuc'.
248 2214 351 2276 eadem
374 2217 405 2276 in
428 2214 535 2295 glossis
559 2213 705 2278 Vaticanis
729 2215 851 2296 glossar.
875 2215 955 2278 latin.
979 2234 1005 2279 v.
1021 2214 1059 2276 lV
1076 2233 1103 2296 p.
1120 2213 1172 2299 68,
1187 2212 1230 2279 34

110 2330 235 2403 guntur.
282 2330 433 2400 expertae
457 2321 607 2384 Gesnerus
631 2322 720 2384 dedit.

173 2428 217 2491 Ut
248 2431 323 2490 sint
351 2428 442 2491 hene
474 2431 695 2510 compositae
728 2439 766 2491 ut
798 2432 954 2510 integris
983 2427 1166 2508 memhris]
1196 2432 1231 2493 Ut

110 2537 243 2598 ottone
266 2539 489 2614 compositust
516 2540 644 2613 integris
671 2538 812 2598 membris
834 2536 969 2598 Ursinus.
1015 2543 1049 2598 ut
1070 2540 1132 2599 sint
1156 2540 1231 2599 bene

110 2650 263 2721 mspactoe
285 2642 354 2704 olim
377 2645 492 2704 conieci
511 2642 703 2705 Columellam
726 2652 857 2726 secutus,
876 2646 928 2724 qui
951 2653 1122 2724 compactos
1140 2643 1231 2706 boses

110 2747 302 2831 onv11‚2
325 2751 457 2811 Etruria
479 2759 509 2812 ct
531 2751 654 2812 Latium
676 2760 855 2829 compactos,
878 2753 934 2820 sed
955 2754 999 2812 od
1020 2769 1115 2830 opero
1129 2751 1231 2829 sortis.

110 2857 136 2919 td
161 2855 237 2918 hene
262 2859 443 2937 compositae
466 2876 571 2919 vaccae
594 2858 735 2920 dicuntur
754 2876 830 2938 quae
854 2867 920 2937 apta
944 2857 1129 2919 memborum
1148 2861 1231 2920 iunc-

110 2982 152 3025 ινα
176 2966 354 3044 conspicuae
378 2972 456 3027 sunt
493 2964 550 3026 hoc
569 2968 649 3027 enim
669 2967 699 3026 in
718 2967 810 3026 asinis
828 2965 965 3026 laudatur
984 2963 1010 3025 ll
1029 2961 1095 3045 5,2
1115 2968 1230 3039 firmos,

110 3072 223 3132 onibus
247 3073 390 3148 portibus
417 3074 555 3133 honestos
587 3081 617 3132 et
649 3072 680 3132 in
713 3073 798 3150 equis
828 3068 904 3152 117,
921 3069 944 3132 4
963 3069 1114 3145 formosos
1145 3075 1230 3133 nulio

110 3186 174 3240 arte
205 3181 344 3255 corporis
373 3181 453 3240 inter
480 3197 513 3239 se
544 3194 604 3238 non
632 3180 837 3253 congruentis.
883 3175 962 3236 idem
990 3175 1164 3237 vocabulum
1193 3176 1229 3237 de

110 3303 163 3365 pun
187 3282 294 3363 legitur
317 3287 347 3345 in
371 3284 530 3346 rhetoricis
553 3284 589 3344 ad
608 3283 792 3345 Herennium
815 3281 852 3343 lV
871 3279 925 3364 46,
942 3279 985 3345 59
1015 3301 1113 3359 oeque
1136 3301 1230 3358 equus·

110 3394 260 3472 edomitas,
283 3395 420 3468 quamvis
447 3394 523 3453 bene
550 3397 665 3452 notura
693 3392 873 3468 compositus
900 3387 953 3472 sit,
982 3393 1114 3455 idoneus,
1132 3397 1230 3468 potest

110 3518 149 3561 :se
168 3501 212 3559 od
228 3517 281 3560 ecs
298 3502 453 3574 utilitates,
467 3517 547 3574 quoe
565 3501 782 3561 desiderantur
800 3499 840 3558 oo
859 3516 944 3573 equo.
969 3508 1102 3560 ceterum
1119 3498 1229 3559 formae

110 3623 174 3666 ›um
199 3605 336 3667 similiter
358 3607 525 3687 descriptae
554 3613 624 3668 sunt
651 3607 682 3667 in
706 3606 877 3684 geoponicis
905 3613 936 3666 et
957 3603 1080 3684 llagone
1108 3612 1229 3666 auctore

110 3712 163 3774 sud
196 3710 400 3774 Columellam:
433 3710 655 3793 geoval12
687 3703 846 3792 δαμάλεις
876 3704 1045 3773 §sicanios
1077 3703 1231 3791 εὐπαγεῖς

110 3827 153 3893 οἷς
171 3810 312 3900 σώμασι,
330 3812 523 3903 περιμήκεος
541 3809 734 3902 εὐμεγέθεις
752 3809 935 3899 εὐαέρωτας
952 3810 1231 3897 πλανυμετώποας

110 3918 402 4009 ελανοφθάλμους,
424 3919 577 4007 γνάθους
605 3920 870 4007 συνεσταλμένας
897 3916 1050 4006 ἐχούσας,
1074 3919 1230 4006 ἐνσίμους

110 4027 125 4115 ᾖ
152 4026 288 4114 numnis,
312 4024 560 4115 ἇνεπνυγμένας
581 4026 641 4108 τὰς
663 4029 758 4116 ῥῖνας
781 4023 930 4114 ἐχούσας,
953 4022 1078 4111 αὐχένα
1101 4023 1230 4111 μακρὸν

110 4136 137 4204 αὶ
157 4133 280 4222 παχύν,
299 4133 507 4223 εὖοτέρνονς,
526 4141 617 4222 χείλη
637 4139 853 4221 μελανίζοννα
872 4131 1023 4220 ἐχούσας,
1042 4134 1230 4219 βαθυαλεύ-

110 4269 165 4322 νας
198 4240 449 4327 αλανννοίτους,
477 4237 660 4329 ὀφθαλμὸν
692 4239 833 4328 ἐχούσας
864 4241 985 4326 μέγαν,
1014 4237 1121 4329 οὐρὰν
1152 4263 1230 4327 προ-

110 4349 172 4437 ήκη
198 4346 376 4428 ψαύουσαν
399 4358 468 4416 νῶν
490 4351 643 4435 magnoin
664 4346 859 4436 πολύαριχα,
882 4351 1063 4435 βραχίονας
1087 4350 1231 4436 βραχεῖς,

110 4457 185 4543 siin
210 4453 299 4544 ὀρθὰ
325 4453 440 4545 στερεὰ
461 4453 630 4544 παχύτερα
652 4457 781 4542 μᾶλλον
803 4449 825 4542 ἢ
849 4451 1046 4542 μακρότερα,
1064 4456 1111 4541 μὴ
1130 4478 1231 4542 νεαρα-
