2874 4994
425 110 473 165 Du
492 112 582 169 AGRI
601 112 773 168 CVLTVRA
792 113 932 168 LIBRVM
952 114 981 168 C.
997 113 1038 168 37
1265 107 1304 169 ‘ll

151 267 350 328 intermestre
383 274 482 329 autem
512 267 557 328 vel
586 270 851 330 intermenstruum
880 269 989 331 dicitur
1018 268 1091 330 illud
1120 269 1198 348 quud
1227 271 1306 330 inter

151 373 234 434 (lues
263 392 381 435 menses
408 374 540 436 medium
568 383 626 437 est:
655 374 736 436 Varr.
760 375 795 436 de
819 375 889 454 ling.
913 375 960 436 lat.
981 375 1016 435 Vl
1037 373 1079 437 10
1107 394 1127 436 u
1155 379 1305 437 mensibus

152 484 358 543 intermestris
392 485 518 558 dictum,
550 485 633 559 quod
656 484 808 559 putebant
835 486 915 544 inter
939 486 1056 560 prioris
1084 487 1193 544 mensis
1219 501 1303 545 sene-

150 593 269 650 scentis
297 597 466 650 extremum
493 592 571 651 diem
599 597 628 650 et
656 606 763 650 nouom
790 592 893 650 lunum
919 608 984 651 esse
1007 591 1098 663 diem,
1126 608 1213 664 quem
1236 594 1303 651 diti-

150 699 396 770 pertimentes·
422 694 502 775 ἔνην
529 689 585 756 καὶ
613 689 694 757 νέαν
721 699 917 774 oppetierunt
944 698 983 756 ab
1008 715 1056 770 co,
1083 700 1166 771 pseud
1192 715 1226 758 co
1255 700 1304 759 die

148 809 254 878 potest
276 805 377 864 uideri
393 811 530 864 extrema
552 811 582 865 et
596 806 699 879 primo
718 807 809 875 tuno;
832 803 868 864 cl.
888 801 969 862 Varr.
988 820 1011 863 r.
1031 820 1054 862 r.
1075 800 1202 884 137,1.
1235 822 1303 865 cum

151 910 235 969 diem
263 911 450 988 aptissimum
477 928 543 971 esse
572 910 608 970 ad
632 911 784 971 materiem
808 909 986 971 caedendam
1010 908 1132 988 plurimi
1155 912 1302 971 existima·

153 1025 279 1078 rerunt:
301 1016 375 1078 Plin.
395 1016 458 1076 XVl
480 1014 543 1078 190
567 1020 716 1090 infinitum
739 1016 838 1093 refert
860 1025 890 1078 et
912 1020 1032 1078 lunaris
1053 1020 1143 1093 ratio,
1168 1037 1224 1080 nec
1243 1022 1304 1080 nisi

152 1143 175 1184 α
202 1127 348 1199 uicesimo
373 1128 405 1186 in
428 1127 612 1186 tricesimum
635 1127 727 1186 caedi
748 1128 858 1186 uolunt.
905 1127 985 1184 inter
1008 1142 1109 1185 omnes
1132 1143 1204 1185 vero
1230 1143 1301 1187 con·

152 1235 238 1292 uenit
265 1234 422 1292 utilissime
450 1234 480 1291 in
509 1234 591 1292 coitu
619 1234 684 1292 eius
706 1234 816 1308 sterni,
844 1249 932 1306 quem
955 1234 1034 1291 diem
1058 1235 1114 1292 otii
1136 1235 1301 1309 interlunii,

152 1341 212 1398 olii
242 1340 358 1399 silentis
389 1341 483 1398 lunae
510 1341 672 1414 appellent.
722 1354 847 1416 geopon.
870 1336 909 1396 lll
935 1327 1003 1416 1‚'2
1030 1341 1075 1423 τῷ
1104 1334 1192 1423 αὐτῷ
1220 1334 1301 1420 μηνὶ

151 1437 385 1528 (Ιανοναρίῳ)
404 1439 466 1523 χρὴ
485 1440 622 1523 σαπρὸς
637 1440 818 1524 οἰκοδομὴν
831 1437 886 1504 καὶ
901 1439 1059 1523 ἐργασίαν
1074 1440 1155 1519 ξύλα
1169 1441 1301 1526 τέμνειν

150 1550 296 1630 σελήνης
320 1545 357 1612 ἐν
380 1547 513 1635 συνόδῳ
539 1545 641 1628 οὔσης
663 1542 718 1610 καὶ
740 1545 805 1610 ὑπὸ
828 1554 901 1629 γῆν.
935 1546 973 1609 τὸ
997 1546 1059 1631 γὰρ
1083 1555 1140 1631 τῆς
1162 1551 1301 1632 σελήνης

151 1666 227 1738 φῶς
249 1655 462 1739 μαλακώτερα
485 1653 526 1717 τὰ
549 1651 629 1730 ξύλα
651 1664 748 1719 mosei.
793 1654 833 1718 τὰ
856 1650 894 1718 δὲ
915 1655 989 1718 τότε
1012 1656 1195 1738 τεμνόμενα
1218 1654 1299 1733 ξύλα

151 1763 283 1845 ἄσηπτα
321 1757 478 1845 διαμένει.
532 1762 581 1824 alii
618 1763 826 1825 descrescente
864 1762 932 1824 luna
968 1765 999 1825 id
1031 1765 1096 1826 lieri
1129 1766 1299 1831 voluerunt:

150 1871 268 1933 colum.
287 1869 327 1930 lll
346 1868 376 1952 2,
393 1869 431 1932 11
456 1874 582 1945 surculi,
606 1875 660 1946 qui
676 1875 773 1948 primi
784 1875 893 1947 florem
912 1871 1068 1948 adserunt,
1090 1877 1192 1935 stotim
1211 1879 1299 1937 circo

151 1982 223 2047 idus
242 1972 423 2061 (lanuarias)
448 1981 605 2041 inserendi
620 1987 700 2053 sunt,
723 1986 758 2039 ut
775 1996 961 2052 cerasorum,
985 1981 1133 2054 tuberum,
1152 1985 1297 2059 empedo-

150 2090 253 2148 torum
276 2089 535 2162 persicorumquc.
581 2089 690 2147 ridicis
717 2089 765 2146 uei
789 2088 881 2147 etiam
905 2089 985 2161 polis
1011 2090 1208 2159 conficiendis
1235 2091 1297 2149 ido·

149 2211 242 2255 neum
266 2200 381 2269 tempus
403 2200 455 2266 est,
479 2211 536 2254 nec
556 2196 655 2253 minus
674 2196 705 2253 in
724 2195 868 2265 aedificic
886 2195 1047 2254 succidere
1066 2195 1208 2255 arborem
1226 2214 1297 2256 con·

149 2303 241 2362 uenit.
287 2302 343 2360 sed
365 2306 496 2374 utroque
519 2303 624 2362 meiius
644 2303 725 2373 fiunt
746 2303 820 2360 tuna
843 2302 1037 2361 decrescente
1060 2300 1098 2360 ab
1122 2300 1189 2360 XX
1203 2318 1298 2376 usque

148 2410 183 2468 in
207 2407 312 2480 XXX,
335 2409 478 2480 quoniam
500 2410 596 2469 omnis
618 2409 749 2467 materia
771 2408 817 2467 sic
840 2422 932 2466 caesa
956 2408 1113 2467 iudicatur
1132 2411 1219 2469 curie
1236 2427 1297 2470 non

148 2512 302 2589 infestari.
347 2513 447 2591 itaque
471 2513 549 2591 apud
573 2511 715 2573 Catonem
737 2511 896 2573 lectionem
919 2510 1071 2591 archetypi
1095 2514 1219 2594 retinui,
1244 2516 1295 2575 sed

145 2629 211 2682 tum
234 2631 303 2699 post
326 2622 487 2681 dimidiato
507 2621 611 2698 inepte
635 2618 767 2679 additum
791 2618 902 2698 delevi,
924 2626 1043 2679 stercus
1066 2623 1191 2694 eucrito.
1237 2627 1298 2684 nisi

145 2729 336 2788 intermestri
353 2729 486 2801 luneque
505 2728 665 2787 dimidiato
684 2744 722 2786 ne
740 2733 851 2801 tenpus
869 2728 1034 2786 materiem.
1064 2744 1155 2800 quom
1169 2730 1295 2802 effodies

144 2841 204 2895 aut
222 2836 387 2911 praecides
408 2835 462 2894 abs
481 2840 576 2907 terra,
601 2833 707 2894 diebus
728 2832 791 2891 VII
802 2834 962 2912 proximis,
985 2833 1094 2906 quidus
1113 2838 1186 2895 tuno
1201 2841 1294 2913 pterea

140 2940 253 3016 suerit,
275 2943 384 3017 optime
407 2942 566 3001 eximetur.
604 2937 673 2999 clim
698 2946 730 2999 ut
753 2944 926 2998 consuetam
949 2937 980 2996 in
1003 2935 1093 2999 huius
1114 2939 1191 3000 modi
1210 2960 1294 3020 prae-

143 3049 244 3126 ceptis
276 3048 401 3107 turmam
433 3048 637 3128 restituerem,
669 3051 774 3107 caueto
802 3063 840 3105 ne
868 3051 978 3119 taneos
1006 3044 1197 3108 scribendum
1225 3067 1293 3109 con-

143 3156 284 3215 ieceram.
330 3154 367 3214 de
393 3173 432 3216 ne
459 3172 528 3214 cum
556 3153 743 3215 coniunctim
772 3152 859 3212 modo
881 3152 1049 3229 praesentis
1071 3153 1103 3211 in
1125 3159 1294 3233 praeceptis

142 3262 245 3340 posite
263 3266 400 3320 accurate
420 3259 581 3339 disputavit
601 3259 632 3320 C.
648 3257 679 3319 F.
695 3258 740 3320 W.
755 3257 917 3319 Muellerus
936 3256 1050 3319 observ.
1065 3259 1130 3318 crit.
1145 3261 1176 3320 in
1191 3264 1292 3341 script.

141 3366 195 3427 lat.
213 3384 294 3445 pros.
312 3364 519 3446 Landsbergae
543 3384 567 3426 a.
589 3362 675 3428 1865
697 3384 725 3445 p.
744 3362 775 3448 5,
798 3373 914 3427 etcum
934 3383 950 3425 a
970 3364 1079 3425 Catone
1098 3364 1155 3426 hoc
1174 3366 1293 3430 dicendi

140 3490 241 3553 genus
264 3470 392 3533 alienum
416 3489 481 3533 esse
505 3471 663 3552 iudicaret,
691 3471 781 3533 verba
804 3474 856 3552 sic,
880 3480 914 3533 ut
937 3471 1006 3532 olim
1030 3475 1061 3532 in
1084 3471 1208 3534 Gesneri
1232 3476 1291 3536 edi-

140 3582 226 3641 tione
254 3577 441 3660 legebantur,
469 3597 538 3640 cum
566 3581 603 3639 iis
631 3597 706 3657 quac
735 3587 902 3658 sequuntur
931 3581 961 3639 in
987 3597 1081 3639 unum
1105 3584 1291 3644 enuntiatum

138 3685 277 3766 copulari
305 3684 411 3767 voluit,
438 3689 500 3748 nisi
522 3689 709 3749 intermestri
730 3692 863 3762 Iunoque
887 3689 1047 3747 dimidiata
1070 3692 1230 3750 motorium
1253 3709 1291 3751 ne

137 3802 268 3869 tenpus,
296 3796 456 3855 materiam
484 3811 576 3868 quom
602 3795 729 3867 effodies
752 3826 795 3837 -
819 3777 928 3871 optime
956 3796 1116 3866 eximetur,
1145 3793 1173 3852 h.
1198 3814 1222 3855 c.
1252 3815 1289 3856 ne

137 3903 351 3981 intempestive
385 3908 521 3978 tangatur
553 3902 704 3980 materies,
737 3900 891 3961 sciendum
920 3906 966 3959 est
993 3900 1147 3959 materiem
1175 3909 1289 3980 septem

137 4008 249 4072 (lisbius
282 4015 350 4087 post
381 4006 499 4086 plenam
531 4006 629 4068 lunam
660 4010 770 4086 optime
798 4009 896 4069 eximi.
946 4005 997 4065 sed
1026 4005 1102 4067 hanc
1130 4006 1288 4069 verborum

138 4115 389 4196 compositionem
421 4115 457 4175 ad
489 4133 523 4175 ea
556 4132 630 4193 quae
663 4114 720 4175 hoc
751 4113 816 4176 loco
850 4113 886 4173 dc
914 4114 1036 4174 materie
1064 4116 1289 4194 praecipiuntur

138 4235 240 4303 aptam
269 4238 330 4282 non
359 4238 425 4282 esse
453 4220 537 4282 facile
566 4227 695 4299 apparet.
747 4223 967 4282 coniunctlvum
996 4228 1095 4281 autem
1122 4227 1287 4300 praesentis
