2874 4994
154 300 217 365 164
508 307 699 381 1111111111,
719 308 758 362 m
777 307 934 364 eunome

152 470 291 542 oporteat
308 471 338 526 et
355 481 414 540 qao
429 471 521 541 paeto
541 472 716 541 cupresseto
733 466 798 525 seri
815 470 954 541 oporteat
966 464 1092 526 Manias
1106 467 1295 528 Percennius

152 574 287 633 Nolanos
310 574 353 632 ad
374 574 456 632 lune
474 573 594 632 modurn
612 575 791 633 monstrauit
813 571 969 632 Victorius.
1005 576 1047 646 ari
1065 575 1127 647 lepi
1144 573 1175 632 in
1196 572 1296 633 arche·

152 687 220 757 typo
249 680 393 757 scriptum
422 680 513 739 inisse
543 681 711 739 testimonio
739 678 876 739 Politiani
905 688 934 740 et
962 676 1085 740 Victorii
1112 679 1296 740 eredendum

152 795 205 846 est.
256 786 307 847 sed
335 790 482 864 quomodo
510 790 571 862 lepi
598 787 714 847 videtur
742 788 768 847 is
796 789 848 865 qui
876 786 1011 847 rubricas
1039 786 1152 847 fecerat
1180 784 1296 866 legisse.

153 891 242 954 Manii
265 892 423 954 Percennii
447 912 554 955 nomen
580 893 726 954 Victorius
750 895 890 954 restituit.

239 998 260 1062 2
290 1001 415 1062 Semen
444 1003 610 1081 cupressi
639 1003 843 1062 tarentinae
872 1019 935 1081 per
962 1019 1026 1062 111
1053 1000 1125 1080 legi
1150 1009 1298 1080 oportet

151 1109 335 1168 materiem
360 1108 420 1170 ubi
441 1108 613 1169 hordeum
633 1106 818 1186 flauescit]
840 1110 946 1169 Samen
966 1112 1104 1185 cupressi
1121 1113 1300 1170 tarentinae

146 1233 205 1292 per
224 1233 277 1276 aer
295 1220 358 1291 lepi
368 1224 494 1293 oportet,
513 1223 666 1276 matararn
680 1224 732 1290 est,
752 1218 806 1276 abi
818 1218 965 1277 leordeom
976 1219 1118 1291 flavescit
1133 1215 1297 1297 iucundus,

150 1323 228 1401 qnod
253 1323 350 1383 iraudi
374 1323 431 1384 luit
454 1323 650 1403 Schneidero,
672 1334 713 1386 ,ut
736 1322 881 1384 scriberet
903 1342 1005 1385 semen
1029 1357 1070 1367 -
1095 1327 1157 1399 lepi
1180 1331 1298 1402 oportet

149 1437 315 1505 matarum,
338 1433 393 1491 nbi
412 1432 559 1492 hordeum
579 1434 726 1506 flauescit.
763 1429 938 1491 desemine
962 1430 1101 1490 arborum
1121 1431 1249 1510 legendo
1268 1439 1297 1492 et

150 1535 186 1596 de
210 1540 332 1597 materie
356 1538 505 1599 caedenda
528 1557 552 1599 c.
575 1536 613 1599 17
635 1538 820 1598 dictumest.
861 1538 997 1598 similiter
1017 1557 1091 1619 quae
1111 1538 1296 1600 Percennius

149 1645 186 1704 de
214 1647 336 1705 materie
365 1647 501 1724 cupressi
529 1646 671 1705 docuerat
699 1646 735 1704 iis
765 1663 839 1723 quae
865 1645 901 1705 de
926 1648 1038 1705 semine
1062 1644 1189 1724 legendo
1213 1665 1294 1726 prae·

149 1761 270 1830 ceperat
290 1752 390 1813 addita
414 1760 492 1813 sunt
508 1786 550 1795 -—
565 1751 640 1812 Plin.
658 1751 722 1811 XVl
743 1748 807 1814 139
831 1754 997 1828 Cupressos
1021 1756 1140 1814 aduena
1166 1754 1292 1830 11111111-

148 1862 258 1921 eillime
285 1862 474 1921 nascentiam
497 1860 574 1941 soit,
601 1869 635 1920 at
658 1864 696 1921 ele
719 1877 780 1935 qaa
804 1861 959 1920 verbosius
981 1865 1176 1937 saepiusque,
1205 1879 1291 1936 paam

148 1968 187 2028 de
214 1970 352 2028 omnious
379 1970 461 2041 aliis,
486 1971 661 2044 prodiderit
688 1968 770 2027 Cato.
816 1965 855 2027 ib.
880 1963 941 2027 141
970 1970 1042 2028 laic
1062 1972 1171 2044 patria
1196 1972 1290 2029 insula

152 2074 255 2148 Creta,
283 2093 465 2150 quamquam
493 2077 566 2136 Cato
593 2075 788 2136 Tarentinam
814 2092 880 2134 eam
904 2078 1049 2150 appellat,
1077 2078 1186 2151 eredo,
1215 2078 1290 2150 qaod

146 2185 278 2258 primam
302 2200 336 2243 ea
361 2153 493 2243 venerit.¹

235 2288 272 2349 ld
305 2288 444 2349 aridum
475 2288 620 2349 condito
649 2289 702 2348 uti
730 2287 868 2347 aridum
898 2294 1086 2365 expostum
1116 2287 1207 2367 siet]
1231 2290 1286 2350 Ea·

144 2400 276 2474 positam
294 2396 424 2457 editores
444 2396 513 2457 inde
532 2414 548 2455 a
567 2397 702 2473 principe
722 2394 851 2454 editione
871 2411 973 2453 onmes
992 2402 1112 2471 praeter
1128 2395 1285 2476 iugalium,

147 2507 198 2584 qui
231 2513 387 2581 eapostam
421 2522 456 2562 ex
479 2502 573 2589 Jibris
606 2520 695 2562 manu
724 2503 844 2580 scriptis
872 2501 967 2562 dedit:
1001 2498 1074 2584 161,
1094 2500 1115 2563 3
1139 2512 1285 2580 posteras,

147 2608 244 2692 223
267 2600 495 2687 conpostnrae.‘
524 2627 678 2686 exponere
701 2610 737 2669 de
762 2608 889 2668 serendo
913 2608 1026 2669 dictum
1050 2617 1096 2669 est
1124 2629 1139 2669 a
1165 2609 1285 2671 Palladio

146 2714 314 2800 11121131
340 2718 376 2778 11
401 2717 528 2777 nucibus
551 2716 699 2796 avellauis,
723 2735 824 2777 mense
843 2718 1015 2777 Februario
1037 2720 1092 2777 s'ea
1112 2721 1222 2794 planta
1238 2736 1285 2780 sea

147 2842 248 2886 semen
271 2828 444 2902 exponitur.

235 2933 380 2992 Terram
413 2950 491 2992 cum
523 2939 687 2992 stercore
720 2930 808 2991 bene
841 2929 1078 3009 permisceto]
1109 2933 1323 2994 Permiseetr»

146 3039 313 3120 apographa
337 3046 367 3099 et
389 3038 480 3100 editio
505 3037 639 3120 Victorii,
663 3040 733 3098 item
758 3036 934 3117 PolitianuS,
960 3056 1018 3098 non
1038 3042 1235 3115 promiscam,
1256 3047 1330 3099 ut:

147 3144 299 3208 Gesnerus
322 3146 484 3227 adnotavit,
507 3149 696 3208 commiseeto
721 3144 840 3205 Merula.

234 3251 255 3314 3
278 3252 462 3314 Subcauas
487 3254 597 3314 facito
621 3254 674 3313 uti
697 3271 821 3331 aquam
846 3254 1035 3312 continere
1059 3251 1216 3331 possint]
1244 3254 1330 3315 at-

145 3379 256 3437 aqaaat
284 3365 442 3423 continere
466 3363 583 3437 possint
605 3359 773 3439 apographa
796 3368 826 3419 11
850 3360 940 3419 editio
965 3357 1101 3441 Victorii,
1128 3364 1177 3421 ati
1197 3376 1330 3421 cauae:

144 3485 256 3544 uanam
283 3471 440 3530 continere
462 3471 578 3543 possint
601 3466 726 3546 Merula,
754 3466 806 3527 ubi
829 3465 992 3527 Politiauus
1016 3485 1125 3542 conoe,
1155 3466 1234 3547 quod
1256 3469 1330 3526 n-

143 3576 246 3637 111111
270 3577 415 3654 scriptum
438 3592 498 3635 non
522 3581 598 3654 erat,
621 3577 651 3634 in
675 3575 810 3654 principe
834 3573 963 3633 editione
988 3591 1047 3633 non
1071 3572 1188 3635 delevit.

233 3680 358 3741 Samen
391 3683 504 3741 serito
535 3678 700 3741 ore‘orum
729 3683 777 3741 ita
807 3682 859 3740 uti
887 3679 998 3740 111111
1026 3682 1100 3740 1111
1127 3680 1222 3742 solet
1247 3696 1330 3742 eo·

143 3787 265 3848 cribro
283 3796 414 3848 terram
429 3790 611 3849 incernito
626 3788 850 3848 dimidiatum
866 3788 1016 3865 digitum
1033 3795 1167 3848 terram
1182 3787 1330 3849 altan-

143 3897 351 3956 succernito
376 3895 408 3955 id
432 3895 521 3956 bene
541 3895 659 3956 tabula
681 3904 740 3954 aut
760 3894 923 3954 manibus
942 3903 1002 3954 aut
1020 3893 1175 3972 pedibus
1194 3913 1330 3956 com*

142 4001 299 4082 planato]
321 4002 429 4064 Eadem
448 4000 500 4082 48,
516 4001 536 4063 2
555 4005 667 4081 scripta
686 4004 825 4082 1111111,
844 4010 906 4062 tarn
922 4019 1022 4062 semen
1036 4005 1129 4063 serito
1143 4004 1330 4064 crebran-

142 4116 295 4185 tamqnam
318 4114 420 4183 tinam,
444 4127 478 4170 eo
498 4118 614 4170 terram
632 4111 737 4170 cribro
757 4112 908 4170 incernito
928 4112 1021 4168 altam
1040 4111 1169 4184 dipitam
1187 4119 1330 4171 trans*

142 4235 268 4278 versam.
315 4234 381 4276 eant
404 4225 520 4277 terram
544 4218 648 4276 talaia
672 4224 726 4276 aat
745 4217 875 4293 pedibas
898 4219 1093 4292 conplanato,
1118 4215 1171 4276 ubi
1193 4219 1330 4278 serittffi

141 4327 228 4385 eribo
260 4324 291 4382 11
321 4322 481 4403 archetypo
510 4324 655 4401 scriptum
684 4330 756 4384 erat.
807 4341 865 4382 non
894 4321 980 4399 plane
1009 4330 1147 4383 accurate
1176 4322 1330 4384 deusne

141 4429 181 4489 ill
203 4428 252 4510 14,
268 4426 307 4491 ll
333 4429 452 4490 Catonis
476 4429 565 4491 verba
589 4429 719 4512 rettulit,
744 4431 785 4490 M.
809 4433 900 4491 etiarn
926 4431 999 4508 Coto
1024 4433 1054 4491 in
1078 4432 1171 4504 libro,
1198 4435 1330 4506 qaeafl
