2874 4994
150 315 216 381 240
491 323 681 380 ΟΟΜΜΕΝΤ.
701 324 741 379 IN
759 322 949 380 VARRONIS

149 488 180 541 et
201 482 232 541 in
256 480 302 540 his
322 489 469 540 trauersae
488 478 688 541 adnectuntur
706 480 847 560 perticae,
869 487 905 540 ut
922 478 1040 558 speeies
1057 476 1188 541 elicitur
1200 497 1247 541 un·

75 653 80 663 ,
150 586 302 662 cellarum,
326 587 377 665 qui
401 586 525 647 suntin
549 585 673 647 theatro.
724 589 726 593 ’
1134 579 1138 606 ⁵

238 693 434 771 Antequam
453 691 583 753 tollere
603 691 682 753 uult
696 691 824 753 turdos
837 687 1252 771 targtus'datcitmmqeat

149 798 230 878 plus
262 801 369 879 ponit
401 807 437 859 et
467 799 561 859 iar-re
596 778 790 860 subtiliore
822 799 955 878 incipit
976 795 1095 877 alere]
1124 798 1254 874 Mamas
1292 784 1294 808 ⁵

149 908 254 967 tollere
272 908 345 966 uelis
364 908 479 979 turdos,
498 909 617 981 Iuratus
636 908 691 967 dat
708 907 869 980 cibumque
882 908 953 982 plus
966 906 1058 983 ponit
1067 901 1182 983 llerela,
1197 909 1255 965 urta

148 1029 240 1087 quara
262 1015 331 1087 quas
353 1016 459 1073 tollere
481 1015 551 1073 uelit
575 1014 689 1087 turdos,
712 1015 832 1089 iuratus
854 1014 908 1073 dat
930 1013 1033 1073 cibum
1055 1018 1087 1074 et
1106 1028 1199 1088 aquae
1209 1014 1257 1090 piu

147 1123 236 1197 pouit
259 1119 419 1179 iucundus.
456 1128 537 1179 recte
561 1116 709 1179 Victorius
732 1118 889 1180 lectionem
912 1117 1070 1199 archetypi
1090 1119 1258 1199 iudiciuin

149 1244 208 1306 qua
229 1225 383 1286 Gesnerns
406 1229 474 1302 quis
496 1230 602 1287 toliere
624 1230 699 1301 uult,
728 1224 929 1287 Schneiderus
952 1235 1108 1305 praeterea
1133 1225 1260 1300 erbum

146 1316 323 1412 plus'pout't
345 1332 502 1415 dederunt,
526 1350 583 1392 non
608 1330 759 1393 intellecto
777 1332 919 1392 nimirum
942 1347 1000 1392 usu
1021 1327 1260 1393 sermocinium

149 1441 242 1502 niani
284 1457 352 1500 nam
376 1447 406 1499 et
429 1439 516 1499 tertia
539 1436 623 1497 verbi
645 1456 772 1517 persona
801 1455 859 1498 non
888 1436 988 1499 addito
1011 1438 1184 1518 pronomine
1203 1443 1261 1497 retu

145 1545 264 1626 dicitur,
283 1555 313 1606 et
332 1547 415 1621 quud
431 1545 602 1605 coniunctio
621 1546 651 1604 in
669 1545 707 1605 iis
726 1562 802 1624 quae
823 1543 858 1605 ad
878 1562 943 1605 rem
961 1546 1133 1606 accuratius
1150 1543 1261 1604 deduiu-

147 1651 214 1711 dam
238 1650 388 1712 adduntur
411 1651 540 1729 ponitur.
587 1648 698 1728 largius
726 1652 805 1710 enim
833 1648 919 1712 cibus
942 1651 1044 1734 datur,
1072 1670 1140 1713 cum
1167 1659 1196 1712 et
1216 1648 1262 1730 plus

144 1760 266 1838 ponitur
288 1769 319 1819 et
341 1757 386 1817 iar
410 1755 558 1818 subtilius.
593 1754 620 1816 ll
639 1753 732 1837 2,14
755 1760 910 1819 deterrent
933 1761 972 1819 ab
995 1761 1134 1820 salundu
1154 1790 1190 1801 —
1204 1757 1264 1833 quad

145 1869 287 1946 allinunt,
316 1862 353 1924 lll
377 1861 466 1943 15,2
494 1882 573 1939 quae
597 1866 688 1939 nauli
715 1862 839 1940 faciunt
865 1867 957 1927 multo
985 1868 1080 1927 aliter
1106 1872 1195 1944 aque
1212 1865 1263 1936 alu

144 1974 227 2048 quoa
249 1975 280 2032 ia
303 1972 452 2032 lateribus
474 1987 580 2032 eorum
602 1974 725 2031 semitas
743 1970 875 2047 facium.

234 2076 271 2138 ln
304 2077 370 2138 hoc
404 2086 501 2139 tecto
533 2078 649 2137 caulis
677 2094 765 2156 quae
793 2079 908 2139 caulis
942 2076 1105 2138 tabulata
1137 2075 1265 2138 babeant
1307 2119 1308 2122 ,

148 2183 292 2265 aliquod
308 2186 475 2264 adportat
490 2182 779 2263 subplementum
794 2193 918 2246 contra
931 2183 992 2245 hic
1006 2185 1185 2246 auiarium
1198 2199 1265 2262 quae
1308 2185 1311 2271 j

144 2300 306 2354 mortuae
329 2290 380 2352 ibi
404 2301 486 2353 sunt
509 2309 593 2352 aues
617 2297 655 2351 ut
678 2289 820 2351 domino
840 2307 1025 2352 numerum
1044 2289 1175 2352 reddat
1195 2287 1266 2350 solet
1309 2288 1311 2312 ³

145 2397 277 2459 ibidem
293 2397 449 2476 seruari]
466 2399 503 2458 In
517 2400 575 2459 boc
589 2405 667 2459 tecto
681 2415 775 2459 eacus
793 2416 872 2473 quae
886 2387 1025 2459 tabulata
1040 2398 1155 2459 babeat
1168 2397 1268 2474 aliquod
1308 2402 1311 2408 ⁴

146 2506 189 2564 ad
201 2508 343 2581 porticae
355 2509 600 2582 supplementum.
637 2511 747 2566 contra
761 2506 818 2566 bac
833 2507 985 2566 aviarium
995 2522 1060 2584 sqq.
1072 2502 1194 2565 blerula.
1220 2519 1268 2563 cor-

146 2618 234 2690 rupta
258 2613 288 2671 in
312 2609 397 2673 libris
417 2630 504 2673 manu
524 2612 645 2690 scriptis
663 2619 694 2672 et
712 2610 800 2672 editis
819 2609 907 2672 verba
926 2608 1081 2673 lucendus
1099 2611 1142 2672 ita
1160 2610 1270 2672 conexi

146 2726 176 2777 et
199 2717 355 2799 supplevit,
379 2722 410 2779 r‘a
433 2720 491 2780 boc
515 2727 592 2780 tecto
616 2736 771 2793 carraque
793 2720 932 2779 tabulatu
953 2719 1090 2780 habeant
1112 2721 1224 2794 albuci
1240 2716 1272 2776 ad

142 2825 285 2901 perticae
306 2828 551 2901 supplementum.
598 2832 707 2886 contra
735 2826 792 2886 boc
820 2827 972 2886 aviarium
997 2830 1044 2886 est
1071 2827 1162 2886 aliud
1185 2827 1272 2896 mutua

145 2933 177 2991 in
200 2948 259 3005 quo
282 2949 363 3006 quac
384 2940 524 3011 mortuae
547 2933 591 2992 ibi
607 2938 678 2992 suut
700 2949 779 3011 aues,
802 2939 836 2992 ut
854 2933 973 2993 domim
992 2948 1155 2992 numerum
1172 2931 1273 3001 reddat,

144 3045 274 3099 curator
296 3057 422 3099 seruare
444 3042 526 3099 salet.
573 3039 703 3117 priorem
726 3045 841 3117 partem
860 3036 992 3117 Scaliger
1015 3037 1053 3098 ad
1077 3045 1210 3099 veterem
1228 3035 1274 3096 lec·

144 3145 254 3204 tionem
284 3163 300 3205 a
324 3144 454 3206 Victoria
483 3143 651 3204 adnotatam
666 3124 735 3205 ¹ltoc
763 3143 851 3205 modo
878 3146 1042 3224 revocarit,
1071 3147 1103 3205 iu
1134 3146 1193 3206 boc
1211 3149 1275 3204 tecto

144 3254 300 3326 cautisque
323 3255 388 3312 aurs
412 3254 550 3312 tabulata
573 3253 707 3312 babeant
724 3253 846 3326 aliquot.
884 3253 929 3311 ad
941 3257 1054 3328 partae
1071 3252 1277 3312 rudimentum

145 3364 254 3417 contra
282 3360 340 3419 bac
367 3360 520 3418 aviarium
548 3366 593 3417 est
620 3359 708 3417 aliud
733 3360 842 3441 minus.
883 3358 914 3417 in
943 3354 1053 3436 quihus
1079 3359 1277 3419 sublimentur

144 3481 198 3541 pro
223 3462 381 3524 sublimine
404 3464 516 3524 dictum
541 3465 680 3543 superius
703 3462 794 3524 limen
817 3463 997 3544 significare,
1027 3464 1172 3525 tabulata
1193 3471 1277 3525 auten

143 3572 174 3629 in
199 3567 299 3628 limine
328 3571 391 3629 caui
415 3569 513 3651 affixa,
541 3573 571 3630 in
599 3568 708 3648 quibus
736 3587 804 3630 aves
832 3568 878 3630 vel
905 3576 1051 3631 excuntes
1081 3587 1121 3631 ex
1149 3587 1218 3632 caru
1242 3567 1279 3628 vd

144 3683 301 3754 antequam
325 3675 354 3735 id
379 3678 475 3754 ipsum
500 3675 627 3737 subeant
649 3675 780 3737 insidere
800 3674 923 3756 soleant,
946 3674 1004 3737 dici
1024 3656 1131 3740 voluit
1170 3677 1279 3738 Schnei-

144 3780 248 3860 dorus,
279 3783 418 3860 quoniam
452 3779 611 3842 Columella
636 3779 796 3862 vl113‚3
828 3783 859 3842 in
892 3781 1056 3861 gallinariis
1089 3783 1277 3846 tabulatorum

143 3875 323 3948 mentionem
348 3887 470 3966 laceret,
494 3887 570 3967 apud
591 3887 753 3948 Varronem
773 3887 845 3949 ltaec
864 3907 900 3949 ex
924 3890 1129 3970 descriptione
1148 3888 1279 3971 gallinarii

142 3993 202 4055 hato
225 3993 319 4055 delata
343 4002 374 4054 et
392 3994 433 4055 ibi
452 3991 492 4053 lll
510 3991 574 4075 9,t
599 4002 667 4074 post
686 3996 802 4057 cubilia
821 4012 928 4057 earum
946 3997 1173 4076 transponenda
1189 3996 1277 4075 ibique

143 4102 186 4161 sic
210 4100 367 4160 scribenda
391 4102 533 4182 coniecit,
561 4104 592 4162 ia
614 4103 673 4164 boc
696 4109 774 4163 tecta
801 4105 963 4178 caveasque
991 4103 1137 4166 tabulata
1159 4105 1278 4167 babeant

142 4210 258 4281 aliquot
281 4208 324 4265 ad
342 4210 482 4282 perticae
506 4201 566 4290 (vet
586 4200 794 4292 perticarum)
816 4212 1064 4286 supplementum.
1103 4211 1277 4286 seeundum,

142 4329 230 4389 quam
263 4314 338 4371 ratio
366 4313 576 4394 descriptionis
606 4314 757 4395 postulare
790 4314 958 4398 videbatur,
989 4318 1022 4376 in
1054 4316 1140 4379 baruc
1168 4314 1276 4378 modum

142 4419 274 4501 restitui,
298 4421 329 4479 iu
352 4422 411 4482 boc
434 4428 512 4483 tecto
535 4439 657 4496 caveas,
687 4440 767 4498 quae
790 4423 928 4484 tabulata
950 4422 1089 4485 babeant
1112 4426 1222 4501 capot
1239 4419 1279 4480 ad
