2874 4994
266 361 397 417 RERVM
415 362 662 418 RVSTICARVM-
674 365 741 419 LIB.
761 366 801 419 111
824 364 952 421 12-13
1121 357 1184 421 277

135 515 290 577 Pedibus
314 517 457 596 primis]
487 520 620 579 Pedibus
644 521 803 595 prioribus
826 521 953 580 conlecit
977 519 1186 580 Schneiderus.

133 621 153 686 6
186 624 284 695 duod
304 627 339 684 in
359 624 467 702 gallia
486 626 650 686 nascitur
669 624 836 706 adadpis]
857 622 906 687 Aa
922 630 1012 704 Alpes
1027 625 1186 687 iucundus.

44 729 117 792 Plin.
140 730 202 790 Vlll
221 726 285 792 217
306 740 336 792 et
353 735 489 808 leporum
508 737 603 809 plura
625 740 695 793 sant
711 751 837 806 penora,
857 737 888 794 in
907 735 1032 810 Alpibus
1050 736 1186 807 condidi,

42 839 152 912 quibas
175 840 311 899 hibernis
334 841 484 901 mensibus
505 859 563 917 pro
586 843 690 900 cibata
714 844 811 902 nivem
834 844 965 903 credant
988 859 1059 901 esse.

132 942 254 1004 Tertii
276 948 421 1024 generis
445 956 499 1006 cst
523 945 614 1025 qnod
639 948 673 1006 in
694 946 855 1024 hispania
874 948 1037 1007 nascitur
1056 946 1186 1006 simiIis

41 1058 168 1110 nostro
192 1050 308 1128 lepori
333 1069 372 1111 ex
392 1052 539 1130 quadam
559 1061 660 1130 parte
680 1050 740 1112 sed
761 1051 894 1112 humile
914 1070 1014 1131 quem
1037 1054 1186 1113 cunicu-

42 1156 113 1216 lum
143 1154 346 1235 appellant]
375 1155 715 1218 sententiosum
743 1160 773 1218 in
797 1158 991 1237 etymologica
1015 1176 1040 1217 v.
1064 1160 1185 1217 cunicu-

42 1263 98 1324 lus.
137 1266 330 1323 mutationem
345 1264 472 1342 generis,
490 1267 595 1324 similis
612 1295 649 1306 -
667 1268 722 1325 sed
739 1268 858 1338 humile,
877 1275 1025 1343 mmquam
1045 1263 1185 1343 syllepsin

41 1370 195 1430 Gesnerus
219 1369 359 1430 defendit.
396 1372 517 1431 humilis
541 1373 657 1452 scripsi,
681 1371 759 1450 quod
779 1371 981 1432 Schneiderus
999 1371 1185 1431 commenda·

41 1486 132 1537 verat.
171 1494 236 1536 nam
260 1479 378 1555 generis
403 1479 525 1536 mutatio
549 1478 578 1536 in
599 1476 654 1537 hac
674 1476 831 1538 verborum
850 1480 1064 1557 compositione
1089 1478 1184 1557 negle-

40 1585 158 1662 gentiae
183 1582 275 1643 tribui
299 1585 410 1662 nequit,
434 1600 613 1662 quamquam
633 1583 837 1662 neglegentius
855 1584 968 1645 dictum
988 1595 1035 1645 est
1056 1588 1138 1660 quod
1155 1589 1186 1645 in

42 1691 196 1766 Hispania
218 1692 358 1749 noscitur
381 1697 411 1748 ct
434 1707 523 1768 supra
547 1693 630 1764 qaod
652 1694 683 1750 iu
705 1693 805 1751 Gallio
828 1694 975 1766 nascitur,
1000 1691 1079 1770 quod
1101 1710 1185 1753 accu-

40 1799 139 1857 ratius
162 1795 198 1855 dc
221 1794 324 1874 lepore
347 1793 505 1855 dicendum
530 1804 593 1855 erat
611 1800 665 1870 oui
683 1800 830 1858 nascitur.
876 1796 987 1859 Plinl.
1007 1803 1186 1876 cleperent

39 1905 165 1978 pencris
187 1908 257 1961 sant
280 1909 309 1961 et
332 1918 405 1976 quos
431 1902 579 1977 Hispania
602 1904 760 1964 cuniculos
783 1907 923 1979 appellat.

131 2007 179 2068 ab
202 2026 241 2068 eo
266 2008 402 2069 dietum
426 2007 585 2086 leporem
610 2027 625 2067 a
654 2009 900 2069 celeritudine
925 2010 1016 2089 quod
1047 2010 1185 2090 leuipcs

39 2114 158 2213 espet]
183 2116 209 2174 Α
232 2117 432 2176 celeritudine
450 2114 544 2176 deleri
565 2115 657 2175 voluit
675 2115 811 2195 Ursinus,
830 2115 1016 2179 incluserunt
1035 2116 1185 2177 Gesnerus

39 2232 71 2284 et
99 2221 301 2283 Schneiderus
329 2239 434 2300 parum
463 2224 567 2282 attenti
595 2221 631 2282 ad
661 2225 804 2282 rationem
833 2224 980 2282 sermonis
1003 2221 1185 2283 Varroniaui.

131 2327 231 2400 Quod
256 2346 332 2388 eum
356 2327 469 2388 aeolis
494 2339 527 2389 et
550 2329 678 2389 honum
698 2328 859 2406 leporum
879 2328 1124 2408 appellabant]
1146 2331 1185 2390 El

40 2441 151 2499 bonum
181 2453 249 2496 cum
278 2434 455 2514 apographis
482 2444 513 2495 et
536 2435 665 2495 Victoria
690 2433 864 2514 Politianus,
895 2453 954 2495 non
984 2444 1013 2496 et
1035 2438 1122 2512 bene,
1152 2445 1185 2497 nt

40 2543 195 2604 Gesnerus
217 2543 375 2603 adnotavit.
421 2544 503 2617 qnod
529 2560 564 2603 eo
592 2546 691 2603 aeoles
719 2544 810 2603 boetii
832 2547 963 2618 leporem
991 2545 1185 2620 appellabant

38 2649 163 2728 diecula,
190 2653 273 2725 qnod
295 2666 362 2711 eum
385 2652 491 2710 Aeoles
514 2649 632 2709 Boeotii
653 2652 784 2725 leporem
808 2650 1003 2725 appellabant
1024 2648 1184 2731 lucendus,

39 2760 124 2833 qnod
146 2774 214 2817 enm
237 2759 338 2818 Aeolis
360 2757 480 2816 Boeotii
502 2749 638 2834 λέποριν
661 2757 855 2832 appellabant
874 2753 1030 2815 Victorius.
1068 2759 1098 2816 in
1121 2776 1184 2818 cor·

39 2872 128 2943 rupta
156 2863 309 2942 archetypi
339 2864 486 2942 scriptura
514 2879 654 2940 graecum
683 2860 857 2923 vocabulum
885 2861 931 2923 bis
959 2865 1088 2941 positum
1119 2883 1185 2925 esse

40 2971 157 3031 monuit
190 2966 381 3029 Zahlieldtius
415 2971 617 3046 quaesterit
646 2971 677 3028 in
706 2967 786 3030 Varr.
813 2987 870 3028 rer.
895 2979 968 3030 rust.
993 2967 1057 3028 libr.
1081 2989 1108 3047 p.
1133 2968 1185 3047 26,

37 3079 123 3153 qaod
144 3093 212 3136 eum
233 3075 331 3136 Aeolis
351 3069 488 3153 λέποριν
507 3076 708 3151 appellabant.
746 3074 782 3134 de
802 3074 903 3153 lepore
923 3075 1024 3133 eadem
1044 3074 1184 3152 leguntur

37 3182 75 3243 de
99 3181 170 3260 ling.
195 3180 242 3241 lat.
267 3180 290 3239 V
311 3178 370 3242 101
407 3185 505 3258 lepus,
537 3185 619 3255 qaod
650 3182 748 3240 Siculi
778 3183 901 3254 qnidam
932 3181 1049 3241 Graeci
1079 3183 1184 3241 dieunt

38 3282 178 3368 λέποριν
201 3295 233 3348 et
250 3306 286 3347 ex
302 3305 401 3348 rerum
421 3287 586 3347 diuinarum
608 3285 683 3345 libro
702 3292 808 3363 quarto
828 3285 942 3345 decimo
962 3284 1039 3363 apud
1058 3286 1183 3347 Gellium

39 3392 174 3476 118,2
208 3412 266 3455 non
294 3398 373 3456 enim
401 3398 532 3471 leporem
561 3395 702 3467 dicimos,
730 3399 764 3453 nt
791 3395 834 3451 ait
858 3385 1002 3475 (helius),
1031 3396 1113 3468 qnod
1139 3402 1183 3454 est

36 3508 159 3582 levipes,
181 3505 238 3564 sed
258 3504 341 3577 quod
363 3509 406 3562 est
429 3502 607 3562 vocabulum
630 3502 764 3560 anticum
784 3515 943 3573 praecum.

127 3606 231 3671 XIIII
268 3606 345 3668 Scis
370 3610 513 3686 iuquam
536 3605 609 3683 axi]
634 3607 702 3667 Scis
725 3609 848 3679 inquam
867 3607 946 3678 Apri
964 3608 1027 3666 Axi
1048 3608 1078 3666 in
1100 3608 1182 3686 priu-

38 3720 105 3797 cipe
129 3715 260 3792 editione
284 3713 397 3775 editum
422 3724 493 3794 erat,
518 3711 596 3773 trude
619 3715 688 3793 scis,
711 3714 809 3785 inquit
830 3711 953 3789 Aprica,
976 3712 1039 3772 Ani
1057 3712 1182 3775 Ursinus

37 3825 177 3904 coniecit,
199 3825 268 3896 scas,
293 3825 392 3897 inquil
414 3823 541 3897 Appius,
570 3821 634 3879 Axi
655 3817 820 3878 Pontedera
844 3835 871 3896 p.
890 3812 965 3877 455.
1001 3821 1061 3877 scie
1086 3822 1182 3893 lnquit

41 3934 104 3992 Axi
131 3931 248 4010 sculpsi.
285 3948 351 3990 nam
381 3926 416 3988 ab
445 3928 551 4007 Appio,
582 3927 629 3985 cui
659 3925 732 3985 haee
760 3942 828 4003 pars
856 3924 1064 4002 disputationis
1093 3942 1182 4001 supra

44 4036 92 4118 12,
116 4035 132 4098 l
160 4036 295 4098 mandata
319 4045 392 4114 erat,
415 4033 487 4093 haec
510 4031 568 4092 dici
592 4033 680 4091 etiam
704 4048 763 4090 non
783 4029 881 4090 addito
902 4030 1020 4089 nomine
1040 4029 1181 4108 intellegi-

42 4153 98 4207 tur.
138 4161 316 4222 quamquam
340 4145 463 4215 inquam
487 4137 604 4198 delendi
629 4139 740 4215 poterit
763 4138 816 4216 ita,
845 4144 878 4196 ut
901 4135 958 4196 hoc
981 4138 1045 4213 Ipse
1069 4136 1182 4216 Appius

40 4259 109 4314 ante
133 4248 360 4329 appellationem
384 4247 448 4306 dxii
471 4245 597 4304 orationi
621 4261 692 4303 suae
716 4245 894 4323 interponat,
921 4251 1078 4322 propterea
1103 4244 1181 4321 (pund

37 4358 76 4419 ad
96 4355 226 4418 eundem
241 4353 355 4415 dixerat
370 4363 454 4414 antea
468 4353 496 4413 si
508 4353 607 4428 possis
626 4359 656 4410 et
673 4358 703 4411 te
721 4352 836 4411 habere
850 4358 925 4426 puto
946 4367 1010 4427 sqq.
1049 4368 1114 4408 riam
1135 4350 1182 4409 illa

36 4480 163 4544 quoque
186 4460 361 4547 adhxium,
385 4462 435 4539 qui
458 4476 576 4518 omnem
596 4474 763 4517 sermonem
782 4458 867 4535 regit,
890 4455 1049 4535 pertinent,
1069 4472 1127 4513 non
1147 4455 1182 4514 ad
