2874 4994
275 344 323 397 DE
343 343 434 398 AGRI
451 341 625 400 CVLTVRA
643 345 783 401 LIBRVM
803 345 832 401 C.
856 343 1028 403 lot-155
1164 339 1225 403 167

150 518 283 578 Prima
311 493 551 580 adtumnitate
580 538 656 580 cum
685 518 805 598 puluis
834 529 889 580 est
917 529 988 579 tum
1011 521 1158 579 maxime
1182 519 1223 581 ab

49 643 150 705 aqna
176 624 389 703 periculum
409 624 477 704 est]
501 628 572 686 Cum
588 629 710 703 pluvius
728 635 773 687 est
786 625 907 706 Merula,
926 626 1005 705 quod
1021 626 1223 687 Schneidcrus

51 750 152 813 prava
182 733 328 810 opinione
353 731 389 792 de
413 732 470 793 lide
494 734 767 813 antiquissimarum
791 732 954 795 editionum
976 736 1005 793 in
1026 751 1159 793 errorem
1179 736 1222 793 in·

54 840 179 900 ductus
208 837 352 918 probavit
391 857 459 900 cum
479 844 578 917 puluis
602 847 646 902 esi
668 859 704 901 ex
728 858 816 901 manu
838 843 959 919 scriptis
978 839 1063 900 libris
1082 840 1222 920 Angelius

56 946 217 1007 restituit.
246 954 369 1024 apparel
383 948 461 1006 enim
477 946 513 1007 ab
528 965 601 1025 aqna
617 950 647 1008 iu
662 947 735 1008 locis
749 946 912 1007 declivibus
927 955 990 1007 tum
1005 948 1130 1006 maxime
1145 949 1222 1025 peri-

56 1049 170 1112 culum
199 1070 280 1132 esse,
305 1071 373 1114 cnm
397 1061 476 1114 terra
500 1053 704 1133 pulverulenta
729 1055 803 1114 iacta
828 1062 882 1114 est.

157 1157 248 1220 Cum
272 1158 397 1239 pluere
422 1161 574 1238 incipiet
598 1159 766 1221 familiam
790 1178 866 1221 cum
891 1160 1024 1220 lerreis
1049 1158 1222 1221 sarculis·

59 1281 127 1342 que
160 1269 265 1327 exire
285 1274 430 1345 oportet
448 1266 573 1327 incilia
592 1269 734 1346 aperire
754 1285 876 1346 aquam
897 1267 1068 1327 diducere
1088 1269 1123 1326 in
1144 1269 1221 1327 uias

59 1377 91 1428 et
123 1381 296 1451 segetem
324 1391 451 1434 curare
480 1382 624 1453 oportet
652 1376 704 1434 uti
731 1374 817 1435 lluat
844 1377 879 1435 in
907 1372 993 1434 uilla
1018 1393 1096 1434 cnm
1119 1374 1221 1453 pluet

59 1476 270 1541 circumire
303 1488 447 1559 oportet
479 1480 597 1541 sicubi
628 1481 796 1560 perpluat
823 1490 858 1542 et
890 1483 1032 1560 signare
1066 1480 1220 1543 carbone

60 1600 145 1643 cum
178 1587 337 1648 desierit
363 1587 488 1666 pluere
518 1590 571 1647 uti
594 1587 712 1667 tegula
738 1596 895 1649 mutetur
919 1607 981 1667 per
1004 1596 1161 1666 segetem
1185 1591 1221 1649 in

61 1689 269 1755 lcumentis
296 1705 356 1755 aut
384 1697 420 1755 in
448 1703 569 1772 segete
597 1697 716 1755 autin
741 1696 848 1755 lossis
877 1694 995 1755 sicubi
1022 1714 1110 1774 aqua
1139 1714 1221 1755 con·

61 1802 139 1855 stat
172 1812 233 1862 aut
263 1801 398 1879 aliquid
427 1818 537 1880 aquae
566 1800 686 1861 obstat
714 1801 747 1861 id
776 1804 942 1862 emittere
967 1802 1142 1880 patelieri
1164 1821 1218 1862 re·

61 1911 286 1986 moerorique
310 1901 466 1990 oportet]
495 1909 567 1968 Cum
587 1907 702 1984 ferreis
725 1913 857 1970 surculis
880 1913 967 1970 exire
984 1941 1022 1951 -
1039 1927 1149 1984 uquam
1170 1913 1219 1971 de·

62 2009 188 2075 ducere
203 2024 233 2075 et
252 2014 359 2075 deinde
378 2015 478 2076 sicubi
495 2034 576 2090 uque
596 2020 741 2077 consistet
759 2014 879 2077 Merula.
912 2024 1070 2095 praecepta
1090 2016 1125 2075 de
1145 2036 1220 2095 aqua

61 2131 92 2171 ex
119 2136 199 2197 agro
219 2120 393 2201 depellenda
413 2130 443 2181 et
462 2121 498 2181 de
514 2121 579 2182 villa
595 2122 631 2182 ab
646 2122 792 2184 imbribus
808 2124 915 2183 tuenda
931 2125 995 2183 sine
1011 2130 1092 2183 certo
1106 2124 1220 2203 ordine,

62 2229 90 2278 nt
121 2228 295 2309 videbatur,
319 2231 413 2308 posita
433 2229 634 2290 Schneiderus
657 2231 688 2289 in
712 2229 792 2290 bunc
816 2230 935 2290 modurn
959 2230 1133 2307 corrigenda
1153 2248 1219 2290 esse

61 2331 213 2415 coniecit,
242 2353 354 2412 aquom
377 2339 531 2396 deducere
555 2339 585 2396 iu
609 2339 686 2415 uias,
715 2339 762 2395 uti
780 2338 872 2416 fluat,
901 2345 930 2396 et
951 2345 1080 2410 repetem
1104 2355 1219 2397 curere

61 2449 207 2516 oportet;
236 2446 267 2504 in
290 2451 390 2519 segete
413 2451 468 2504 aut
491 2446 521 2503 in
543 2441 634 2518 sessis
657 2445 757 2503 sicubi
779 2461 860 2517 uque
884 2449 1003 2503 constet
1025 2451 1080 2503 out
1102 2446 1221 2518 aliquid

61 2557 172 2612 “duae
195 2553 303 2624 obstat,
328 2553 361 2610 id
378 2554 522 2630 emittere,
537 2553 682 2627 patefieri
700 2552 907 2624 remouerique
925 2557 1050 2626 opertet.
1088 2553 1119 2610 in
1138 2554 1218 2630 uilla,

61 2663 140 2711 cum
157 2662 251 2738 pluet,
271 2660 438 2718 circumire
456 2665 581 2734 oportet,
600 2664 630 2718 et
647 2659 747 2718 sicubi
760 2660 912 2733 perpluat,
932 2660 1058 2731 signore
1077 2659 1219 2738 carbone,
1244 2638 1257 2703 ἶ

61 2770 139 2817 lum
168 2768 296 2826 desierit
319 2768 440 2845 pluere,
469 2769 515 2825 uti
541 2769 644 2839 reputa
671 2772 811 2825 mutetur.
858 2763 1079 2842 neglegentiore
1108 2783 1217 2841 genere

61 2857 203 2950 dicendi,
238 2872 316 2952 quod
346 2874 464 2950 saepius
491 2873 522 2931 in
551 2872 606 2932 boc
635 2871 711 2931 libro
740 2874 903 2953 invenitur,
931 2871 967 2932 ad
995 2880 1153 2950 praecepta
1181 2872 1217 2931 de

62 2983 145 3043 a(lua
170 2979 348 3059 diducenda,
372 2997 482 3054 aeuum
507 2982 653 3040 diducere
677 2983 708 3039 in
731 2983 805 3053 uias,
828 2981 995 3057 interrupto
1016 2977 1134 3057 paulum
1155 2996 1218 3038 ver

61 3067 178 3146 h⁰¹'um
207 3105 285 3147 nexu
314 3086 422 3166 adponi
449 3094 586 3165 poterant
612 3086 697 3166 haec,
726 3094 755 3146 et
776 3095 904 3160 repetem
928 3104 1055 3160 curere,
1085 3095 1118 3145 ut
1142 3087 1217 3147 ratio

60 3191 171 3253 ⁰l³eris
200 3193 369 3253 accuratius
393 3191 580 3252 definiretur:
609 3211 714 3270 aquam
739 3190 877 3252 incilibus
901 3194 1012 3270 apertis
1037 3194 1066 3252 in
1091 3195 1153 3253 vias
1176 3192 1218 3253 di-

58 3280 181 3360 dficere
201 3318 295 3379 eaque
315 3317 347 3360 re
368 3307 498 3377 segetem
514 3317 619 3360 curare
635 3307 760 3379 oportet,
779 3309 812 3359 ut
827 3317 901 3378 aqna
916 3298 996 3358 lluat.
1030 3299 1081 3360 sed
1097 3303 1217 3381 rectius,

54 3402 148 3478 luto,
172 3406 271 3468 deleto
291 3426 316 3468 v.
330 3415 460 3481 repetem
480 3406 629 3466 scribetur
648 3424 758 3481 aquom
773 3409 920 3466 diducere
935 3409 965 3465 in
980 3409 1045 3466 ulcr
1060 3414 1089 3466 et
1103 3425 1217 3468 curare

50 3509 188 3575 Oportet
211 3518 259 3575 uti
272 3517 360 3589 liudi,
383 3512 412 3573 h.
427 3532 452 3573 e.
472 3513 636 3573 curandum
656 3520 753 3573 estut
772 3531 847 3591 aqua
866 3512 946 3572 linat.
983 3531 1050 3573 nam
1065 3513 1100 3572 de
1115 3513 1232 3589 segete

50 3596 184 3682 dicitur
208 3632 319 3700 postea.
363 3621 460 3698 primo
484 3627 626 3681 autumno
650 3621 754 3700 igitur,
780 3628 843 3680 tum
868 3638 935 3680 cum
960 3620 1062 3699 pluere
1086 3622 1217 3701 incipiet,

46 3703 214 3790 tammam
238 3747 307 3790 cum
330 3729 435 3788 lerreis
459 3734 489 3787 et
512 3725 637 3787 sarculis
660 3729 750 3806 exire,
773 3730 884 3806 apertis
903 3727 1042 3788 incilibus
1060 3745 1166 3808 aquam
1184 3728 1216 3786 in

45 3812 118 3882 *ias
169 3837 310 3898 diducere
343 3842 374 3895 et
405 3851 510 3895 curare
543 3843 659 3913 oportet
692 3842 725 3893 ut
757 3853 831 3913 aqua
861 3834 942 3894 lluat.
992 3836 1062 3895 item
1091 3836 1121 3895 in
1150 3832 1216 3894 villa

41 3917 92 3978 ⁰1¹⁸
94 3946 233 4004 eumire
258 3949 374 4021 oportet
398 3950 428 4001 ct
451 3941 566 4021 videre,
589 3941 685 4002 sicubi
709 3940 857 4020 perpluat,
881 3958 1009 4020 eumque
1032 3941 1129 4002 locum
1154 3960 1216 4002 car·

39 4017 143 4102 b⁰¹¹e
170 4054 297 4131 signare,
315 4057 348 4110 ut
368 4048 464 4128 tegula
484 4057 625 4129 mutetur,
645 4067 712 4109 cum
732 4048 835 4126 pluere
855 4048 984 4108 desierit.
1017 4065 1070 4127 per
1085 4057 1215 4126 segetem

42 4144 185 4240 autem,
209 4158 266 4219 boc
289 4165 335 4218 est
359 4166 491 4235 tempore
514 4158 669 4234 sementis,
693 4158 719 4216 si
743 4154 787 4215 rel
811 4158 841 4216 in
865 4155 1031 4235 frumentis,
1055 4172 1129 4233 quae
1153 4163 1215 4215 sata

45 4252 137 4318 ΨΜ
171 4265 299 4328 necdum
328 4264 443 4325 radices
468 4273 607 4343 egerunt,
637 4262 681 4322 rel
708 4265 738 4323 in
767 4271 865 4342 segete
894 4261 939 4322 vel
966 4265 997 4323 in
1026 4261 1113 4322 iussis
1140 4281 1214 4341 aqua

50 4359 199 4454 mussat,
222 4371 269 4432 vel
292 4371 389 4450 siquid
414 4388 506 4449 aquae
527 4370 633 4450 obstat,
656 4373 814 4449 quominus
833 4370 926 4431 lluere
945 4371 1048 4451 possit,
1070 4370 1099 4430 id
1119 4387 1213 4430 remo·

55 4467 140 4534 ΨΒ
166 4492 197 4542 ct
220 4481 298 4539 riam
320 4479 487 4558 patelacere
510 4485 637 4559 oportet,
659 4488 693 4540 nt
712 4496 787 4558 aqna
806 4480 967 4540 emittatur.
1003 4477 1038 4538 de
1059 4484 1158 4554 segete
1178 4475 1214 4535 ab
