2874 4994
154 324 194 387 12
510 333 700 389 ΟΟΜΜΕΝΤ.
720 334 760 388 IN
779 332 938 388 CATONIS

150 505 237 568 posse
260 486 358 549 locum
382 497 576 550 censuerunt:
600 490 664 568 ipse
688 508 723 550 eo
747 488 863 550 sublato
887 496 1017 549 veterem
1040 487 1070 546 ia
1090 504 1174 547 suam
1193 485 1293 546 sedem

150 598 279 676 reposui
316 595 429 657 macula
452 603 551 656 autem
574 598 605 656 in
629 615 688 658 uno
712 595 802 657 rerbo
826 605 898 675 erat,
921 614 988 656 nam
1012 593 1126 674 reliqua
1149 612 1218 654 cum
1238 592 1294 654 tide

149 705 180 764 in
200 712 336 765 nostrum
354 702 463 763 librum
484 703 622 764 translata
642 713 725 765 sunt:
744 703 867 782 Expinsi
881 703 933 763 lar.
970 702 1059 762 unius
1072 703 1164 780 igitur
1179 708 1294 762 tautum

148 809 251 870 literae
284 810 474 887 castigatione
506 827 561 888 pro
590 808 646 870 lar
674 809 731 869 Far
763 808 837 888 lego.
888 808 1027 869 Varronis
1059 807 1142 869 locus
1169 807 1207 868 de
1236 808 1293 868 vita

148 915 251 996 populi
274 914 367 996 Rom,
391 916 443 994 qui
466 935 482 975 a
501 915 596 976 Nonio
620 912 662 996 [p.
684 912 827 997 15214]
853 914 1018 996 adducitur,
1042 932 1106 975 rem
1129 915 1293 995 confirmat,

147 1023 209 1086 Nec
226 1024 348 1104 pistoris
368 1040 475 1083 nomen
495 1031 567 1103 erat,
586 1024 644 1083 uisi
663 1025 728 1083 eius
747 1025 798 1102 qui
818 1024 882 1083 ruri
901 1023 945 1083 lar
963 1016 1116 1102 pinsebat'
1135 1020 1294 1083 Victorius.

148 1131 250 1192 eadem
278 1131 430 1210 praecepit
452 1129 612 1191 Columella
640 1128 777 1211 1121,3
802 1129 892 1206 feriis
918 1138 1019 1191 autem
1041 1134 1120 1191 ritus
1143 1132 1293 1191 maiorum

147 1241 238 1298 etiam
262 1240 314 1299 r'tlo
333 1239 491 1314 permittit,
512 1235 568 1312 sor
588 1240 723 1313 pinsere,
743 1236 833 1313 foces
856 1239 993 1298 incidere
1011 1254 1085 1317 sqq,
1108 1236 1160 1298 ubi
1181 1240 1295 1298 ritaret

147 1343 253 1404 deinde
274 1342 347 1419 foro
371 1346 487 1404 instare
510 1344 540 1402 in
565 1342 812 1422 sangermanensi
836 1343 938 1404 codice
963 1345 1107 1422 scriptum
1131 1353 1203 1407 est„

240 1452 312 1512 Cum
334 1454 421 1511 serui
442 1453 635 1526 oegrotorint
656 1450 820 1512 Politianus
844 1469 913 1511 cum
937 1450 1121 1531 apographis.
1158 1455 1243 1512 serui
1262 1453 1292 1511 in

147 1558 276 1620 editione
301 1556 422 1619 Victorii
445 1559 587 1617 omissum
612 1565 688 1639 erat3
712 1558 768 1619 hoc
792 1557 904 1619 addidit
928 1557 1087 1620 Gesnerus

235 1663 256 1728 5
274 1665 340 1726 Ubi
358 1667 503 1745 cognita
521 1683 632 1744 aequo
652 1668 769 1726 animo
789 1667 862 1727 siut
881 1684 1017 1745 quaeue
1032 1665 1171 1744 reliqua
1186 1684 1294 1746 opera

147 1774 219 1834 sint
241 1790 369 1834 curare
393 1773 446 1832 uti
468 1767 725 1853 perficiantur]
755 1774 812 1834 ort
833 1776 956 1849 cognita
980 1790 1077 1848 aequo
1104 1776 1204 1835 oninro
1223 1777 1292 1855 sint,

112 1906 115 1911 ·
146 1898 227 1955 qrtoe
248 1898 344 1957 opero
366 1883 428 1941 sint
450 1882 600 1954 errando,
624 1882 672 1940 uti
688 1884 895 1957 perficiantur
913 1878 1035 1960 Merula,
1059 1879 1110 1941 ubi
1129 1879 1291 1941 Politianus

146 2005 261 2049 errrore
284 2005 319 2047 ex
344 1986 446 2048 codice
469 1988 598 2070 scripsit,
622 1996 720 2048 cetera
745 2005 803 2047 non
827 1989 959 2048 nrrrtarit.
998 2005 1099 2063 quoue
1121 1984 1292 2067 (quceoec

145 2094 250 2171 qarob)
269 2099 389 2171 reliquo
407 2112 502 2172 opero
519 2098 581 2155 sint
593 2112 708 2157 errrore
722 2093 806 2175 Alto,
824 2113 943 2170 orraeue
958 2097 1069 2171 (queue
1084 2096 1108 2170 l)
1122 2114 1218 2173 opero
1232 2100 1292 2157 sint

145 2222 260 2264 curare
283 2204 333 2264 ml.
379 2202 415 2263 de
444 2202 602 2282 arclrotppo
631 2220 690 2263 non
719 2204 790 2263 satis
818 2212 947 2283 constat,
975 2203 1027 2263 sed
1055 2222 1174 2279 quaere
1197 2222 1292 2280 opero

143 2314 204 2371 siut
232 2330 347 2373 curare
374 2309 491 2371 ridetur
519 2312 549 2370 in
578 2327 613 2370 eo
642 2311 787 2389 scriptum
815 2311 907 2370 luisse
931 2309 1080 2389 adscripto
1104 2312 1134 2370 in
1158 2313 1291 2390 margine

144 2416 190 2477 rel
213 2420 416 2497 superscripto
441 2422 568 2493 reliquo,
593 2418 671 2496 quod
695 2419 725 2478 in
745 2416 916 2478 Florentino
938 2417 1040 2479 codice
1059 2425 1089 2479 ct
1107 2420 1137 2478 in
1158 2417 1290 2479 lllediceo

144 2542 172 2583 m
201 2525 344 2584 omissum
368 2542 464 2602 noque
488 2544 503 2583 a
528 2523 672 2585 Politiano
696 2524 868 2584 adnotatum
892 2532 946 2584 est.
991 2526 1045 2585 udi
1066 2527 1144 2586 hoec
1166 2529 1291 2601 cognito

144 2647 240 2705 aequo
264 2633 365 2692 {trimo
387 2633 477 2707 sient,
504 2648 620 2706 quaere
642 2634 760 2706 reliquo
784 2649 878 2708 opero
901 2635 990 2706 sient,
1016 2650 1130 2693 curare
1152 2636 1200 2692 oti
1217 2652 1289 2709 per-

140 2739 290 2809 ficiantur
308 2735 386 2797 edita
406 2735 475 2796 indo
494 2736 529 2796 ab
549 2735 653 2797 Aldina
672 2735 802 2797 editione
822 2736 1008 2816 exemplaria.
1043 2739 1098 2799 ubi
1114 2757 1151 2799 eo
1166 2743 1290 2815 cognito

144 2860 241 2917 aequo
260 2846 360 2905 animo
379 2852 457 2925 soret,
476 2862 557 2920 poce
575 2847 695 2920 reliquo
714 2862 809 2922 opero
823 2849 884 2906 sint
898 2864 1014 2907 errrore
1028 2849 1074 2906 reti
1082 2850 1291 2923 perficiantur

143 2949 212 3009 olinr
241 2952 348 3030 scripsi
376 2950 411 3010 ad
440 2951 606 3031 exemplum
635 2970 738 3012 eorum
766 2971 841 3031 quae
870 2970 959 3031 supra
987 2954 1097 3031 scripta
1121 2961 1192 3013 suut
1214 2952 1244 3035 2,
1271 2951 1287 3014 l

140 3065 233 3133 poter
252 3056 389 3133 familias
407 3047 461 3118 odi
479 3062 522 3119 od
538 3062 639 3120 viltam
658 3062 747 3135 venit,
766 3061 821 3120 ubi
838 3064 932 3122 torem
944 3059 1130 3136 familiarem
1145 3064 1290 3122 solariorit

143 3173 173 3224 et
195 3166 249 3225 ubi
271 3169 418 3241 cognorit,
443 3163 508 3246 22
531 3168 586 3227 odi
606 3186 644 3229 eo
668 3171 808 3243 cognorit
830 3176 860 3228 et
879 3170 933 3228 ubi
950 3186 1002 3229 eos
1021 3170 1159 3243 aliosque
1177 3186 1290 3229 corsos

142 3275 251 3333 multos
274 3272 355 3333 dixit
378 3280 408 3332 et
430 3283 534 3353 postca
558 3270 620 3355 3,1
647 3276 700 3335 tor
722 3281 808 3336 oetas
831 3278 968 3335 occessit.
1005 3292 1073 3334 cum
1098 3276 1289 3336 coniunctiro

142 3380 196 3439 ubi
217 3378 326 3458 legitur
345 3376 410 3459 3,2
431 3383 498 3441 oleo
521 3382 575 3441 ubi
592 3384 671 3442 lecto
689 3385 755 3456 siet,
778 3386 875 3444 oleum
891 3385 948 3455 fiat
967 3384 1111 3442 continuo
1130 3389 1159 3440 ot
1181 3380 1252 3461 151,
1268 3379 1290 3443 4

142 3490 186 3547 ito
214 3489 260 3547 uti
287 3489 401 3548 dictum
424 3494 468 3547 est
487 3491 562 3561 fieri
583 3496 713 3565 oportet,
742 3495 770 3549 et
793 3491 848 3549 otri
868 3506 967 3549 semen
990 3496 1088 3549 sotum
1111 3492 1181 3563 siet,
1208 3498 1289 3550 stro·

141 3596 248 3654 meretis
276 3594 400 3669 operiri.
446 3593 476 3651 in
501 3592 661 3673 usigitur
685 3596 710 3654 si
733 3612 802 3654 vcra
826 3602 872 3654 est
894 3594 1006 3655 codicis
1030 3596 1192 3677 scriptura,
1220 3615 1290 3657 con-

141 3701 292 3760 iunctivus
311 3701 427 3777 positus
445 3708 491 3760 est
509 3710 677 3780 propterea,
697 3701 775 3781 quod
796 3720 863 3762 cum
881 3701 983 3762 eodem
999 3702 1086 3763 modo
1102 3702 1146 3763 rel
1161 3722 1229 3764 cum
1245 3706 1288 3764 in-

140 3808 253 3867 linitiro
273 3814 303 3866 et
322 3804 412 3866 verbo
431 3816 556 3889 oportet,
577 3826 652 3887 quae
671 3810 728 3867 rim
748 3809 949 3888 praecipiendi
963 3809 1082 3890 hahent,
1101 3812 1130 3870 in
1146 3813 1288 3889 primaria

141 3915 286 3975 sententia
306 3914 483 3975 coniunctus
501 3923 555 3975 est.
589 3923 722 3976 ceterum
741 3934 809 3975 cum
828 3914 986 3976 indicativo
1003 3916 1129 3995 perlecti
1144 3920 1287 3998 temporis

141 4030 259 4101 praetor
282 4040 316 4082 oa
340 4039 415 4100 quae
439 4039 529 4100 supra
553 4023 664 4101 scripta
683 4031 753 4082 sunt
772 4025 827 4083 arbi
843 4025 873 4083 in
892 4022 948 4083 lroc
968 4022 1044 4083 libro
1063 4022 1154 4084 sonrel
1173 4024 1286 4085 dictum

142 4137 196 4210 est,
222 4125 328 4217 1523
352 4147 448 4191 oenoe
470 4146 571 4191 omnes
594 4131 648 4189 utri
668 4128 812 4204 sufflatae
834 4137 904 4190 suot
927 4148 967 4190 ex
985 4132 1061 4209 citro,
1084 4149 1143 4191 non
1160 4141 1287 4207 possunt

138 4238 321 4313 perspirore
339 4239 369 4296 in
389 4242 450 4296 toto
469 4253 615 4312 corpore;
635 4235 727 4295 tirturi
747 4236 889 4314 temporis
908 4234 1035 4314 plurima
1054 4245 1124 4297 suut
1143 4239 1285 4320 exempla,

141 4359 216 4420 quae
231 4340 513 4403 Sohocndoerll'erus
533 4342 568 4401 de
587 4344 714 4420 genuina
730 4341 848 4402 Catonis
863 4341 899 4402 de
914 4341 1093 4420 agricultura
1108 4342 1177 4404 libri
1191 4345 1285 4405 lorma

141 4447 307 4527 Rogimonti
324 4443 411 4510 1885
425 4467 452 4527 p.
468 4447 511 4510 62
529 4447 678 4511 indicarit.
714 4450 744 4509 in
764 4448 884 4510 relativa
903 4452 1048 4511 sententia
1067 4470 1147 4527 oreae
1164 4456 1284 4529 reliquo
