2874 4994
282 338 329 393 DI}
350 338 438 395 AGRI
456 337 629 394 CVLTVRA
648 337 789 393 LIBRVM
808 338 838 396 C.
859 336 989 395 76-80
1146 327 1207 394 109

430 404 442 423 θ

149 494 307 555 LXXVIII
330 494 539 556 Scriblitam
560 497 611 556 sle
631 496 741 556 lacito
760 497 796 555 in
814 495 933 556 balteo
953 496 1083 555 tractIs
1102 512 1207 555 caseo

58 601 99 661 ad
129 601 280 662 eundem
308 602 446 663 modum
475 603 585 663 facito
614 605 665 662 uti
696 601 896 681 placentam
920 605 998 663 sine
1022 600 1145 679 melle]
1171 604 1208 663 In

42 711 161 785 vbalteo
185 717 299 770 tractes
323 727 412 770 caseo
436 708 557 790 Merula,
582 712 612 769 in
636 711 755 771 baltheo
777 717 880 771 tracto
902 728 1048 771 excusae
1068 709 1208 788 Angelius

59 824 151 875 etex
176 813 293 876 Iuntina
317 815 446 876 editione
471 814 680 876 Schneiderus.
723 819 840 878 restitui
869 816 1026 877 lectionem
1055 815 1208 896 archetypi

59 926 91 982 in
117 924 218 983 balteo
240 926 348 983 tractis
372 941 470 984 caseo.
518 921 648 983 scriblita
673 931 703 983 et
726 926 756 984 ln
781 923 887 1006 balteo,
911 942 985 1003 quae
1010 932 1055 982 est
1078 934 1209 983 extrema

58 1029 216 1109 placentae
240 1048 322 1110 pars,
347 1048 404 1109 qua
429 1029 523 1090 solum
548 1032 691 1113 cingitur,
721 1038 751 1091 et
774 1032 804 1090 iu
828 1033 931 1091 tractis
955 1039 985 1091 et
1009 1032 1039 1090 in
1063 1047 1149 1089 caseo
1172 1028 1208 1089 ad

60 1136 192 1197 eundem
226 1136 349 1197 modum
381 1136 514 1196 iacienda
546 1146 611 1216 est,
644 1146 732 1217 atque
765 1137 801 1196 de
830 1137 962 1217 placenta
992 1138 1210 1216 praesumptum

61 1252 135 1304 erat.
183 1242 289 1303 deiude
312 1247 378 1305 sine
400 1248 485 1305 melle
508 1247 688 1320 cognitoque
711 1244 802 1304 codex
828 1243 1019 1304 Florentinus
1042 1244 1057 1303 l
1076 1254 1106 1305 et
1131 1243 1208 1304 edita

62 1360 133 1410 ante
157 1348 320 1411 Victorhtm
345 1350 536 1432 exemplaria,
566 1350 644 1429 quod
675 1353 704 1411 iu
733 1354 868 1430 principe
893 1351 1023 1411 editione
1047 1350 1210 1411 Politianus

61 1476 125 1518 non
149 1459 287 1517 correxit.
325 1459 438 1519 rectius
461 1457 575 1538 reliqua
599 1458 765 1538 apographa
791 1467 820 1519 et
843 1458 933 1518 editio
953 1457 1078 1534 Victorii
1101 1460 1210 1518 omisso

61 1568 245 1640 cognitoque
268 1567 448 1644 scripturam
472 1564 623 1644 archetypi
648 1575 870 1645 expresserunt.

154 1672 277 1731 LXXIX
306 1670 440 1731 Globus
469 1674 519 1732 sle
549 1654 672 1749 facito]
702 1672 734 1732 ln
763 1671 882 1733 rubrica
911 1675 1093 1752 praescrIpta
1121 1681 1150 1734 et
1179 1675 1210 1734 iu

61 1776 165 1838 iudIce
186 1777 382 1856 capitulorum
406 1780 545 1839 Glebulas
565 1782 611 1840 sic
631 1779 728 1855 subito
754 1782 897 1859 scrIptum
921 1788 975 1841 est.
1013 1779 1065 1839 sed
1090 1782 1119 1839 in
1143 1799 1212 1840 cun·

62 1895 149 1946 textu
174 1884 332 1945 verborum
354 1887 459 1960 plebes
482 1889 527 1945 sr'c
547 1884 645 1960 facito
669 1895 699 1945 et
722 1904 747 1946 c.
768 1883 811 1948 80
830 1890 877 1946 uti
890 1889 995 1961 plebes
1014 1886 1124 1947 habent
1142 1887 1210 1948 libri

64 2010 159 2053 mauu
183 1994 295 2070 scrIpti.
330 1993 467 2067 plobolos
487 2001 614 2071 utroque
634 1991 698 2052 loco
718 2012 752 2053 ex
774 1993 893 2054 rubrica
912 1994 1034 2055 dederat
1052 1993 1211 2056 Iucundus.

65 2095 191 2160 ‘Globos
215 2101 258 2159 sic
282 2099 385 2160 tacito:
422 2099 471 2159 Sic
499 2101 530 2159 iu
559 2102 688 2179 antIquis
716 2099 800 2161 libris
823 2101 890 2182 legI,
914 2120 981 2162 cum
1004 2104 1034 2162 in
1059 2105 1212 2181 impressis

64 2215 154 2267 antea
168 2202 427 2287 ὑποκοριστικῶς
441 2205 591 2267 Globulus.
620 2206 697 2266 idem
717 2210 806 2267 etlam
826 2227 884 2268 uon
905 2207 996 2268 multo
1015 2218 1082 2287 pust
1103 2210 1211 2269 iactum

64 2308 145 2374 erat'
161 2312 317 2375 Victorius.
345 2311 427 2373 Varr.
448 2313 484 2374 dc
505 2312 572 2391 ling.
589 2312 610 2370 V
628 2311 688 2374 tot
710 2317 835 2389 oplobo
851 2313 979 2390 fortune
998 2318 1123 2376 dilatato
1143 2320 1212 2377 item

66 2425 101 2481 in
125 2424 190 2482 oleo
214 2425 295 2482 coeti
317 2423 393 2482 dieti
415 2440 434 2482 u
455 2422 544 2496 ptooo
565 2422 656 2496 plebi.

158 2526 200 2587 lu¹
233 2545 357 2589 aenum
394 2528 534 2589 caldum
573 2546 714 2606 unguen
752 2523 884 2612 indito]
920 2528 1116 2590 Scribendum
1150 2539 1213 2591 erat

66 2637 170 2714 potius
199 2638 229 2695 in
259 2637 388 2696 ebenum
417 2639 538 2697 coldum
568 2639 598 2696 in
627 2654 748 2710 unpoen
777 2640 880 2697 ludite.
927 2655 994 2696 nam
1022 2639 1052 2697 iu
1076 2636 1214 2718 ahenum,

65 2743 100 2801 in
134 2760 192 2820 quo
225 2741 400 2802 calefactum
433 2751 478 2802 est
511 2761 643 2821 unguen,
676 2741 755 2821 globi
789 2743 945 2823 induntur,
978 2755 1011 2804 ut
1039 2754 1214 2824 coquantur.

67 2847 208 2909 similiter
223 2847 259 2907 de
274 2857 379 2927 errcyto
395 2851 539 2927 scrIptum
555 2856 599 2908 est
615 2866 639 2907 c.
650 2844 693 2909 80
707 2852 751 2909 itu
765 2852 795 2908 r'u
811 2868 933 2923 unguen
949 2854 1069 2912 coldum
1083 2852 1213 2928 fundite.

159 2957 267 3015 LXXX
286 2954 336 3015 lta
356 2958 389 3015 in
411 2974 562 3034 unguem
582 2954 719 3015 caldum
740 2955 881 3016 lundito
901 2956 1089 3018 honestum
1112 2961 1211 3037 qttasi

67 3063 203 3141 sphram
237 3064 347 3123 facitu
379 3061 488 3141 idque
522 3059 658 3121 duabus
690 3061 842 3122 rudibus
874 3071 1020 3122 uorsato
1053 3074 1212 3142 praesta·

65 3179 179 3248 toque
204 3171 287 3229 item
313 3170 463 3247 unguito
487 3167 722 3247 coloratoque
747 3168 885 3228 caldum
909 3187 951 3228 ne
975 3170 1137 3248 nimium]
1164 3172 1214 3232 Ito

68 3280 101 3335 in
131 3293 262 3350 unguem
287 3273 453 3355 apographa
478 3284 508 3333 et
531 3274 622 3334 editio
646 3274 776 3356 Victorii,
807 3279 849 3335 ito
874 3294 995 3350 unques
1020 3276 1109 3336 editio
1134 3281 1213 3355 priu-

66 3401 154 3462 ceps,
188 3380 239 3442 ubi
267 3380 430 3441 Politianus
459 3385 490 3441 in
517 3388 586 3460 post
614 3385 657 3441 ito
685 3381 809 3460 addidit,
843 3400 964 3456 ttrrpuen
994 3400 1052 3443 uon
1084 3387 1213 3445 mutavit.

66 3507 193 3564 unguen
217 3490 362 3567 scalptum
387 3497 432 3547 est
455 3506 544 3566 supra
569 3507 593 3547 c.
615 3486 655 3548 79
680 3497 710 3547 et
732 3493 867 3564 unguine
888 3486 998 3570 135,3
1022 3499 1052 3549 et
1071 3494 1214 3564 trnpttiuis

68 3591 194 3673 146,1.
240 3594 345 3682 deiude
370 3597 427 3656 hoc
447 3603 565 3672 pastum
588 3599 679 3670 quusi
699 3599 814 3672 spiram
835 3596 933 3672 facito
957 3596 1076 3672 Merula,
1102 3600 1159 3658 hoc
1183 3601 1213 3658 in

67 3706 175 3763 restim
198 3705 288 3776 quase·
309 3705 424 3778 spiram
445 3701 543 3776 socito
568 3702 725 3763 Iucundus.
755 3713 927 3782 corruptam
947 3704 1099 3784 archetypi
1123 3707 1214 3784 serip-

66 3818 168 3870 turam
192 3806 340 3870 Victorius
368 3811 513 3890 restituit,
545 3809 595 3869 sed
615 3826 728 3888 'parum
757 3820 824 3889 apte
854 3813 1066 3888 interpretatus
1098 3823 1143 3872 cst
1167 3815 1216 3892 ita,

68 3913 250 3977 ‘Honestum
270 3919 355 3994 quasi
375 3919 485 3995 spiram
510 3917 762 3995 lacit0:hutic1ua
787 3917 859 3977 haec
883 3917 980 3997 lecdo,
1005 3926 1092 3995 cyrtam
1117 3937 1215 3978 reram

69 4042 141 4085 esse
162 4023 250 4082 huius
271 4022 324 4082 loci
343 4021 465 4083 crchdi.
493 4022 668 4105 Honestum,
693 4034 724 4085 ut
744 4026 859 4102 opinor,
878 4023 1034 4102 appellavit
1048 4024 1215 4104 euclrytum,

68 4129 151 4211 quud
191 4130 422 4207 magnitudinem
460 4138 490 4190 et
525 4129 698 4209 elegantIam
732 4130 878 4209 quandam
912 4129 1025 4190 lrabeat.
1075 4130 1103 4190 id
1137 4135 1214 4190 euim

69 4238 238 4299 Honestum
263 4255 349 4316 saepe
375 4238 543 4316 significare
567 4240 758 4317 perspicuum
783 4246 835 4298 est.
880 4240 981 4298 turmis
1005 4241 1106 4299 excusi
1131 4249 1216 4300 autea

70 4346 141 4406 libri
156 4343 188 4404 ln
209 4345 312 4403 cesum
328 4340 486 4404 habebant’
502 4344 658 4404 Victorius.
686 4349 775 4420 quusi
793 4348 896 4405 restim
915 4353 947 4404 ut
966 4349 997 4405 ht
1015 4349 1101 4422 spr'ru
1118 4346 1215 4421 facito

70 4451 277 4513 Sclmeiderus
310 4453 445 4513 coniecit
496 4454 571 4513 bene
604 4460 721 4512 coctum
754 4456 843 4527 quusi
873 4455 988 4529 spiram
1016 4451 1115 4528 facito
1134 4453 1216 4517 ,hlim
