2874 4994
243 306 284 371 lO
589 312 781 367 COMMEN'P.
800 313 836 367 IN
858 311 1047 368 VARRONIS

240 471 308 532 licta
339 478 437 531 umen
470 468 662 529 collocatione
698 467 870 549 verborum,
901 486 989 547 qnam
1021 466 1175 529 Iucundos
1208 467 1372 531 {mutauit
1426 486 1429 513 ¹

241 587 270 640 et
293 597 373 654 quac
399 579 566 650 salubrior,
592 579 645 637 ilia
670 575 873 652 fructuosior,
899 577 1060 637 dicendum
1087 579 1186 652 macri
1214 592 1282 637 earn
1306 568 1337 659 (i
1351 596 1373 639 c
1426 600 1429 645 t

241 683 501 764 septentrionalem
529 679 672 764 partem),
701 685 802 758 ibique
830 684 964 758 Italiam,
993 685 1091 759 tuisse
1117 690 1318 760 opportunam
1340 687 1376 745 ad
1426 678 1429 767 ξ

241 793 407 865 calciarium,
431 809 522 866 quarn
541 791 643 851 Asiam
667 792 794 851 coniecit
819 788 1032 871 Schneiderus3
1056 798 1086 851 et
1108 793 1175 851 sinc
1199 791 1292 852 dubio
1312 808 1374 866 qao

240 902 322 959 nium
344 900 500 959 salubrior
519 916 596 975 pars
618 900 861 974 septentrionalis
890 906 933 959 est
957 914 1047 973 quam
1069 899 1261 977 meridiana,
1288 899 1377 974 ibique

242 1007 350 1085 Italia,
373 1014 402 1066 ct
425 1023 504 1080 quac
526 1006 690 1079 salubrior,
715 1008 766 1065 illa
787 1003 991 1080 fructuosior,
1015 1006 1177 1065 dicendum
1200 1007 1299 1080 mauis
1319 1022 1377 1067 caet

237 1112 334 1188 fuisse
362 1121 562 1189 opportunam
590 1114 633 1172 ad
661 1115 820 1173 colendum
843 1128 933 1187 quarn
956 1114 1059 1173 Asiam
1082 1110 1250 1192 Madvigius
1275 1110 1379 1173 advers

241 1218 306 1281 nll
325 1239 353 1299 p.
371 1217 441 1281 179.
489 1218 622 1279 ordinem
647 1218 804 1279 verboram
829 1221 880 1298 qui
899 1230 963 1280 erat
981 1221 1011 1280 in
1030 1218 1195 1299 archetypo
1214 1220 1257 1280 ita
1274 1227 1379 1280 unium

240 1326 359 1388 delendi
377 1346 464 1407 posse
488 1316 557 1385 olim
578 1326 748 1407 significavi,
773 1333 805 1387 ut
829 1328 874 1387 ior·
894 1328 977 1402 quod
994 1327 1087 1387 ltalia
1109 1324 1305 1387 scriberetur.
1335 1324 1381 1387 aed

241 1453 342 1495 verum
363 1452 428 1494 esse
448 1444 519 1513 puto
539 1433 617 1511 quod
638 1434 755 1493 restitui
775 1432 873 1494 verbis
896 1436 926 1493 in
945 1432 1025 1494 hcine
1045 1433 1165 1494 modum
1187 1434 1384 1513 transpositis,

240 1551 270 1603 rt
296 1561 376 1617 arrae
402 1543 593 1615 salubriora,
622 1545 675 1602 illa
700 1540 926 1621 fructuosiora,
960 1543 1060 1616 ilique
1089 1541 1197 1615 Italia,
1229 1544 1383 1603 dicendum

240 1652 337 1725 mauis
360 1667 426 1709 earn
450 1648 547 1724 fuisse
570 1656 770 1724 opportunum
798 1651 842 1708 ad
867 1650 1025 1709 colendum
1052 1665 1142 1723 quam
1165 1650 1283 1711 Asiam.
1325 1666 1384 1710 nam

244 1755 462 1836 neglegentiore
483 1772 619 1815 sermone
639 1773 711 1815 nsns
731 1753 832 1837 Varro,
852 1765 885 1815 nt
903 1754 938 1814 ad
958 1754 1069 1815 ltaliam
1088 1755 1281 1834 potissimum
1298 1762 1384 1815 trano

241 1865 392 1924 ferrentur
420 1881 495 1941 quae
527 1862 563 1922 de
592 1861 823 1941 septemtrionali
852 1870 936 1941 parte
967 1863 1087 1923 omnino
1120 1860 1228 1935 calent,
1260 1864 1386 1941 primurn
1412 1872 1418 1881 ’

241 1970 313 2030 haec
338 1969 457 2050 adiecit,
488 1971 588 2045 ibique
612 1970 719 2043 Italia,
745 1968 850 2028 deinde
875 1970 1042 2029 acenratius
1066 1970 1193 2030 virtutes
1217 1966 1320 2030 ltaliae
1343 1968 1386 2029 de

241 2079 371 2157 scripsit,
391 2080 524 2153 primurm
547 2079 629 2152 quod
651 2084 695 2136 est
718 2079 749 2137 in
772 2076 898 2152 Europa
918 2093 981 2155 sqq.

329 2182 482 2244 Primum
502 2182 593 2262 qnod
614 2194 669 2243 est
687 2181 833 2262 europa]
857 2184 946 2255 erod
969 2189 1013 2243 cst
1035 2199 1152 2259 europa
1170 2190 1296 2261 praeter
1315 2186 1387 2263 priu-

239 2295 336 2373 cipem
365 2291 524 2352 editionem
553 2308 569 2349 a
595 2289 739 2350 Politiauo
768 2307 827 2349 non
855 2296 1019 2349 correctam
1048 2287 1158 2349 habent
1184 2290 1211 2350 Α
1239 2299 1273 2351 et
1301 2291 1388 2351 codex

242 2399 444 2480 Florentinns,
473 2400 555 2473 quod
582 2400 611 2457 in
641 2415 756 2473 europa
780 2395 939 2478 Caesenas,
966 2399 1048 2472 quod
1069 2404 1115 2458 est
1141 2399 1172 2457 in
1198 2397 1332 2476 Europa
1357 2416 1390 2459 er

242 2507 344 2568 codice
370 2524 398 2566 m
421 2505 513 2566 edidit
536 2504 696 2565 lncnndns.

330 2609 351 2672 5
383 2610 507 2672 Emobi
540 2622 575 2671 tn
609 2613 802 2690 quicquam
834 2613 934 2671 nasci
962 2618 1067 2690 putes
1094 2629 1202 2691 posse
1232 2622 1296 2674 aut
1324 2613 1390 2674 ooli

244 2717 377 2795 natum]
407 2720 453 2779 En
478 2719 521 2778 toi
547 2726 579 2778 tu
603 2722 765 2793 quicquam
793 2721 881 2778 nasci
904 2726 995 2794 putas
1018 2735 1108 2794 posse
1135 2717 1303 2780 iucundus.
1348 2737 1389 2781 era

244 2827 390 2887 Victorius
418 2826 561 2905 restituit,
590 2825 667 2903 qnod
696 2827 768 2885 item
791 2823 900 2903 legitur
929 2821 1002 2886 156
1026 2843 1072 2885 ern
1094 2828 1168 2900 quin
1192 2829 1318 2889 adsum.
1355 2847 1388 2889 ea

241 2932 422 2995 Ribbecltins
441 2932 477 2992 de
496 2933 599 3011 partic.
618 2930 697 2992 latin.
719 2952 744 3011 p.
765 2928 808 2993 34
832 2930 972 3012 defendit,
991 2934 1042 3010 qui
1066 2931 1137 2992 illud
1161 2931 1200 2993 ad
1224 2951 1387 3014 pronomen

241 3047 404 3118 arcicanum
433 3041 532 3119 potins
557 3058 644 3118 qnam
674 3038 708 3098 ad
737 3037 909 3098 adverlrinm
938 3040 982 3099 ior·
1007 3041 1158 3118 pertinere
1188 3039 1295 3102 voluit.
1341 3049 1390 3102 ant

241 3155 285 3212 ali
306 3157 410 3210 rnatum
434 3149 560 3207 coniecit
585 3146 709 3207 Ursinus
733 3144 798 3206 coll.
817 3146 830 3206 l
849 3143 902 3228 44,
922 3142 944 3205 4
967 3164 1047 3222 quac
1070 3156 1146 3207 nata
1173 3156 1259 3221 sunt,
1287 3152 1389 3225 inquit,

242 3261 273 3317 in
294 3256 391 3333 surrdo
415 3259 560 3316 uicerunt.

331 3362 422 3423 lllnd
455 3361 574 3440 poculi
606 3359 661 3421 sol
695 3362 722 3420 si
756 3369 930 3440 perpetuo
963 3362 1011 3421 sit
1038 3369 1099 3421 aut
1129 3379 1197 3422 uox
1227 3362 1389 3425 flammeo

243 3490 374 3548 napore
403 3478 463 3528 aul
486 3469 621 3546 frigore
646 3476 764 3527 tarrae
794 3468 932 3528 irnotos
961 3470 1073 3528 omnis
1101 3470 1284 3549 interire]
1316 3471 1389 3533 Fest

242 3597 268 3656 p.
288 3574 367 3655 352,
386 3573 428 3636 26
459 3583 579 3635 torrens
604 3578 844 3650 participialiter
869 3594 928 3652 pro
956 3593 1089 3636 c’xurens
1108 3579 1253 3652 ponitur,
1284 3588 1320 3639 ut
1350 3587 1390 3641 cst

243 3687 326 3760 aprul
345 3685 511 3743 Pacuuium
531 3686 561 3742 in
582 3684 712 3757 Antiopa
731 3677 879 3756 ‘flammeo
899 3700 1012 3759 uapore
1031 3690 1151 3743 torrens
1169 3690 1282 3747 terrae
1297 3687 1390 3763 setara

242 3784 418 3862 cxarsseril',
447 3787 549 3848 lsidor.
578 3788 615 3848 de
644 3797 702 3848 nat.
731 3807 788 3847 rer.
813 3807 838 3849 c.
857 3786 900 3849 44
928 3806 956 3866 p.
978 3786 1019 3848 74
1048 3787 1093 3847 ed.
1118 3785 1235 3850 Becker
1270 3799 1391 3854 torrens

238 3899 366 3977 fluuius,
399 3900 453 3971 qui
479 3899 584 3972 pluuia
608 3899 728 3967 crescit,
752 3898 890 3955 siccitate
913 3898 1064 3974 torrescit,
1089 3897 1185 3956 idest
1204 3902 1334 3981 arescit,
1356 3903 1392 3961 de

241 4023 299 4079 quo
319 4006 471 4066 Pacuuius
490 3998 643 4077 ‘flammeo
663 4019 775 4078 uapore
794 4011 915 4063 torrens
933 4010 1030 4063 torret
1037 3996 1055 4076 ’,
1074 4000 1112 4066 id.
1127 4000 1209 4082 Orig.
1220 4001 1392 4088 rimata.

241 4110 276 4170 ad
300 4110 427 4170 eundem
451 4110 571 4171 Pacuvii
595 4127 714 4169 versum
738 4111 887 4188 respicere
911 4109 1072 4170 Varronem
1096 4109 1132 4170 de
1152 4109 1223 4190 ling.
1242 4109 1295 4173 lat.
1316 4110 1391 4174 vla

242 4236 315 4290 noa,
344 4219 436 4290 qnod,
460 4226 493 4276 ut
521 4219 644 4277 Cattelas
672 4221 729 4295 ait,
753 4220 867 4289 arnoia,
896 4220 957 4277 nisi
984 4220 1165 4278 interveniat
1193 4220 1251 4292 sol,
1273 4222 1392 4296 prasina

242 4325 441 4397 abripuerint,
460 4326 542 4398 arrad
559 4331 648 4384 norat
670 4342 744 4397 raon,
768 4322 868 4401 ilriqnc
892 4331 925 4383 ul
950 4325 1102 4384 Pacuvius
1125 4327 1170 4385 ait
1193 4322 1390 4386 scribendum

243 4448 308 4488 esse
335 4429 458 4490 Ursinus
482 4430 638 4491 adnotavit.
663 4438 693 4489 et
709 4439 827 4508 poterat
846 4430 1012 4490 emendatio
1034 4432 1163 4491 nominis
1185 4432 1391 4494 commendari
