2874 4994
268 356 399 411 RERVM
417 356 659 414 Rvsrtcnuvtt
677 359 745 415 LIB.
764 361 790 414 Π
810 359 830 416 4
1058 352 1119 418 165

120 514 225 574 ttivum
244 530 408 590 pronomen
432 512 534 573 delevi.
564 531 632 575 nam
651 514 687 574 ad
707 513 819 575 scrolas
843 532 918 594 quae
937 525 1120 595 pepererunt

120 637 144 679 tn
177 619 308 698 pertinet
339 618 446 698 plurali
478 637 603 681 numero
634 628 702 702 post
734 620 913 700 singularem
943 624 1054 704 posito,
1086 631 1120 683 ut

122 743 182 786 non
200 725 236 786 ad
256 725 355 786 haras:
379 725 491 787 Colum.
511 725 561 786 Vll
580 722 610 807 9,
631 722 672 787 13
696 733 788 802 cique
806 745 862 788 eae
880 730 989 803 quidus
1008 737 1119 807 portus

120 840 172 894 tur
195 841 280 894 cocto
302 840 374 893 sunt
395 835 510 895 hordeo
532 836 742 908 sustinendae,
765 852 804 895 ne
826 837 871 895 ud
891 839 1017 897 maciem
1040 854 1118 896 suen

120 943 267 1001 educatur
290 948 319 1000 et
341 957 382 1000 ex
405 958 442 1001 eo
465 942 510 1000 cd
530 943 663 1015 aliquam
683 943 860 1017 perniciem.

140 1045 249 1107 lieliti
273 1045 519 1125 appellantur]
540 1049 640 1109 dedici
656 1046 777 1110 llorula.
809 1046 897 1126 gloss.
916 1048 1119 1128 latino-graec.

120 1150 198 1235 l2,9
223 1156 345 1215 delitum
364 1145 665 1234 ἄπογαλακτισθέν,
684 1153 736 1215 ubi
760 1157 889 1217 dedicunt
912 1157 1033 1235 scripsit
1051 1154 1118 1216 Vul-

120 1272 153 1323 ot.
173 1262 202 1321 in
222 1261 310 1340 gloss.
325 1260 524 1341 latino-graec.
539 1281 567 1341 p.
578 1258 634 1323 30:
654 1260 743 1341 gloss.
763 1261 843 1323 latin.
859 1282 883 1323 v.
900 1261 937 1321 tv
951 1282 978 1342 p.
990 1260 1064 1344 328,
1074 1259 1118 1326 52
1176 1307 1181 1332 .

134 1372 288 1446 depulsare,
317 1368 394 1448 quod
428 1370 558 1429 correxit
585 1368 721 1429 loewius
745 1368 833 1448 gloss.
856 1371 967 1431 nomin.
989 1389 1018 1450 p.
1040 1367 1118 1432 115:

120 1477 121 1480 ’
146 1484 285 1537 armentu
309 1478 455 1556 deliculu,
479 1493 546 1537 oues
570 1478 726 1538 deliculus.
762 1475 868 1537 deinde
892 1485 1063 1556 corruptam
1087 1479 1117 1538 in

121 1581 303 1662 emplarihus
326 1582 547 1643 distinctionem
570 1581 730 1643 verborum
754 1584 785 1643 in
808 1582 888 1644 hunc
911 1582 1033 1644 modurn
1053 1600 1117 1644 cor·

120 1709 146 1751 m
179 1694 318 1750 insanum
350 1708 437 1764 quem
466 1696 570 1766 putot,
604 1696 637 1749 ut
664 1693 782 1767 pietur,
810 1693 841 1750 in
870 1691 1040 1767 Epidamno
1071 1695 1117 1753 in-

120 1924 213 1967 racea
238 1923 276 1965 ac
299 1907 422 1985 scopei
446 1923 486 1965 ex
510 1902 605 1982 uuis]
626 1905 720 1982 Scupi
741 1903 891 1983 Angelius.
929 1913 999 1965 sunt
1018 1913 1117 1966 autem

120 2031 217 2094 arum,
241 2015 271 2072 io
296 2011 405 2092 quihus
430 2014 513 2072 acina
536 2011 672 2089 haerent,
695 2007 780 2091 154,
798 2008 819 2071 2
840 2016 927 2089 scopi
949 2030 1017 2073 cum
1036 2011 1117 2089 solli·

120 2139 162 2181 em
190 2119 226 2180 de
255 2122 404 2199 asparagis
427 2115 704 2201 raltad.11124,8
733 2121 931 2180 incendamus
959 2123 991 2180 in
1018 2125 1118 2197 scopis

132 2225 174 2289 12
197 2246 302 2304 scopos
325 2231 390 2288 eius
414 2229 569 2301 incendes,
593 2225 644 2287 ubi
674 2243 782 2303 scopus
805 2225 904 2285 estin
928 2225 1116 2290 editionibus.

120 2334 166 2394 alii
190 2336 346 2413 scopiones
370 2333 482 2414 dicunt,
501 2332 572 2394 Cato
593 2330 665 2413 112,
685 2329 705 2393 3
729 2335 888 2409 decerpite
907 2335 945 2393 de
967 2336 1117 2410 scepione,

120 2461 133 2502 a
152 2440 192 2501 Xl
212 2439 241 2522 3,
256 2438 298 2502 46
321 2445 477 2518 scepiones
501 2444 544 2501 itu
567 2443 613 2501 uti
633 2446 705 2500 sunt
727 2443 758 2500 in
782 2458 837 2500 suo
860 2443 926 2501 loco
946 2442 1119 2516 perurendi

120 2549 128 2609 l
147 2545 200 2630 39,
218 2545 239 2608 3
262 2551 328 2609 sine
349 2549 542 2625 scepionibus
575 2550 606 2607 in
630 2549 741 2608 dolium
764 2549 887 2621 coicito,
915 2541 968 2628 45,
987 2543 1008 2607 2
1030 2564 1115 2624 sepu-

120 2657 274 2734 pionidus.

139 2764 277 2823 Amisso
311 2764 451 2822 nomine
485 2761 662 2822 lactantes
699 2759 872 2820 dicuntur
907 2759 1115 2839 nefrendes]

120 2889 131 2930 s
164 2867 289 2950 Merula,
322 2878 352 2927 et
383 2870 495 2928 rectius
527 2868 663 2945 genetivo
697 2883 766 2926 casu
795 2865 867 2926 ltaec
900 2866 960 2927 dici
987 2878 1116 2947 apparet.

120 2994 205 3036 amen
229 2975 427 3035 nominativus
451 2977 491 3035 ita
514 2973 642 3055 delendi,
663 2981 697 3032 ut
720 2971 861 3032 lactantes
884 2975 968 3051 porci
992 2977 1043 3053 qui
1066 2974 1116 3035 ad·

123 3083 245 3163 bantur,
269 3101 336 3143 cum
366 3081 482 3161 depulsi
510 3090 581 3141 sunt
603 3098 619 3139 a
642 3094 781 3156 mamma,
805 3080 982 3138 eonomine
1008 3081 1115 3139 amisso

120 3200 193 3252 ntur
217 3190 384 3250 nefrendes.
431 3197 564 3250 ceterum
592 3188 732 3247 lactentis
759 3193 789 3244 et
818 3201 908 3262 supra
936 3202 1032 3260 neque
1047 3189 1115 3246 ium

143 3302 289 3359 dicuutur
311 3299 342 3356 in
362 3295 590 3356 Commeliniaua
614 3291 743 3353 editione
767 3292 938 3351 coniectura
958 3290 1116 3375 Sylburgii,

120 3425 156 3485 rr,
176 3423 349 3485 expressum
373 3411 403 3463 et
421 3401 527 3464 deinde
550 3402 581 3460 in
604 3398 734 3479 reliquas
753 3397 899 3459 editiones
921 3409 1115 3479 propagatum

120 3516 176 3574 rcis
200 3513 380 3572 lactentibus
408 3517 510 3589 postea
534 3505 612 3585 §21
645 3516 690 3567 est
717 3507 748 3565 in
777 3502 860 3565 libris
885 3508 1115 3585 manuscriptis

123 3641 131 3681 ε
159 3622 236 3679 item¹
258 3623 407 3680 luctantes
430 3612 505 3697 115,
528 3612 576 3676 16.
602 3612 631 3695 7,
652 3611 702 3674 12.
728 3611 777 3693 11,
796 3609 830 3693 5,
859 3612 911 3672 sed
934 3616 1115 3675 lactentibus

165 3745 240 3806 quae
264 3727 307 3785 sic
332 3727 416 3785 utin
442 3723 600 3802 archetypo
632 3723 741 3800 scripta
765 3728 850 3779 erant
873 3718 1001 3781 exhibui.
1047 3739 1115 3782 nam

120 3854 146 3894 m
175 3854 190 3893 a
218 3833 417 3911 grammaticis
445 3831 482 3890 de
514 3830 560 3890 his
593 3826 742 3889 vocabulis
770 3835 927 3906 praecepta
960 3836 1030 3888 sunt
1059 3847 1113 3889 usu

120 3961 169 4020 ltu,
193 3942 219 4000 si
243 3958 329 4000 manu
355 3940 482 4017 scriptos
505 3936 597 3997 libros
621 3936 787 4015 sequimur,
811 3950 871 3992 non
893 3933 1115 3995 confirmantur.

120 4050 298 4127 scriptorum
313 4045 446 4125 exempla
465 4041 604 4105 indicarit
617 4041 755 4103 Hertzins
774 4042 805 4100 in
823 4039 960 4100 vindiciis
976 4038 1115 4101 Gellianis

140 4158 170 4214 in
191 4153 263 4214 Gell.
281 4152 318 4212 tv
337 4150 367 4235 6,
386 4150 416 4213 2.
453 4151 530 4231 apud
554 4149 690 4211 Ovidium
714 4165 833 4227 qnoque
856 4155 910 4208 art
929 4164 986 4208 am.
1004 4145 1031 4207 ll
1049 4144 1114 4209 375

120 4263 291 4323 octantibus
315 4268 345 4320 et
368 4267 485 4320 metam.
504 4255 612 4318 1227
637 4260 785 4318 luctantes
809 4257 916 4316 vitulos
939 4256 969 4315 in
993 4256 1113 4334 optimis

120 4389 127 4428 r
150 4371 209 4429 scri
232 4377 294 4429 tum
318 4376 372 4427 est.

121 4484 165 4538 est
179 4389 331 4553 frangere
350 4484 498 4553 tamquam
517 4481 617 4552 postea
637 4469 735 4530 addita
754 4454 848 4531 deleri
866 4467 958 4530 voluit
974 4468 1115 4531 Heinsius
