2874 4994
147 311 189 376 58
489 320 680 377 continue.
698 321 739 376 IN
757 320 945 377 VARRONIS

145 483 258 552 superat
280 493 452 550 mammam,
475 472 566 557 4,18
591 479 622 537 in
645 495 704 552 quo
728 479 805 537 iliud
825 478 1070 552 antiquissimum
1096 474 1190 554 [uisse
1208 480 1266 541 teri

147 584 238 663 bitur,
256 581 417 665 11116,2t
438 581 470 644 ia
489 602 547 659 quo
566 587 729 658 diligenter
747 585 889 645 habenda
908 600 996 644 eura.
1020 581 1155 644 eiusdem
1171 588 1267 664 genui

147 689 278 769 exempla
298 709 333 751 ex
357 689 440 750 libris
464 690 500 750 de
525 690 624 769 lingua
647 690 735 751 latina
759 690 841 751 dedit
859 687 890 750 L.
910 682 1089 770 Spengelius
1111 691 1143 751 in
1161 690 1269 754 editione

145 815 170 857 a.
191 794 277 860 1885
300 799 391 878 prael.
414 816 442 877 p.
462 795 573 858 vall.
1317 798 1319 805 '

233 902 255 964 4
279 904 345 975 Qui
369 904 509 965 litteris
532 903 650 982 aliqua
670 905 744 965 sint
762 903 988 965 humanitate
1007 899 1149 982 imbuti]
1167 903 1271 967 fiderat

145 1011 290 1090 glossema
319 1030 385 1072 esse
409 1011 540 1090 Scaliger
569 1010 731 1091 adnotavit,
755 1012 894 1089 quoniam
922 1009 1040 1072 litterae
1068 1021 1099 1071 et
1126 1009 1272 1073 humanius

146 1117 225 1179 idem
244 1125 330 1178 esset.
363 1120 475 1177 rectius
494 1116 644 1178 iucundus
663 1120 718 1192 qui
735 1120 832 1178 literis
849 1120 910 1177 siat
928 1125 957 1178 et
975 1120 1083 1193 aliqua
1104 1120 1273 1181 demandati

25 1262 33 1273 ·
145 1225 191 1286 vel
223 1224 424 1285 Schneiderus
456 1227 510 1299 qui
541 1227 638 1284 literis
670 1231 698 1283 et
731 1227 836 1299 otique
867 1227 928 1285 sint
959 1226 1151 1310 humanitate
1179 1226 1274 1287 imici.

146 1350 213 1392 nam
233 1331 341 1392 litteris
361 1330 492 1391 imbutus
512 1338 557 1390 est
576 1332 627 1409 qui
642 1329 793 1391 scribendi
811 1329 988 1409 legendique
1004 1329 1176 1392 facultatem
1188 1329 1273 1393 habet:

146 1435 378 1520 Colum.18,4
408 1444 507 1514 potest
537 1441 628 1497 ctiam
662 1440 859 1511 inlitteratus,
888 1439 1048 1499 dummodo
1081 1440 1275 1500 tenacissimae

144 1548 320 1625 memoriae,
344 1562 408 1606 rem
431 1548 506 1605 satis
529 1547 682 1605 commode
710 1547 937 1605 administrare.
984 1546 1085 1624 itaque
1109 1546 1215 1625 scripsi
1234 1549 1277 1621 qui

144 1655 253 1713 titteris
276 1659 368 1727 atque
391 1655 496 1726 aliqua
514 1655 575 1711 siat
593 1653 782 1712 humanitate
802 1652 915 1726 imbuti,
934 1653 1014 1712 sicut
1031 1661 1138 1732 postea
1157 1648 1178 1712 6
1194 1656 1278 1713 minua

143 1778 176 1819 se
194 1765 306 1836 pariant
330 1761 446 1835 despici
468 1766 559 1833 atque
583 1761 685 1832 aliquo
709 1775 835 1819 numero
857 1758 974 1818 dederi.

234 1864 394 1925 Facilius
418 1866 508 1924 enim
538 1866 689 1944 liquam
716 1866 854 1924 minore
883 1872 966 1925 natu
995 1873 1081 1926 sunt
1108 1866 1207 1927 dicto
1231 1883 1279 1926 au·

144 1971 300 2050 dientes]
329 1975 464 2033 Facilius
496 1975 576 2032 enim
608 1973 655 2031 itis
682 1989 773 2046 quam
801 1973 968 2032 minoribus
1001 1980 1077 2033 natu
1110 1976 1193 2035 dieto
1221 1982 1280 2034 suat

144 2083 303 2141 audientes
326 2078 486 2139 lucnndus.
523 2077 680 2138 lectionem
704 2076 869 2157 archetypi,
893 2096 981 2157 quam
1005 2078 1159 2141 Victorius
1185 2080 1280 2141 indica

144 2195 239 2265 verat,
262 2187 303 2246 ita
331 2184 464 2245 defendit
488 2184 633 2266 Scaliger,
657 2192 690 2245 ut
718 2184 816 2245 dativo
840 2202 910 2245 casu
934 2189 958 2245 ii
984 2204 1039 2265 pro
1062 2189 1093 2248 ei
1120 2195 1153 2248 et
1179 2191 1283 2248 minore

51 2269 53 2273 ,
144 2301 217 2353 natu
241 2311 296 2371 pro
320 2287 363 2352 ‘ei
388 2294 438 2371 qui
463 2300 509 2353 est
532 2293 646 2351 minore
670 2285 758 2351 natu’
783 2290 895 2351 dictum
924 2300 1011 2353 esset.
1056 2291 1188 2369 facilius
1213 2298 1282 2355 enim

144 2403 169 2460 ii
189 2417 279 2474 quam
302 2402 433 2460 minores
456 2407 531 2459 notu
551 2402 721 2459 dictasunt
744 2401 903 2459 audientes
921 2397 1087 2460 Pontedera
1107 2419 1137 2480 p.
1154 2398 1217 2464 108
1235 2400 1282 2461 lrac

146 2505 242 2567 addita
263 2507 517 2587 interpretatione,
539 2500 736 2584 ‘praecipitur
755 2506 835 2565 enim
854 2507 905 2584 qui
926 2512 1021 2567 aetate
1044 2516 1201 2586 praestant
1223 2508 1282 2568 iaci·

146 2613 203 2673 lius
228 2632 315 2691 quam
340 2614 472 2672 iuniores
496 2611 614 2671 domino
639 2630 705 2672 esse
729 2611 807 2673 dicto
831 2609 1011 2674 audientes'.
1053 2631 1114 2675 non
1139 2614 1176 2675 de
1199 2614 1284 2676 vilicis

146 2721 196 2798 qui
221 2719 348 2799 domino,
368 2717 420 2778 sed
445 2718 481 2777 de
505 2720 648 2797 operariis
667 2720 719 2797 qni
737 2718 823 2778 vilico
846 2718 926 2780 dicto
949 2719 1105 2781 audientes
1130 2730 1203 2782 sunt
1219 2721 1284 2781 lraec

144 2828 274 2906 praecipi
304 2825 377 2885 disci
405 2832 521 2902 poterat
549 2844 564 2884 a
595 2824 769 2904 Columella,
797 2826 848 2903 qui
877 2824 913 2886 de
943 2824 1029 2886 vilico
1058 2826 1166 2889 scribit
1192 2825 1286 2910 18,3

145 2937 265 3007 iamque
289 2936 314 2993 is
337 2935 562 2993 transcenderit
583 2940 713 2993 aetatem
733 2935 854 3009 primae
873 2935 1013 2994 iuventae
1035 2937 1168 2995 necdum
1191 2954 1284 2997 senec·

142 3043 214 3100 tutis
241 3042 391 3114 attigerit,
419 3041 472 3099 itta
505 3057 543 3100 ae
575 3042 605 3099 ei
636 3041 850 3100 erectoritatem
879 3041 1025 3101 detranat
1051 3042 1097 3101 ad
1124 3044 1284 3118 imperium,

143 3164 211 3209 cum
234 3131 365 3208 maiores
398 3149 602 3222 dedignentur
625 3164 741 3222 parere
769 3149 1008 3220 adulescentulo,
1036 3148 1117 3208 neec
1144 3166 1183 3210 ne
1210 3149 1284 3210 taio-

142 3257 307 3314 riosissimo
329 3255 507 3314 succumbat
525 3256 619 3329 operi.
652 3270 744 3331 qnare
764 3253 871 3331 scripsi
887 3251 1016 3327 facilius
1036 3255 1117 3314 enim
1137 3256 1183 3330 iis,
1202 3272 1282 3331 quam

142 3361 197 3432 qui
217 3362 334 3420 minore
352 3368 436 3439 natu,
455 3366 525 3420 sunt
548 3362 629 3420 dicto
649 3362 807 3420 erudientes
830 3377 884 3438 pro
903 3376 938 3418 eo
959 3358 1039 3437 quod
1058 3357 1131 3421 olim
1152 3340 1279 3422 dederam

139 3465 266 3541 facilius
290 3469 369 3527 enim
387 3469 418 3527 ei
439 3484 528 3541 mmm
548 3469 660 3527 minori
678 3475 761 3526 natu.
796 3457 862 3526 nam
882 3469 999 3527 minore
1016 3474 1093 3527 notu
1114 3485 1174 3529 nou
1192 3469 1278 3528 miuus

143 3579 225 3632 recte
245 3571 354 3631 dicitur
373 3590 461 3651 quam
481 3576 580 3634 minor
598 3581 683 3648 natac,
703 3573 738 3633 de
759 3591 817 3652 quo
837 3580 904 3652 post
924 3571 1109 3652 Scaligerum
1124 3574 1275 3636 Gronovius

142 3681 172 3737 in
202 3675 283 3738 Suet.
307 3678 379 3756 Aug.
404 3698 427 3739 c.
449 3675 491 3740 53
515 3680 597 3740 dixit.
644 3699 741 3760 neque
770 3688 869 3741 tamen
897 3679 1042 3741 ablativus
1069 3683 1272 3744 minorentur

142 3785 205 3843 sine
231 3787 348 3843 nomine
372 3785 417 3845 vel
440 3789 616 3865 pronomine
635 3806 689 3865 pro
710 3787 808 3847 dativo
828 3789 899 3866 poni
921 3795 1048 3866 poterat,
1067 3792 1098 3848 et
1118 3789 1210 3868 aptior
1224 3786 1267 3846 loc

141 3888 206 3950 loco
229 3890 352 3970 pluralis
371 3911 514 3954 numerus
534 3911 622 3972 quam
641 3893 808 3973 singularis.
845 3911 910 3954 nam
931 3893 966 3953 ad
987 3892 1168 3973 singularem
1184 3899 1264 3974 pum

142 4000 284 4059 transitus
309 4000 404 4059 lactus
428 4006 481 4078 est,
506 4007 539 4060 ut
558 3999 724 4074 facientem
748 4003 891 4062 imitetur.

232 4104 299 4164 Eos
328 4123 497 4183 praeesse
526 4105 685 4185 oportet]
715 4109 862 4184 Oporterc
885 4108 1003 4184 scripsi.
1042 4124 1111 4168 nam
1133 4124 1187 4167 oon
1208 4101 1256 4163 vo·

140 4212 222 4269 ronis
246 4210 317 4269 haec
347 4222 503 4291 praecepta
533 4221 617 4292 sunt,
646 4213 697 4273 sed
721 4212 816 4273 Cassii
838 4230 874 4272 cx
901 4211 981 4273 illius
1005 4211 1090 4274 libris
1118 4210 1253 4274 aierunt

143 4317 278 4395 repetita,
302 4318 380 4376 sicut
403 4336 437 4377 oa
461 4337 536 4396 qnae
561 4318 597 4378 de
622 4319 724 4380 eadem
743 4337 776 4379 re
796 4320 906 4398 scripta
927 4328 1012 4380 erant
1030 4329 1116 4381 antea
1133 4315 1250 4390 mmcdt't

142 4437 207 4480 esse
230 4428 370 4499 oportere
394 4432 423 4483 et
446 4443 522 4503 quae
546 4424 651 4485 deinde
676 4433 844 4506 sequuntur
872 4445 932 4489 non
955 4431 1052 4490 solum
1074 4430 1150 4490 enim
1168 4422 1246 4485 edne
