2874 4994
272 318 319 373 DE
338 318 427 374 AGRI
446 318 617 374 CVLTVRA
638 320 778 376 LIBRVM
798 320 826 376 0.
848 320 974 378 89-91
1134 315 1196 378 1Ιῦ

53 471 202 553 iacienda,
231 480 293 534 nnn
323 473 367 534 lar
394 474 609 558 insipiendam,
638 476 726 556 idque
756 485 788 537 nt
817 479 932 556 puriter
961 478 1010 536 fiat
1033 478 1196 538 curandnnr

50 587 109 660 est3
131 578 207 641 haee
232 599 288 642 nna
314 580 466 660 coquenda
491 589 570 642 suni.
599 584 715 660 puriter
737 591 835 644 autern
860 603 949 664 opera
974 584 1106 644 iacienda
1131 603 1196 645 esse

50 688 171 766 saepius
199 689 400 769 praecipitur,
431 691 509 749 sient
539 689 674 750 adnotavi
699 687 755 771 76,
780 689 808 751 1.
859 690 928 750 olim
954 695 1076 767 pariter
1101 691 1199 767 facito

49 794 243 857 scribendam
277 798 392 857 conieci
425 806 597 879 propterea,
632 797 709 877 qnod
743 817 848 877 puram
880 799 944 860 deri
974 797 1069 858 ranam
1099 808 1128 859 et
1156 800 1199 859 iar

49 910 135 962 antea
161 903 274 965 dietum
300 913 371 964 erat.

131 1009 178 1095 ‚td
205 1010 264 1071 nbi
288 1011 492 1071 excluseris
516 1010 659 1090 depsilo
683 1009 772 1070 bene
796 1011 874 1071 oleo
894 1029 1030 1072 mannrn
1051 1017 1198 1092 nngnilo
1303 1065 1309 1078 .

50 1119 202 1196 primum
244 1118 415 1199 pusillum
458 1126 581 1196 postca
623 1120 734 1197 magis
775 1120 903 1198 depses
941 1117 1019 1179 oleo
1057 1123 1198 1198 tangito

49 1225 268 1304 depsiloqne
287 1226 366 1286 dnrn
386 1227 522 1305 poterit
542 1227 663 1286 iacere
684 1223 874 1302 turnndns]
897 1227 936 1285 Id
950 1228 1004 1286 uiri
1017 1232 1199 1308 excusseris,

48 1334 192 1410 deponito
221 1333 347 1413 Merula,
378 1336 411 1393 id
437 1335 492 1393 uli
520 1337 695 1407 esconeris,
725 1336 864 1410 deponito
894 1332 1057 1415 iucundus,
1085 1338 1119 1395 id
1148 1338 1201 1395 uli

46 1445 228 1523 excuseris,
258 1445 373 1517 depsito
397 1440 545 1502 Victorius
574 1450 604 1501 et
632 1440 739 1502 deinde
768 1439 875 1520 reliqui
905 1441 1044 1502 editores.
1090 1443 1197 1503 deinde

47 1550 120 1608 dum
146 1553 263 1625 poteris
291 1549 369 1609 edito
399 1549 466 1609 inde
496 1568 511 1608 n
540 1550 675 1627 principe
704 1548 833 1607 editione
862 1546 1049 1626 exemplaria.
1094 1553 1197 1610 exelu-

28 1658 125 1716 .serit
162 1666 193 1716 et
225 1658 328 1734 depset
359 1658 485 1734 scripsi,
523 1658 662 1735 qnoniam
695 1663 798 1734 postea
824 1659 940 1732 poterit
973 1657 1004 1716 in
1037 1655 1197 1736 archetypo

46 1765 197 1843 scriplum
226 1773 301 1844 erat,
334 1774 364 1823 et
399 1766 485 1825 tertia
514 1762 594 1823 verbi
623 1781 749 1842 persona
778 1765 808 1822 in
836 1761 884 1823 his
911 1766 1078 1844 praeceptis
1107 1782 1197 1843 supra

45 1874 146 1950 posita
175 1881 220 1932 esl
248 1871 284 1932 de
313 1890 347 1931 eo
376 1874 424 1932 eui
453 1890 528 1953 opus
557 1870 724 1931 iaciendum
750 1869 913 1930 mandatur.
960 1887 1137 1950 quamquam
1161 1871 1196 1931 ad

45 1986 162 2038 certam
195 1976 289 2056 legem
321 1978 394 2038 haec
427 1980 484 2037 iarn
518 1964 650 2038 devocari
685 1986 846 2057 nequeunt.
899 1981 1066 2040 excludere
1097 1987 1196 2038 aulem

45 2084 162 2146 dictam
191 2093 237 2146 est
264 2085 293 2145 id
323 2085 401 2165 quod
431 2087 549 2165 saepias
577 2086 688 2147 dicitur
717 2090 859 2147 eximere.
906 2084 958 2146 ubi
986 2105 1021 2145 ex
1052 2104 1132 2167 vaso,
1166 2088 1196 2146 in

45 2211 107 2272 quo
138 2192 183 2253 iar
211 2211 279 2253 cunr
308 2193 371 2253 tana
401 2203 519 2253 coclnnr
548 2202 624 2274 erat,
652 2193 681 2253 id
707 2193 786 2272 qnod
811 2192 966 2272 coquendo
990 2193 1126 2253 ellectum
1152 2203 1197 2253 est

44 2298 204 2361 exclusum
237 2301 282 2361 rel
311 2309 481 2381 exemptum
509 2303 579 2381 erit,
609 2301 792 2380 depsendnm
822 2308 852 2360 cl
880 2302 909 2358 in
939 2299 1063 2359 sormam
1093 2309 1197 2360 turun-

44 2409 154 2470 darum
174 2408 345 2489 fingendum
364 2419 418 2470 est.
449 2411 565 2485 depsito
584 2426 679 2483 usque
697 2411 768 2470 dum
783 2411 900 2484 poteris
915 2407 1025 2483 faeere
1044 2411 1196 2467 turundas

44 2518 177 2577 coniecit
201 2516 368 2577 Pontedera
392 2535 419 2595 p.
439 2513 491 2578 69.

137 2626 289 2684 LXXXXI
325 2623 453 2684 Postea
490 2641 631 2684 amurca
664 2623 897 2701 conspergite
931 2619 1038 2699 bene]
1075 2622 1195 2682 Catonis

42 2741 206 2812 praecepta
226 2732 262 2793 de
282 2750 402 2792 amurca
422 2731 534 2792 Plinius
554 2730 603 2790 XV
623 2728 665 2792 33
689 2732 865 2812 composuit,
888 2734 1105 2810 superomnia
1124 2750 1195 2792 uero

42 2843 214 2901 celebrauit
242 2857 400 2901 amurcam
424 2841 566 2903 laudibus
593 2841 675 2899 Cato.
705 2830 873 2921 (69.100)
897 2840 979 2898 dolio
1003 2842 1121 2899 oleario
1145 2858 1195 2900 ca·

41 2951 161 3024 dasque
190 2951 242 3008 illo
271 2949 376 3023 imbui,
404 2966 442 3008 ne
470 2949 574 3008 libant
601 2950 711 3027 oleum,
744 2938 810 3028 (91.
837 2937 914 3026 129)
944 2962 1073 3005 (rmurea
1096 2948 1197 3021 sulriqi

42 3073 140 3115 areas
163 3057 298 3115 terendis
321 3056 473 3128 messibus,
497 3062 531 3113 ut
550 3053 701 3129 formicae
725 3055 881 3126 rimaeque
899 3053 1007 3125 absint,
1031 3046 1103 3136 (92)
1122 3057 1195 3128 quin

40 3170 75 3222 et
99 3165 196 3222 lutum
216 3166 370 3239 parietum
394 3180 432 3222 ae
455 3164 584 3222 tectoria
603 3169 632 3221 et
647 3164 822 3237 parimento
841 3162 1022 3219 horreorum
1038 3158 1195 3236 frumenti,

40 3264 121 3352 (98)
150 3274 296 3331 vestiaria
325 3263 487 3353 (vestiaria
517 3268 609 3329 codex
638 3267 833 3348 Lemannus,
866 3268 1041 3353 vestiarium
1074 3262 1194 3351 reliqui)

40 3381 139 3439 etiam
163 3385 273 3463 eontra
297 3381 448 3439 teredines
472 3395 510 3437 ae
534 3379 629 3436 noxia
653 3378 799 3436 animalia
821 3366 1013 3457 (animalium
1032 3374 1096 3434 cod.
1118 3374 1195 3449 Lar„

41 3488 196 3546 animalia
215 3481 337 3566 reliqui)
357 3503 486 3546 amurca
510 3487 642 3560 osperqt,
665 3485 781 3544 semino
797 3481 924 3558 sruqum
940 3481 1096 3563 perfundi,
1121 3474 1195 3563 (96)

41 3596 162 3656 morbis
194 3595 430 3671 quadripedum,
463 3595 609 3653 orborum
641 3609 760 3667 quoque
796 3594 848 3651 illa
881 3592 1072 3664 medendum,
1101 3582 1195 3672 (102)

42 3701 179 3778 esfieaee
197 3704 241 3762 ad
261 3704 369 3762 ulcera
393 3703 543 3761 interiora
566 3701 695 3759 humani
716 3716 833 3773 quoque
857 3702 928 3772 oris,
957 3689 1023 3780 (97.
1047 3689 1105 3778 98)
1128 3700 1195 3756 lora

42 3815 139 3871 etiam
160 3817 189 3870 et
207 3811 295 3869 coria
314 3812 414 3870 omnia
433 3816 463 3869 et
481 3810 671 3869 calceamina
691 3824 826 3881 axesque
846 3808 971 3865 decocta
991 3809 1088 3880 unqui
1105 3813 1196 3879 atque

43 3926 227 3978 aeramenta
260 3924 370 3978 eontra
399 3918 576 3991 ueraqr'nem
606 3917 777 3989 colorisque
802 3915 908 3987 qratia
937 3903 1064 3994 (eoloris
1089 3915 1195 3986 qratia

43 4024 141 4087 codex
162 4018 356 4107 Larentinas)
383 4027 578 4099 eleqautioris
602 4031 631 4084 et
653 4029 745 4082 totam
770 4021 983 4097 supellectilem
1004 4021 1135 4092 liqneom
1157 4037 1195 4078 ne

44 4152 123 4195 oasa
140 4136 260 4212 petilia,
284 4136 315 4192 in
335 4135 403 4206 quis
418 4135 512 4205 ficum
532 4134 653 4191 aridam
672 4130 765 4190 libeat
785 4129 960 4200 adseruare,
984 4115 1079 4207 (101)
1098 4132 1152 4184 ant
1170 4127 1199 4184 si

43 4241 123 4318 solia
147 4243 303 4314 bacasque
327 4242 358 4299 in
378 4242 473 4314 oirqis
492 4241 586 4316 myrti
604 4239 726 4299 aliudue
745 4237 827 4310 quod
841 4252 938 4309 penus
957 4235 1060 4293 simile.
1099 4224 1195 4315 (130)

43 4357 196 4426 postremo
221 4351 307 4421 liqna
329 4354 487 4407 macerata
512 4362 641 4406 amurca
665 4347 746 4404 nullo
771 4339 863 4423 (nielli
884 4339 1017 4422 codices,
1045 4343 1127 4400 nullo
1152 4338 1196 4398 vel

46 4460 158 4519 nullius
182 4446 328 4536 editores)
347 4453 428 4530 sirmi
451 4456 551 4515 taedio
576 4455 696 4514 ardere.

946 4557 961 4604 8
969 4551 983 4582 *
