2874 4994
376 106 508 162 RERVM
524 106 765 163 RVS'PICARVM
783 108 851 165 LIB.
871 109 909 163 111
930 107 1059 165 14—15
1227 101 1290 166 281

138 263 228 321 artis
244 264 347 337 glorio
366 265 397 322 in
416 280 483 324 eom
501 265 740 338 magnitudinem
756 266 909 340 perducta
932 267 979 338 sit,
998 271 1033 324 ut
1050 269 1204 340 octoginta
1218 284 1291 341 qoo-

139 368 271 428 drontis
293 377 440 446 caperent
461 373 653 445 singulorum
677 374 798 432 calices.
845 377 954 432 auctor
978 379 1023 433 est
1046 372 1088 432 M.
1115 372 1222 434 Varro.

235 473 280 535 bt
303 476 355 536 sio
377 476 413 536 in
441 476 525 537 aliis
553 476 768 555 regionibus
791 477 927 538 eisdem
953 480 1052 538 inter
1079 496 1116 538 se
1140 477 1291 539 collatae

136 582 308 642 minores
331 600 368 644 ac
391 583 564 661 maiores]
585 586 717 664 Eaedem
738 588 818 646 inter
835 604 868 646 se
885 588 1016 646 collatae
1030 592 1060 645 et
1072 588 1205 647 minores
1223 595 1293 646 suat

136 695 171 749 et
195 691 333 750 maiores
354 687 513 760 iracundus.
559 690 703 751 ablativus
727 694 839 754 eudem
863 690 980 751 defendi
1009 701 1125 770 poterat
1150 691 1292 772 exemplis

139 797 331 874 pronominis
360 798 439 858 idem
462 793 529 878 14,
549 796 569 858 2
593 800 773 878 compositis.
819 799 872 858 sed
901 816 1003 859 verum
1033 797 1149 859 videtur
1170 802 1293 860 eaedem

139 909 272 981 propter
295 900 366 962 illud
396 903 475 982 quod
503 904 636 965 additum
665 915 710 965 est
738 909 818 967 inter
840 925 873 967 se
901 909 1039 967 collatae.
1084 909 1171 967 utin
1194 905 1293 965 Africa

140 1008 189 1069 sic
214 1009 245 1069 in
269 1007 335 1069 aliis
358 1008 531 1089 regionibus
555 1012 662 1072 accidit
686 1021 718 1073 ut
747 1013 881 1074 eiusdem
904 1015 1023 1091 generis
1051 1011 1189 1073 cochleae
1214 1013 1291 1070 inter

141 1132 177 1176 se
202 1114 328 1176 coflame
351 1117 482 1176 minores
505 1136 540 1177 ac
564 1121 690 1180 maiores
714 1122 782 1180 sint.

132 1237 141 1251 ·
237 1218 259 1283 5
291 1220 427 1301 Magnis
451 1224 584 1285 insulis
607 1228 641 1286 iu
666 1228 761 1286 areis
785 1226 896 1287 iactis
915 1243 1075 1305 maguum
1094 1225 1214 1286 bolum
1234 1223 1292 1284 de-

144 1329 275 1390 ierunt
293 1328 401 1406 aeris]
420 1332 509 1392 Aeris
529 1334 559 1392 iu
578 1334 713 1412 principe
737 1333 866 1394 editione
890 1335 1033 1394 omissum
1053 1342 1126 1414 erat,
1146 1351 1181 1391 ex
1206 1349 1294 1391 manu

146 1437 270 1517 scriptis
289 1434 374 1497 libris
388 1435 539 1498 Iucundos
558 1440 701 1519 restituit3
721 1439 789 1500 olim
811 1448 959 1518 tamqnam
975 1440 1134 1518 repetitum
1154 1456 1190 1498 ex
1207 1455 1294 1517 prae·

147 1541 275 1603 cedente
298 1546 382 1604 oreis
405 1544 521 1605 inclusi.
568 1563 636 1605 nam
664 1544 749 1607 bolus
778 1548 905 1624 imagine
933 1565 948 1606 a
979 1544 1178 1625 piscatoribus
1206 1544 1294 1604 ducta

146 1648 185 1709 de
208 1651 291 1710 omni
314 1668 423 1729 genere
447 1650 523 1711 lucri
548 1651 669 1734 dicitur,
700 1651 789 1735 1112,
812 1651 851 1715 16
875 1661 909 1715 ot
936 1656 979 1714 od
1000 1656 1081 1713 banc
1105 1654 1202 1713 bolum
1223 1669 1293 1728 per·

147 1758 262 1818 oenias.
307 1775 404 1836 nequae
429 1766 528 1819 tamen
550 1758 607 1819 hoc
630 1779 647 1819 a
671 1759 810 1821 Varronis
834 1763 948 1821 ratione
972 1759 1101 1820 alienum
1125 1768 1185 1838 est,
1213 1757 1292 1838 quod

147 1864 318 1942 genetivum
341 1863 461 1946 addidit,
485 1873 519 1925 ut
541 1867 606 1926 soni
630 1867 824 1928 similitudine
849 1868 1029 1946 signiticaret
1058 1884 1094 1926 ex
1119 1867 1196 1926 areis
1219 1864 1294 1926 mul-

148 1977 213 2031 tum
236 1971 315 2031 aeris
338 1973 403 2050 capi
426 1990 523 2052 posse.

237 2075 331 2138 xvi
369 2076 407 2137 ln
441 2097 481 2138 eo
515 2077 729 2141 arbusculas
757 2098 836 2141 esso
869 2089 1016 2161 oportet
1048 2097 1137 2159 quae
1170 2080 1294 2142 ierunt

148 2181 330 2264 glandem]
354 2186 470 2245 Ferant
493 2185 658 2269 iucundus,
683 2186 792 2263 serunt
815 2206 850 2248 ex
875 2187 977 2248 codice
1001 2189 1114 2265 recepit
1138 2184 1294 2246 Victorius.

150 2292 270 2351 restitui
294 2291 515 2353 coniunctivum
541 2292 669 2373 modum,
694 2296 746 2372 qui
769 2295 916 2355 constanti
942 2312 996 2353 usu
1021 2294 1142 2370 ponitur
1166 2295 1196 2353 in
1221 2292 1294 2352 rela-

149 2398 218 2458 tivis
241 2398 400 2458 sententiis
423 2418 439 2458 a
469 2397 558 2459 verbo
586 2406 704 2476 oportet
732 2399 939 2479 pendentibus.
985 2417 1051 2460 nam
1080 2398 1195 2458 diversa
1224 2407 1294 2459 sunt

149 2503 242 2585 baec,
274 2522 349 2582 quae
382 2507 533 2565 notionem
566 2506 766 2586 praecipiendi
799 2525 858 2567 non
876 2504 1015 2587 babent,
1046 2502 1227 2585 11116,13
1255 2524 1292 2566 ec
1404 2516 1408 2524 '

147 2618 268 2690 oportet
285 2613 437 2673 domiuum
456 2630 568 2686 serere,
588 2630 668 2687 quoe
686 2616 818 2674 maxime
831 2620 978 2675 secuntur
992 2630 1064 2688 opes
1079 2611 1125 2672 vel
1144 2609 1295 2694 1110‚10

147 2737 230 2794 quoe
254 2722 297 2779 od
318 2721 513 2779 ualitudinem
533 2723 688 2795 pertineat
713 2722 866 2781 bominum
894 2739 933 2780 oc
952 2722 1075 2796 pecoris
1098 2728 1127 2779 et
1149 2723 1215 2780 siue
1238 2737 1295 2780 me·

147 2830 220 2888 dico
249 2829 360 2887 curari
381 2832 521 2902 possunt,
549 2829 728 2900 magistrum
750 2829 867 2901 scripto
891 2827 1005 2886 tabem
1032 2833 1156 2900 oportet.
1200 2825 1295 2884 simile

146 2941 342 3012 praeceptum
370 2941 415 2992 est
444 2950 533 3009 supra
563 2932 598 2991 de
627 2929 783 2991 anseribus
815 2928 914 3010 10,5
947 2948 1071 2991 anseres
1101 2939 1234 3006 poscant
1262 2934 1293 2990 io

147 3042 261 3101 umidis
284 3042 358 3100 Iocis
381 3045 411 3098 ct
430 3041 576 3115 pabulum
599 3046 713 3110 serunt,
737 3039 820 3112 quod
842 3039 972 3111 aliquem
992 3034 1078 3111 serat
1098 3035 1245 3112 [ructum.

240 3144 260 3206 2
293 3146 410 3219 Aquom
438 3163 502 3205 esse
526 3151 644 3206 tenuem
673 3141 741 3203 libri
766 3161 853 3204 manu
882 3144 987 3221 scripti
1015 3160 1118 3203 omnes
1147 3153 1177 3203 et
1204 3144 1295 3205 editio

148 3253 282 3333 Victorii,
306 3270 417 3327 aquom
441 3258 558 3328 oportet
581 3270 645 3312 esse
668 3258 786 3312 tenuem
814 3250 892 3310 edita
916 3260 984 3310 ante
1008 3248 1170 3310 Victoriam
1197 3270 1294 3311 erema

150 3359 255 3439 pieria,
278 3358 330 3419 ubi
354 3357 515 3420 Politianus
539 3366 656 3435 oportet
680 3357 802 3435 delevit,
829 3357 881 3418 sed
910 3376 1013 3419 errore
1037 3356 1135 3438 aliquo
1165 3362 1202 3420 iis
1228 3368 1297 3438 post

149 3485 216 3528 esse
239 3465 360 3526 addidit.

242 3571 378 3642 Quibus
401 3573 436 3631 in
457 3572 618 3632 tenebris
638 3570 852 3632 cumularim
872 3573 1027 3650 positum
1048 3580 1102 3632 est
1121 3574 1155 3632 in
1177 3572 1297 3633 doleis

152 3680 248 3740 finnt
285 3677 457 3756 pingues]
499 3679 572 3738 Cum
604 3681 688 3739 tritor
720 3682 886 3755 impositum
920 3685 964 3738 est
996 3676 1155 3738 Turnebus
1183 3679 1296 3740 advers.

152 3783 209 3865 19,
229 3781 287 3864 28,
315 3783 366 3845 ubi
394 3787 476 3845 ditor
504 3803 519 3843 a
547 3803 654 3863 graeco
679 3783 820 3844 vocabulo
849 3772 941 3863 elica
971 3784 1092 3844 ductum
1122 3784 1295 3862 operculum

152 3891 301 3953 doliorum
333 3892 498 3970 significare
532 3890 632 3952 voluit.
684 3892 763 3952 idem
796 3891 869 3952 alios
903 3910 972 3953 cum
1004 3895 1120 3957 molum
1152 3888 1196 3950 vel
1228 3908 1297 3951 cum
1375 3936 1378 3941 -

152 4001 250 4060 ollore
283 4000 445 4059 coniecisse
473 3997 631 4059 adnotavit.
678 4016 746 4059 com
774 4002 866 4059 octor
894 4001 1062 4074 impositam
1090 4005 1134 4059 est
1157 3996 1297 4078 Scaliger,

154 4123 226 4167 cam
250 4106 370 4180 offatim
392 4109 522 4182 positum
545 4113 589 4165 est
612 4104 776 4166 Pontedera
800 4123 828 4184 p.
847 4101 922 4166 456.
959 4122 1028 4166 eom
1050 4109 1225 4182 operculum
1247 4109 1298 4165 im-

150 4216 283 4290 positum
303 4221 347 4273 est
366 4213 482 4291 scripsi.
527 4229 593 4272 nam
613 4210 716 4272 lacuna
735 4213 883 4291 scriptura
896 4210 1049 4291 archetypi
1065 4220 1205 4290 corrupta
1226 4221 1299 4291 erat,
