2874 4994
305 343 354 398 DE
374 343 462 400 AGRI
481 341 653 399 CVLTVRA
672 345 812 400 LIBRVII
830 345 859 401 O.
882 345 1009 403 16-18
1183 338 1227 404 45

83 500 182 560 diores.
232 501 331 579 itaque
366 518 440 580 quae
471 502 609 561 materies
636 518 738 561 semen
766 501 854 563 lrahet
881 505 1053 585 tempestiva
1081 511 1127 564 est
1154 512 1254 584 tum,

82 625 154 668 aum
184 625 285 669 semen
313 616 461 669 maturum
489 606 590 688 habet,
619 627 694 688 quae
722 626 824 670 semen
851 628 910 669 uon
938 608 1026 671 habet
1054 618 1130 690 trum,
1157 629 1226 672 cunr

83 712 228 793 glubebit
277 716 368 794 pinus
399 722 497 776 autern
530 722 688 796 propterea
721 715 800 795 quod
830 715 919 777 simul
945 735 1046 778 semen
1074 716 1168 778 viride
1196 728 1226 778 et

83 828 236 883 maturum
263 820 365 904 habet,
393 822 470 902 quod
499 840 594 900 genus
619 824 741 883 seminis
764 831 795 883 ct
816 823 854 883 de
877 826 947 904 pino
971 831 1000 884 et
1023 823 1060 884 de
1083 842 1225 905 cupresso

83 931 191 1009 quovis
224 931 293 990 anni
324 938 458 1010 tempore
492 930 548 1009 legi
580 938 691 1010 potest,
724 931 795 991 item
823 933 926 1011 quovis
954 939 1087 1012 ternpore
1115 940 1225 1011 tempe-

83 1038 159 1097 stiva
184 1045 238 1099 est.

174 1140 195 1204 2
228 1143 360 1204 lhidem
388 1153 472 1205 sunt
499 1163 609 1205 nuces
636 1144 739 1205 binae
768 1143 849 1206 inde
877 1163 996 1207 semen
1024 1147 1165 1207 excidet
1192 1155 1239 1207 ep

82 1250 273 1312 anniculae
301 1268 361 1311 eae
389 1249 450 1310 ubi
476 1253 628 1330 primum
655 1253 836 1331 incipiunt
863 1251 1026 1315 hiascere
1054 1263 1126 1315 tum
1154 1253 1225 1332 legi

82 1365 229 1437 oportet
255 1376 319 1437 per
346 1360 532 1419 sementim
555 1360 705 1438 primum
734 1361 915 1438 inalpiunt
941 1368 1099 1421 maturae
1127 1359 1223 1438 esse]

84 1466 203 1527 Itidem
225 1473 297 1526 sant
317 1484 411 1526 nacae
434 1467 524 1527 dinae
546 1464 615 1525 lihri
638 1482 727 1525 manu
750 1468 864 1546 scripti,
887 1468 931 1527 itt
952 1469 1022 1528 dan
1045 1475 1115 1534 snat
1132 1487 1225 1529 nuces

81 1573 183 1634 danae
208 1570 360 1633 lucundus
388 1580 418 1633 et
445 1571 553 1633 deinde
580 1571 688 1651 reliqui
716 1571 853 1634 editores.
900 1577 1032 1651 primam
1059 1577 1224 1654 posteriore

81 1678 148 1740 loco
177 1677 339 1740 Politiauus
367 1678 572 1758 neglegentius
599 1688 733 1740 correcta
761 1679 887 1740 lectione
915 1682 1058 1760 principis
1086 1682 1225 1742 editionis

80 1786 191 1846 omisit
241 1795 375 1846 ceterum
403 1784 439 1845 de
466 1787 564 1865 pineis
591 1786 719 1847 nucibus
746 1787 819 1847 haec
847 1788 958 1865 scripta
985 1797 1067 1866 sunt,
1100 1806 1158 1848 non
1187 1788 1223 1848 de

79 1891 139 1952 alio
172 1910 281 1971 genere
314 1893 468 1973 materiae,
500 1911 679 1973 quamquam
712 1893 807 1954 ulmea
839 1896 925 1973 pinea
959 1913 1052 1955 nucea
1085 1897 1223 1956 materies

80 2009 331 2060 commemoratur
354 1997 407 2080 31,
421 1997 450 2061 2.

171 2105 292 2167 Ulmus
315 2124 393 2167 cum
416 2105 501 2166 lolia
524 2107 655 2168 cadunt
679 2116 749 2168 tum
771 2110 901 2170 iterum
921 2111 1135 2188 tempestiua
1154 2107 1222 2186 est]

87 2215 180 2276 Wntis
211 2232 279 2274 cam
309 2213 388 2289 solta
417 2216 545 2288 cadant,
577 2222 639 2274 tam
667 2223 797 2290 atraque
825 2220 997 2292 tempestiva
1022 2222 1076 2290 liet
1103 2216 1224 2296 Merula,

79 2325 193 2402 almas,
220 2338 289 2381 cam
309 2320 387 2396 solia
409 2323 537 2396 cadant,
563 2328 624 2382 tam
648 2330 778 2398 atraque
801 2327 973 2400 tempestiva
996 2333 1041 2383 est
1063 2323 1225 2401 iucundus,

81 2426 162 2508 quod
182 2426 384 2488 Schneiderus
407 2431 521 2507 recepit
544 2436 574 2488 et
597 2428 632 2488 de
652 2428 769 2489 duobus
789 2431 935 2491 ulmorum
954 2430 1113 2507 generibus
1132 2433 1222 2491 inter-

79 2543 218 2614 pretatus
240 2542 294 2595 cst.

169 2641 273 2702 XVIII
294 2639 310 2702 1
335 2639 528 2711 Quadridis
551 2644 648 2702 uasis
672 2645 725 2703 uti
748 2653 871 2704 contra
895 2661 955 2703 ora
978 2643 1085 2722 sieut]
1109 2646 1222 2705 Contra

80 2767 139 2809 ora
166 2747 330 2810 Politianus
358 2767 426 2809 cum
454 2748 642 2829 apographis,
670 2760 854 2812 contrarora
878 2749 1026 2812 Victorius
1055 2753 1152 2813 minus
1175 2771 1222 2819 ac·

79 2864 185 2917 curate
204 2874 239 2916 ex
255 2856 357 2918 codice
372 2855 529 2937 adnotavit,
548 2861 756 2918 contractiora
775 2857 852 2918 edita
867 2865 934 2919 ante
949 2858 1111 2919 Victorium
1125 2878 1221 2918 exem-

79 2963 183 3043 plaria.
233 2966 395 3039 quadrinis
426 2966 456 3024 in
489 2963 647 3044 archetypo
676 2967 820 3043 scriptum
848 2974 911 3026 erat
939 2965 1014 3025 inlra
1042 2963 1062 3041 ξ
1090 2961 1110 3024 3
1137 2969 1221 3024 nasis

81 3062 253 3157 qoirt'nis.
281 3070 418 3132 similiter
432 3071 614 3152 Pomponius
628 3070 706 3151 apud
720 3071 848 3133 Nonium
863 3091 891 3151 p.
905 3069 980 3154 483,
990 3068 1033 3133 23
1051 3074 1221 3147 quadranos

78 3181 108 3238 si
129 3180 273 3240 hannem
296 3181 397 3241 molas.
435 3179 576 3259 quadrina
602 3197 668 3239 vasa
691 3188 790 3240 autem
813 3178 953 3240 dicuntur
977 3187 1116 3259 quattuor
1140 3197 1221 3239 vaso·

78 3303 149 3347 rum
167 3286 249 3365 paria
268 3294 298 3346 et
316 3294 418 3364 postea
438 3287 516 3347 binas
535 3289 622 3361 vasis,
641 3284 671 3367 3,
686 3282 707 3347 5
725 3304 799 3347 oasa
818 3288 890 3346 bina
908 3283 967 3345 duo
986 3285 1068 3363 paria
1087 3293 1116 3344 et
1138 3281 1218 3363 10,1

82 3394 172 3454 toves
193 3397 289 3454 trinos
309 3395 365 3453 tria
383 3395 451 3471 iuga
470 3392 570 3473 boum,
596 3389 702 3474 149,2
721 3395 817 3453 dadas
836 3395 953 3453 domitis
972 3393 1049 3452 binas
1068 3392 1127 3450 duo
1146 3393 1221 3469 iuga.

170 3497 191 3560 2
219 3499 372 3578 Stipites
400 3502 516 3560 crassi
542 3517 571 3578 p.
594 3499 620 3559 ll
648 3500 712 3560 alti
736 3517 812 3560 cum
836 3497 1044 3560 cardinibus
1067 3516 1095 3575 p.
1116 3496 1140 3555 ll
1164 3515 1221 3556 su-

78 3605 208 3685 culam]
225 3606 340 3667 Sacnla
355 3605 506 3667 lucundus
525 3615 555 3667 ct
574 3606 680 3667 deinde
694 3606 802 3687 reliqui
817 3608 954 3667 editores.
988 3605 1099 3665 rectius
1114 3603 1219 3663 Ponte·

78 3714 151 3774 dera
174 3732 202 3791 p.
221 3710 263 3775 41
289 3731 410 3775 crassos
433 3722 464 3774 et
486 3718 562 3775 altos
585 3712 776 3775 scribendum
801 3732 865 3774 esse
889 3715 1011 3773 monuit.

169 3820 253 3882 Cum
276 3819 462 3882 canalibus
485 3820 637 3898 duobus]
663 3821 860 3882 Scribcndum
883 3831 947 3881 erat
969 3822 1069 3899 potius
1092 3822 1220 3880 dandae.

79 3946 147 3989 uam
172 3929 212 3988 ita
236 3926 344 4007 legitur
368 3928 443 3989 lnlra
463 3927 518 4006 §6
542 3933 679 3991 canalem
703 3932 867 3990 rutundam
888 3927 986 4004 facito
1005 3932 1105 3988 latam.
1139 3929 1219 3987 lauri-

78 4038 150 4097 nIno
174 4053 283 4114 genere
306 4035 386 4097 idem
410 4053 517 4097 nomen
541 4054 701 4116 usurpasse
725 4035 886 4096 Varronem
909 4036 969 4094 diri
993 4037 1023 4094 in
1047 4033 1129 4095 Varr.
1153 4053 1176 4094 r.
1197 4053 1219 4093 r.

76 4139 216 4226 1115,2.

169 4248 187 4311 l
219 4249 397 4313 dementis
429 4253 577 4313 minutis
610 4260 644 4312 et
675 4251 771 4313 calce
804 4250 974 4311 harenato
1004 4248 1218 4327 semipedem

77 4376 184 4420 unum
218 4357 383 4438 quodque
415 4360 551 4419 corium
584 4353 731 4436 struito]
763 4359 852 4418 Calce
879 4359 1028 4417 harenato
1055 4367 1085 4416 ct
1113 4356 1218 4417 deinde

79 4467 117 4528 da
137 4468 250 4543 alateo
274 4472 302 4526 ct
325 4469 411 4527 calce
427 4467 578 4528 harenato
597 4463 763 4545 exemplum
783 4465 910 4525 nominis
929 4462 1091 4526 masculino
1110 4481 1218 4544 genere
