2874 4994
259 320 309 375 DE
328 321 417 377 AGRI
436 320 609 377 CVLTVRA
627 323 768 378 LIBRVM
788 324 817 383 C.
838 323 1011 381 136-137
1146 319 1206 383 141

151 474 188 536 Si
220 479 458 538 communiter
491 479 616 557 pisunt
649 497 713 557 qua
747 498 787 539 ex
819 488 920 559 parte
948 480 1097 559 politori
1126 499 1208 560 pars

54 590 114 643 est
144 601 218 644 eam
245 591 387 664 partem
417 586 453 645 in
477 587 672 663 pistrinum
696 585 844 666 potitor]
869 589 998 648 Wnsunt
1021 586 1141 670 Merula,
1161 592 1208 665 pt·

52 697 130 751 cunt
154 708 190 751 ox
214 710 304 752 mauu
328 691 449 770 scriptis
472 690 558 752 libris
581 691 733 753 Iucundus
757 702 787 754 et
811 694 917 754 deinde
945 694 1061 775 reliqui.
1104 699 1210 773 pinsot

54 798 89 857 in
113 796 277 878 archetypo
301 800 448 878 scriptum
472 805 537 859 erat
561 795 611 879 14,
630 795 650 860 2
674 807 704 860 et
727 804 850 877 expiret
871 799 901 880 2,
919 798 949 861 4.
978 802 1047 881 quid
1072 804 1111 862 sit
1130 821 1207 863 com·

54 909 194 966 maniter
212 910 325 983 pisunt,
349 915 430 967 recte
454 908 669 985 interpretatus
693 913 739 966 est
762 906 925 988 Gesnmus,
950 904 986 969 ‘si
1010 907 1124 970 coiiatis
1147 909 1206 970 iru-

56 1011 151 1091 gibus
174 1013 237 1074 suis
260 1020 328 1091 post
352 1013 527 1075 divisionem
551 1015 582 1073 in
605 1013 683 1073 idern
707 1015 867 1092 pistrinum
892 1011 1018 1092 pisunt':
1042 1024 1105 1077 turn
1129 1019 1208 1076 enim

55 1125 90 1180 et
114 1120 269 1181 dominum
292 1128 323 1180 et
345 1119 503 1200 politorem
527 1138 581 1199 pro
606 1139 658 1181 sua
683 1140 830 1200 quemque
850 1130 934 1199 parte
954 1124 1060 1201 pistori
1079 1125 1209 1227 pretium

55 1227 176 1287 scivere
200 1225 318 1287 debere.
356 1227 391 1287 ad
417 1246 450 1288 ea
474 1236 573 1288 autem
597 1246 671 1307 quae
692 1228 728 1288 de
748 1228 974 1289 condicionibus
993 1238 1078 1290 antea
1097 1232 1208 1309 scripta

56 1341 148 1395 erant
175 1333 248 1395 haec
276 1333 441 1415 adduntur,
470 1353 507 1394 ne
536 1334 605 1414 quid
636 1334 671 1394 ad
702 1343 802 1414 partes
827 1353 915 1415 supra
940 1338 1066 1415 scriptas
1089 1337 1210 1416 potituri

56 1441 192 1502 accedat.
228 1444 329 1522 itaque
350 1460 386 1502 ex
410 1459 469 1521 qua
491 1449 576 1520 parte
601 1440 721 1520 poiitori
744 1461 797 1503 sua
821 1461 929 1522 pansa
953 1442 1072 1504 domino
1096 1443 1209 1504 tributa

56 1556 115 1627 est,
139 1547 265 1608 eandem
287 1556 403 1627 partem
427 1548 536 1628 politur
559 1550 589 1607 in
613 1551 774 1629 pistrinum
799 1548 888 1610 dabit.

150 1654 317 1715 CXXXVII
354 1654 497 1716 Vineam
533 1655 727 1716 curandam
765 1659 940 1735 partiario
978 1656 1066 1717 bene
1104 1666 1207 1719 curet

57 1761 211 1822 fundum
234 1762 421 1823 arbustum
444 1780 565 1841 agrum
588 1762 863 1823 frumentarium
887 1766 1063 1842 partiario
1090 1764 1207 1825 ienum

57 1877 94 1929 et
117 1867 289 1948 pabulum
318 1868 408 1948 quod
437 1869 554 1931 bubus
578 1872 666 1931 satis
691 1871 761 1930 siet
784 1873 844 1950 qui
869 1870 945 1932 illic
969 1873 1064 1932 sient
1087 1881 1208 1933 cetera

57 1978 178 2037 omnia
205 1994 270 2055 pro
298 1974 472 2053 indiuiso]
508 1977 631 2038 Vineam
660 1979 847 2053 redemptori
865 1982 1020 2054 partiario
1045 1989 1077 2039 ut
1100 1982 1153 2040 des
1177 1981 1206 2038 in

58 2083 183 2144 rubrica
206 2083 337 2161 itemque
361 2085 390 2143 iu
415 2083 512 2144 indice
535 2083 732 2161 capitulorum
752 2085 897 2162 scriptum
917 2093 970 2146 est.
1004 2093 1156 2164 praeterea
1176 2088 1207 2145 in

57 2189 223 2269 archetypo
245 2188 303 2249 hoc
327 2188 392 2249 ioco
416 2192 444 2250 in
469 2192 600 2268 margine
624 2190 807 2268 adscriptum
830 2199 894 2250 erat
918 2192 1110 2273 Redemptor,
1129 2195 1207 2253 sicut

58 2295 227 2357 Politianus
250 2297 281 2356 in
304 2298 437 2375 margine
462 2299 607 2376 principis
630 2297 769 2357 editionis
793 2296 950 2358 adnotavit.
979 2297 1048 2358 hinc
1073 2298 1206 2360 Sciroett·

56 2421 157 2483 genus
171 2404 289 2463 initium
304 2405 398 2482 ipsius
413 2405 518 2492 capitis
533 2403 730 2483 supplendum
746 2405 924 2464 existimavit
939 2406 968 2464 in
983 2405 1062 2466 irrruc
1078 2408 1207 2488 modum,

66 2510 193 2573 Vineam
218 2513 389 2571 curandum
411 2513 598 2588 redemptori
611 2514 767 2588 partiario
787 2513 852 2585 des,
876 2514 923 2572 uti
940 2513 1015 2573 bene
1033 2522 1122 2575 curet
1136 2513 1207 2590 sun-

57 2619 151 2688 dnm;
181 2615 318 2676 similiter
341 2616 507 2678 Pontedera
530 2636 557 2697 p.
579 2615 621 2678 74
651 2619 768 2679 Vinium
792 2620 963 2679 curandam
983 2623 1140 2696 partiario
1162 2625 1209 2682 uti

57 2727 123 2786 des.
170 2726 245 2785 bene
272 2732 361 2785 curet
385 2723 524 2800 fundum.
571 2735 674 2787 contra
702 2725 852 2786 Gesnerus
881 2724 954 2786 haec
983 2736 1138 2806 praecepta
1169 2727 1206 2788 de

60 2832 147 2891 vinea
173 2829 303 2890 curanda
330 2848 398 2890 cum
426 2832 463 2891 iis
492 2849 566 2910 quae
595 2850 684 2911 supra
709 2832 745 2891 de
768 2831 909 2910 politione
933 2851 1071 2912 agrorum
1096 2837 1207 2913 scripta

58 2943 134 2998 sunt
156 2937 196 2996 ita
220 2938 361 3016 coniungi
385 2936 489 3018 voluit,
517 2947 550 2998 ut
579 2938 650 2998 baec
680 2957 798 3017 quoque
822 2939 857 2998 ad
883 2939 978 3000 officia
1002 2940 1137 3019 politoris
1161 2960 1205 3000 re-

59 3046 228 3122 ferrentur,
256 3047 414 3120 partiario
446 3053 544 3106 autem
577 3064 631 3124 pro
663 3044 812 3123 adverbio,
846 3045 873 3105 b.
901 3065 925 3105 e.
958 3049 1099 3125 partiario
1132 3050 1207 3128 iure,

59 3153 232 3232 haberetur,
263 3152 387 3213 Vineam
410 3156 581 3213 curandum
601 3156 757 3228 partiario
781 3155 856 3213 bene
876 3163 971 3226 curet,
992 3152 1131 3232 sundram,
1155 3174 1205 3214 or·

57 3262 194 3331 bustum,
226 3276 337 3333 aarum
364 3256 602 3333 frumentorium
631 3277 708 3338 sqq„
741 3278 815 3337 quae
844 3262 882 3319 ita
911 3261 1123 3339 interpretatus
1152 3271 1207 3340 est,

58 3361 183 3445 ‘politur
207 3366 321 3425 riuearn
345 3365 506 3425 curandam
529 3368 670 3444 partiario
694 3364 769 3425 bene
793 3373 893 3446 curet,
921 3365 1116 3444 similiterque
1142 3368 1205 3427 iun

57 3472 146 3553 dum,
174 3470 329 3532 arbustum
357 3480 413 3532 etc.
459 3474 600 3551 partiario
629 3482 726 3534 tamen
755 3473 900 3535 eiusmodi
924 3473 1055 3553 politori,
1085 3475 1135 3551 qui
1159 3493 1206 3532 cc·

58 3581 202 3659 teroquin
226 3597 382 3639 commune
405 3579 510 3640 diuidit
529 3599 597 3641 cum
617 3582 744 3660 domino,
768 3589 849 3641 extra
869 3579 947 3641 iiiam
964 3551 1205 3642 bommnnionem

58 3685 286 3749 concedendurn
310 3686 430 3746 inanum
450 3695 480 3747 et
497 3685 647 3766 pabulum,
671 3687 750 3766 quud
769 3685 865 3749 bobus
884 3690 947 3749 suis
966 3690 1038 3748 satis
1058 3689 1121 3766 siet,
1146 3707 1205 3748 nou

59 3792 200 3855 omuibus
219 3792 348 3874 quidem,
372 3792 424 3854 sed
444 3793 523 3874 sciis,
544 3796 595 3873 qui
613 3793 672 3853 iilic
691 3803 721 3854 et
741 3813 828 3873 quam
848 3794 898 3855 diu
918 3794 978 3855 iiiic
998 3796 1096 3873 operis
1116 3813 1205 3855 causa

60 3903 149 3962 sient.
199 3908 297 3961 cetera
326 3902 436 3983 omnia,
464 3919 552 3980 quiam
581 3901 631 3961 diu
660 3910 759 3962 manet
786 3903 954 3962 communio
986 3899 1047 3979 iiia,
1078 3919 1133 3979 pro
1162 3904 1204 3961 iu-

61 4007 166 4069 diviso.
213 4007 317 4067 divisio
342 4007 420 4068 enirn
445 4010 536 4068 certis
560 4017 675 4069 tautum
698 4007 881 4087 temporibus
905 4000 1091 4067 instituitur'.
1129 4026 1203 4081 perr·

63 4118 156 4175 tierio
175 4113 307 4175 adverbii
326 4114 391 4175 ioco
410 4114 523 4176 dictum
542 4134 601 4176 non
621 4117 738 4176 invenio
753 4117 811 4176 nisi
825 4115 901 4195 apud
917 4113 1071 4193 torticium
1088 4125 1203 4173 metam.

65 4220 102 4281 lx
116 4219 170 4304 27,
189 4240 229 4283 me
248 4224 324 4282 ieris
343 4224 464 4297 quidem
482 4225 643 4284 severitate
661 4225 727 4297 leue
745 4224 783 4282 de
801 4224 961 4281 adulteriis
980 4223 1023 4281 ud
1041 4223 1204 4281 discrimen

69 4331 176 4391 vocabo
208 4331 319 4405 eapitis
350 4336 411 4389 tom
439 4336 593 4389 venustum
622 4335 742 4404 tumque
765 4331 948 4404 lrulcbetlum
972 4331 1104 4405 puellum
1110 4374 1119 4406 ,
1150 4331 1206 4388 sed

70 4432 153 4510 pune
183 4453 254 4497 cum
285 4452 384 4496 uxore
413 4453 481 4497 meu
510 4438 664 4512 partiario
697 4437 838 4495 tractabo
845 4455 857 4506 ,·
889 4452 985 4514 neque
1017 4454 1086 4495 enm
1116 4453 1203 4496 usum
