2874 4994
140 339 183 405 38
477 343 668 401 COMMENT.
686 344 728 400 IN
752 342 941 400 VARRONIS

142 505 180 564 iis
202 504 232 563 iu
255 502 340 562 initio
369 518 461 561 novae
489 500 717 581 enuntiationis,
743 501 775 561 in
802 518 860 579 qna
882 516 992 580 genere
1016 497 1194 562 admixtionis
1210 499 1238 562 lc

142 609 327 690 scribuntur,
353 609 450 688 posita
473 609 541 690 sint.
579 606 630 668 sed
659 625 757 687 neque
786 607 821 668 od
849 608 1038 670 sententiam
1053 608 1126 669 satis
1149 616 1238 688 apoc

141 718 216 778 ratio
240 724 298 798 est,
326 717 464 795 quoniam
489 733 547 775 uon
572 724 682 794 terrac,
706 714 758 776 scd
782 713 1041 795 partibosterrae
1065 712 1238 776 dissimilisri

142 842 175 884 ac
194 831 325 903 potestas
345 821 496 903 tribuitur,
516 840 611 901 neque
632 822 667 883 od
687 802 934 884 consuetudinem
948 823 1097 884 sermonis
1110 820 1238 883 Verrou'm

142 930 361 992 accommodata
391 936 437 990 est
463 928 536 990 haec
565 928 724 991 verborum
752 929 954 990 conformatio.
995 930 1097 1009 itoqoe
1129 933 1238 992 wind

143 1039 249 1117 scripsi
273 1043 304 1097 et
327 1055 394 1098 curn
419 1035 613 1116 sequentibus
637 1036 727 1097 verba
748 1038 789 1097 ita
812 1037 967 1117 coniunxi,
989 1039 1022 1098 in
1043 1039 1097 1098 illo
1115 1039 1191 1098 enim
1209 1054 1238 1099 en

141 1149 202 1207 sint
216 1147 354 1206 dissimili
367 1148 400 1205 oi
411 1163 450 1206 oc
463 1151 612 1220 potestate
622 1152 730 1222 portes
741 1177 782 1187 —
795 1145 962 1222 comburat,
976 1145 1017 1205 ob
1032 1147 1072 1206 iis
1084 1161 1150 1223 sqq.
1176 1141 1238 1205 dciol

146 1256 225 1329 ipsuis
248 1254 278 1311 in
302 1250 462 1331 generibus
486 1260 584 1312 terrae
608 1250 749 1332 appellari
772 1269 831 1312 non
855 1253 964 1332 potuit,
990 1255 1104 1329 platea
1126 1253 1238 1331 scriptor

143 1359 307 1439 iucundus,
340 1357 530 1420 Columellam
559 1356 724 1438 11111,1,
755 1367 789 1420 ut
816 1358 942 1441 videtur,
971 1367 1105 1420 secutus.
1146 1357 1238 1438 prob

144 1468 251 1546 scripsi
282 1469 374 1527 cinis:
407 1467 553 1527 cinericia
585 1472 665 1526 terre
699 1465 808 1527 dicitur
840 1465 917 1526 inira
950 1464 970 1543 ξ
996 1462 1029 1546 7,
1062 1468 1180 1527 cinerea
1203 1484 1238 1546 rpr

144 1571 274 1635 Plinium
296 1572 401 1634 XXXV
423 1569 493 1634 192.
532 1581 643 1634 temere
667 1583 767 1635 eutem
791 1573 941 1634 Gesnerus
965 1592 999 1634 ea
1019 1591 1097 1653 quae
1120 1582 1238 1654 sequenti

145 1685 179 1742 id
204 1690 249 1743 est
276 1698 355 1756 quite
382 1685 444 1742 sole
468 1713 510 1723 -
532 1682 691 1742 comburat
723 1690 872 1761 tamquam
905 1682 1006 1760 spuria
1038 1682 1159 1743 notovit.
1196 1698 1238 1760 seq

145 1791 224 1850 euim
247 1787 408 1848 Varronem
433 1787 521 1849 huius
545 1788 623 1848 modi
647 1787 870 1849 delinitionibus
894 1807 980 1849 usum
1005 1805 1073 1849 csse
1092 1787 1176 1849 lecile
1192 1789 1238 1849 noir

146 1895 299 1957 advertere
331 1897 442 1974 poterit
478 1897 530 1974 qui
561 1893 648 1974 poulo
681 1893 851 1973 diligentius
883 1894 938 1955 bos
970 1894 1064 1955 libros
1095 1893 1203 1975 legerit
1234 1915 1238 1952 i

145 2020 252 2083 magno
275 2001 477 2082 exemplorum
501 2020 626 2062 numero
651 1998 678 2081 (i
699 1998 753 2081 10,
771 1998 802 2063 2.
826 1999 878 2077 29,
891 1998 923 2063 2.
945 1997 998 2079 31,
1015 1997 1044 2061 1.
1068 1998 1164 2084 32,1.
1185 1998 1230 2082 31,

144 2107 198 2192 40,
214 2108 242 2171 1.
265 2107 318 2191 44,
332 2107 362 2171 3.
385 2105 438 2190 49,
452 2107 482 2170 2.
512 2107 589 2189 111,
604 2105 638 2189 63
656 2105 709 2169 20.
732 2105 763 2188 2,
778 2105 806 2169 6.
830 2105 861 2189 4,
878 2105 927 2169 17.
951 2104 981 2190 9,
998 2104 1053 2189 113
1074 2103 1124 2170 15.
1156 2105 1231 2188 1114,

145 2215 176 2296 9,
189 2210 226 2300 2)
249 2217 308 2277 duo
327 2223 451 2296 propter
470 2218 564 2295 ipsam
584 2214 808 2277 collocationem
826 2214 987 2277 verborum
1005 2215 1042 2276 de
1061 2214 1238 2295 interpolatio

146 2332 284 2404 suspecta
308 2332 402 2404 erant,
425 2319 570 2403 1112,18
596 2326 629 2383 id
651 2329 696 2384 est
715 2342 833 2399 cenom,
858 2319 944 2403 16,3
967 2327 1069 2385 idest
1090 2327 1145 2399 qui
1164 2342 1238 2385 exerc

148 2434 297 2493 mellaria.
335 2429 452 2491 duobus
480 2429 553 2490 locis
581 2431 718 2490 usitntem
747 2431 778 2490 in
806 2429 853 2490 his
881 2429 1036 2492 iormolom
1061 2433 1095 2492 id
1116 2438 1161 2492 est
1180 2429 1238 2491 adu

146 2534 221 2598 130
243 2541 388 2614 runcari,
417 2540 450 2597 id
476 2544 522 2597 est
544 2539 670 2598 lterbmo
698 2556 738 2598 eor
765 2539 917 2614 sepeiibus
940 2541 1127 2614 eeporpori,
1159 2533 1235 2616 1119,

89 2635 94 2648 '
144 2647 339 2719 pollinorios,
363 2646 396 2705 id
418 2652 462 2704 est
484 2653 613 2705 curator
636 2662 751 2704 earum.

235 2748 256 2812 3
288 2748 337 2809 db
364 2751 409 2810 iis
437 2768 527 2829 quae
558 2752 704 2830 proprio
737 2753 881 2812 nomine
914 2750 1051 2812 dicitur
1082 2760 1179 2813 terre
1206 2770 1238 2812 cu

146 2865 201 2918 est
224 2856 376 2917 admixta
400 2874 440 2916 ex
464 2852 511 2917 iis
534 2857 731 2936 generibus
756 2858 875 2938 aliquo
898 2877 938 2919 re
960 2877 1039 2919 oum
1067 2859 1234 2921 dicituro

147 2973 290 3026 cretosa
313 2964 365 3025 sic
389 2963 429 3023 ab
453 2963 535 3024 aliis
553 2983 723 3043 generum
742 2964 1019 3027 discriminibus
1038 2967 1146 3027 mixta
1163 2966 1238 3027 horu

148 3072 344 3133 uarietatis
367 3072 417 3131 ita
440 3089 572 3151 genera
596 3069 682 3133 boec
711 3081 749 3132 ut
775 3082 964 3152 praeterea
991 3072 1188 3152 suptiliore
1212 3074 1237 3133 si

147 3178 218 3240 alie
242 3179 424 3239 minimum
448 3180 483 3239 in
513 3179 655 3258 singule
685 3179 797 3241 iacies
821 3178 986 3258 terrena]
1020 3181 1058 3242 lJt
1079 3199 1151 3242 corn
1175 3182 1238 3243 coit

146 3296 267 3349 cretoso
291 3285 412 3368 iterun,
435 3294 497 3348 tum
521 3290 638 3348 dicitnr
661 3296 715 3348 ont
738 3294 859 3349 cretoso
882 3296 937 3348 noi
957 3291 1114 3365 ploreoso,
1137 3296 1167 3351 ei
1181 3292 1222 3350 sic

146 3398 216 3456 otiis
237 3411 385 3470 poterunt
409 3397 636 3456 discriminibus
659 3399 761 3475 misto,
788 3405 819 3456 et
841 3398 1017 3457 ratiborem
1040 3400 1215 3470 varietates,

145 3521 263 3578 petrem
294 3504 386 3582 boec,
418 3510 453 3562 ot
479 3510 648 3578 praetereo
679 3504 839 3564 nibiiiioro
870 3506 932 3564 sint
962 3504 1042 3577 ndo,
1073 3506 1223 3564 micinno

147 3612 269 3684 sinpulo
290 3606 391 3684 socies
413 3616 503 3669 terno
526 3607 690 3690 lucuudoS,
720 3608 770 3671 ubi
798 3627 869 3670 nom
893 3611 937 3670 nd
962 3611 1121 3670 minimum
1144 3606 1238 3689 dogeli

147 3733 218 3774 rosim
245 3718 402 3776 minimum
424 3713 573 3776 Victorius
601 3715 691 3777 dedit
735 3715 840 3777 ordine
868 3715 1029 3778 verborum
1056 3717 1116 3798 sic,
1142 3725 1177 3779 nt
1200 3734 1238 3795 sq

148 3820 223 3900 diri,
250 3823 413 3882 constituto
441 3840 524 3897 mem,
552 3824 631 3902 quod
659 3832 727 3884 ante
755 3826 871 3886 dicitur
903 3841 993 3904 prore
1024 3826 1187 3904 repetitum
1216 3841 1238 3884 er

148 3927 243 3990 deleri
266 3938 297 3989 et
318 3928 464 4009 lacurnam,
488 3947 576 4009 quern
600 3929 751 3993 lucendus
774 3931 952 4011 expleuerat,
974 3938 1044 4011 post
1062 3940 1184 3994 cretosa
1200 3932 1238 4010 sig

149 4038 246 4117 liceri,
273 4039 312 4097 cb
336 4040 374 4096 iis
391 4068 445 4117 —,
463 4054 532 4097 cum
555 4048 601 4098 est
623 4041 762 4099 admixto
790 4057 831 4100 ec
858 4042 896 4100 iis
920 4039 1091 4114 peceribus
1117 4042 1218 4114 aliquo

149 4145 264 4203 dicitur
292 4150 346 4201 out
369 4150 489 4204 cretoso
512 4161 577 4222 sqq.
615 4143 721 4206 deiude
749 4154 880 4205 veterem
902 4143 1076 4225 lectionem,
1104 4163 1178 4225 quoe
1199 4147 1238 4206 int

150 4245 297 4325 polatioue
321 4247 468 4309 editorum
493 4259 632 4328 corrupte
661 4260 738 4332 erat,
766 4253 898 4332 restitui,
926 4250 979 4312 sed
1010 4254 1042 4312 in
1064 4249 1237 4328 soscrisse

150 4362 239 4412 ternu
266 4355 387 4434 scripsi,
413 4358 521 4417 bortrus
550 4359 708 4419 rorietoiis
736 4360 780 4418 ito
804 4376 920 4435 omero
946 4361 1042 4433 boec,
1068 4366 1104 4420 ot
1126 4366 1238 4437 praeter

149 4460 308 4521 subtiliore
330 4464 392 4522 sint
419 4466 496 4542 erliir,
525 4465 678 4524 minimum
702 4467 734 4525 io
760 4468 883 4541 sinqnlo
902 4464 990 4541 [octe
1016 4474 1118 4528 terno.
1152 4446 1238 4527 intel
