2874 4994
331 299 380 354 DE
399 299 488 356 Attin
507 299 681 356 OVLTVRA
700 303 841 357 LIBRVM
861 303 889 360 C.
907 303 968 360 144
1160 299 1220 363 151

71 452 209 515 iacienda
235 451 357 536 145,1‚
383 458 413 516 si
433 459 573 532 operarii
594 460 739 519 conducti
761 465 852 520 erunt
875 467 930 520 aut
949 459 1098 536 facienda
1120 465 1222 523 locutu

70 564 141 641 crit,
162 580 223 638 pro
245 579 280 623 eo
304 566 444 625 resolatto
467 571 522 625 aut
545 567 722 626 deducetur.
761 564 848 626 lectio
869 574 967 626 tamen
986 586 1075 628 manu
1095 571 1220 648 scripto·

69 684 140 727 rum
160 666 305 730 librorum
320 673 470 748 resoluito,
489 675 523 732 id
536 675 597 732 riri
610 674 682 733 boni
695 674 850 733 arbitratu
868 676 1038 736 deducetur
1052 677 1221 736 confirmari

68 773 191 836 videtur
219 777 254 835 iis
280 794 355 855 quiae
379 777 415 837 de
439 777 585 857 hisquae
609 787 762 858 praeterea
787 779 823 840 de
847 782 1008 842 constituta
1032 799 1146 842 summa
1171 782 1219 843 de-

66 880 207 942 ducenda
230 891 302 944 erint
324 885 556 965 praecipiuntur.
593 886 714 948 brevius
737 887 816 949 idem
840 888 876 949 de
900 888 964 949 olea
983 888 1116 951 iacienda
1136 909 1229 969 prae.

66 990 183 1067 cipitur
201 993 249 1070 ita,
271 987 378 1072 145,3
398 995 502 1068 siquid
518 996 718 1071 redemptoris
737 1013 831 1073 opero
851 998 970 1058 domino
990 1001 1096 1058 damni
1114 1001 1217 1059 datum

65 1099 143 1171 erit,
168 1101 230 1157 oiri
252 1099 323 1159 bani
345 1101 499 1161 arbitratu
524 1103 702 1164 deducetur.

159 1201 313 1281 Leguios
337 1213 424 1283 quot
447 1224 535 1286 opus
554 1215 660 1268 crunt
679 1206 850 1286 praebeto
871 1217 905 1268 et
923 1209 1080 1270 sictores
1100 1213 1129 1270 si
1150 1230 1216 1272 non

62 1308 281 1389 praebuerit
308 1312 434 1389 quanti
462 1312 678 1373 conductum
706 1316 777 1374 erit
800 1322 861 1375 aut
884 1314 1038 1376 locatum
1063 1319 1135 1377 erit
1159 1318 1216 1378 dc·

63 1416 224 1477 ducetur
244 1425 342 1477 tanto
364 1419 478 1479 minus
499 1418 705 1497 debebitur]
725 1422 765 1481 Et
780 1420 919 1496 suctores
938 1422 1015 1483 edita
1035 1434 1103 1485 ante
1120 1424 1216 1513 Victo·

64 1525 149 1585 rium
182 1524 374 1606 exemplaria,
406 1533 436 1587 et
461 1529 620 1587 strictores
647 1526 804 1588 Victorius.
855 1528 962 1588 deinde
991 1533 1160 1591 deducetur
1188 1541 1218 1594 et

61 1638 153 1693 tanto
185 1635 283 1692 minus
316 1633 474 1693 debebitur
506 1632 665 1695 Iucundus.
717 1638 826 1709 quanti
857 1638 1039 1696 conductum
1072 1641 1131 1697 erit
1161 1647 1216 1700 aut

62 1742 201 1800 locatum
229 1741 301 1815 erit,
330 1746 446 1801 tanturn
469 1743 608 1802 resolvite
632 1749 687 1801 aut
709 1743 879 1803 deducetur
903 1741 1053 1803 Usenerns
1078 1746 1214 1826 coniecit,

61 1845 181 1924 reliqua
206 1856 313 1927 auum,
342 1853 426 1909 tanto
449 1851 548 1908 rninus
572 1850 738 1929 debebitur,
761 1857 910 1928 tamquam
935 1852 965 1910 in
990 1853 1120 1929 margine
1144 1851 1213 1913 oliui

61 1953 217 2032 adscripta
249 1953 342 2014 deleri
374 1953 473 2015 voluit.
524 1953 638 2033 legulos
668 1963 698 2016 et
725 1957 881 2017 strictores
909 1957 1039 2018 olearum
1069 1958 1212 2036 praebere

61 2059 157 2121 debet
184 2060 362 2140 redemptor.
408 2064 459 2141 qui
487 2063 513 2122 si
540 2079 608 2123 euin
631 2080 802 2144 numerum,
830 2064 866 2124 de
891 2083 949 2144 quo
974 2067 1124 2147 convenit,
1153 2085 1212 2126 non

61 2168 249 2250 praebuerit,
266 2177 382 2229 tantum
401 2179 544 2248 quantum
563 2171 594 2229 in
613 2169 811 2231 conductione
831 2170 876 2230 vel
893 2171 1037 2232 locatione
1052 2190 1210 2251 operarum

61 2276 198 2337 solutum
217 2278 275 2337 erit
293 2274 458 2336 deducetur
477 2274 513 2336 de
534 2294 648 2337 summa
667 2279 837 2357 constituta,
858 2285 938 2337 tanto
959 2279 1056 2339 minus
1071 2279 1209 2340 dominus

60 2383 150 2444 fundi
174 2383 356 2462 redemptori
379 2384 479 2462 operis
502 2381 630 2443 debebit.
668 2401 811 2444 numerus
830 2391 928 2444 autem
947 2383 1110 2466 bominum,
1135 2404 1209 2465 quos

59 2491 238 2570 redemptor
264 2489 406 2569 praebere
434 2488 536 2569 debet,
564 2492 731 2551 accuratius
757 2491 898 2551 definitur
920 2502 1036 2572 postea,
1064 2497 1209 2555 adsiduos

60 2601 198 2660 borsines
216 2598 242 2658 L
258 2600 418 2678 praebeto,
441 2600 519 2658 duas
538 2605 646 2675 purtes
667 2601 844 2660 striatarum
862 2601 1018 2680 praebeto,
1041 2599 1069 2659 b.
1090 2618 1114 2660 c.
1134 2600 1208 2661 duas

58 2714 163 2786 partes
192 2705 378 2787 stricturum,
407 2722 495 2764 unam
523 2703 696 2783 tegularum.
748 2707 902 2767 strictores
930 2714 1028 2766 autern
1058 2717 1127 2767 erint
1156 2709 1207 2785 qni

58 2811 156 2873 oleam
191 2829 279 2872 manu
311 2814 462 2891 stringunt
493 2811 539 2872 vel
571 2822 709 2893 carpunt,
741 2812 831 2891 legali
864 2815 916 2891 qui
943 2813 1037 2873 oleam
1065 2814 1205 2874 caducam

59 2919 106 2980 vel
136 2938 212 2999 quiae
240 2918 405 2980 harundine
433 2927 590 2998 quassatur
614 2918 724 2997 legunt.
770 2921 902 2980 strictim
926 2918 1002 3000 olen,
1031 2921 1058 2980 b.
1082 2940 1106 2981 e.
1131 2940 1205 3000 quiae

57 3045 149 3087 manu
175 3027 339 3106 stringitur,
364 3043 421 3085 una
445 3043 512 3085 cum
537 3025 646 3086 caduca
670 3025 733 3086 olea
757 3024 921 3104 appellatur
946 3023 1062 3104 146,1.

151 3133 219 3206 Qui
242 3132 353 3193 oleam
377 3131 509 3210 legerit
532 3134 593 3210 qui
617 3131 820 3212 deportarit
842 3133 876 3190 in
897 3132 1057 3211 singulas
1077 3133 1204 3213 depor-

56 3244 219 3303 tationes
236 3238 360 3300 §suti
383 3238 621 3316 deducentur]
647 3240 878 3315 Deportota'ones
905 3239 1081 3320 apographa,
1107 3261 1203 3321 neque

55 3369 70 3411 a
95 3348 242 3410 Politiano
266 3347 294 3407 id
315 3348 346 3406 in
365 3348 499 3425 principe
520 3346 649 3406 editione
669 3354 814 3406 mutatum
835 3354 893 3406 est:
918 3365 984 3406 nam
1003 3350 1113 3407 erravit
1132 3348 1202 3408 Ges-

54 3475 161 3538 nerus,
183 3457 234 3535 qui
257 3455 336 3516 bunc
360 3452 456 3514 deleta
478 3472 493 3514 s
516 3452 613 3513 littera
637 3455 848 3530 deportatione
869 3455 1024 3533 scripsisse
1044 3455 1201 3516 adnotavit.

53 3571 86 3627 in
105 3566 244 3639 stapulas
262 3565 487 3641 deportationcs
501 3562 639 3622 HS.N.II
652 3560 813 3622 lucundns.
850 3561 887 3621 de
906 3579 1030 3621 numero
1050 3565 1201 3622 sestertio·

54 3690 123 3733 rum
138 3670 290 3730 Gesnerus
309 3667 454 3729 dubitavit
472 3676 503 3728 et
517 3668 545 3728 id
561 3667 640 3747 quod
655 3669 685 3727 in
700 3668 764 3746 lege
779 3667 815 3728 de
830 3667 894 3729 olea
909 3669 1040 3729 iacienda
1056 3672 1200 3748 scriptum

53 3787 101 3841 est
124 3773 199 3857 145,
212 3774 242 3856 2,
266 3780 297 3837 in
320 3779 457 3852 sinpulus
475 3779 657 3852 sumptiones
669 3776 814 3837 SSNXL
834 3778 1032 3852 deducentur,
1051 3776 1109 3837 buc
1130 3796 1200 3856 quo·

54 3904 112 3966 que
141 3883 331 3945 referendum
360 3901 426 3943 esse
455 3885 576 3963 putavit.
622 3889 652 3943 et
680 3901 750 3942 sane
779 3885 919 3942 maiorem
950 3902 1105 3943 ursmarum
1130 3886 1199 3944 otim

52 3995 201 4072 scriptum
225 3990 316 4050 tuisse
340 3987 492 4068 probabile
516 3999 570 4070 est,
594 4008 772 4069 quamquam
791 4007 893 4049 verrini
913 3997 959 4048 est
978 3989 1055 4066 quod
1077 3989 1198 4050 Schnei-

52 4101 145 4161 derus
169 4104 291 4158 auowre
309 4095 489 4157 Rottboeliio
513 4100 636 4170 monuit,
661 4098 754 4156 maius
779 4113 844 4156 esse
868 4093 979 4155 domini
1003 4093 1142 4153 damnum
1163 4114 1197 4154 cx

52 4207 109 4269 olei
138 4206 219 4266 iusto
248 4222 336 4283 qitam
365 4221 400 4263 ex
427 4203 507 4264 furto
535 4203 675 4264 olearum.
721 4210 853 4263 ceterum
882 4201 961 4279 quod
984 4202 1014 4260 in
1039 4199 1198 4280 archetypo

52 4318 200 4395 scriptum
223 4313 444 4393 enisurum,
467 4320 566 4373 notam
591 4310 666 4370 banc
689 4328 755 4370 esse
779 4309 984 4370 sestertiorum
1008 4326 1197 4370 nummorum

49 4421 128 4484 linea
162 4429 332 4484 transversa
363 4421 396 4487 in
428 4418 543 4483 duabus
575 4417 683 4478 littoris
711 4420 735 4478 S
761 4417 958 4495 significatum
990 4424 1044 4477 est.
1095 4415 1197 4478 cariem
