2874 4994
243 351 287 416 60
602 361 791 417 donnana.
811 361 850 415 IN
870 361 1026 419 CATONIS

242 516 322 577 lianc
349 518 538 596 transcripsit
564 515 615 578 lib.
639 516 702 577 XVI
725 536 787 598 cap.
811 515 933 577 XXXIX
966 519 1012 580 De
1034 522 1141 596 sepino
1164 526 1237 579 atra
1260 513 1382 598 legltar’

242 622 399 685 Victorius.
449 622 523 684 Plin.
542 622 606 683 XVI
627 621 690 686 193
723 626 796 686 Cato
823 628 975 686 nominum
1001 644 1133 687 meminus
1159 629 1191 687 in
1218 628 1305 687 omni
1328 644 1381 688 arri

242 733 280 791 de
307 735 443 792 materiis
472 734 549 793 haee
577 734 686 806 adicit,
720 727 847 808 ‘prelum
880 750 919 792 ere
948 736 1075 809 sappino
1102 740 1173 793 atro
1196 734 1381 809 patarinum

237 837 344 914 facita.
394 841 522 899 ulmeam
550 842 673 915 pineam
706 857 848 913 nuceam,
880 841 962 900 hone
989 848 1081 914 atque
1107 842 1200 900 alium
1226 843 1381 901 materiem

239 962 354 1006 amnem
390 962 459 1005 cum
496 945 633 1021 easodies
665 940 813 1028 (ecfodies
845 938 1047 1028 llaybollias),
1083 949 1157 1007 tuna
1189 947 1382 1007 decrescente

240 1055 362 1113 eximito
387 1060 456 1128 post
483 1056 639 1114 meridiem
666 1057 732 1114 sine
759 1060 846 1114 rento
875 1062 988 1114 austro.
1035 1061 1096 1113 tum
1120 1056 1180 1115 erit
1201 1056 1380 1130 tempestiua,

240 1178 308 1220 cunr
331 1177 429 1220 semen
453 1178 540 1219 snum
563 1167 717 1221 maturum
738 1163 805 1240 erit,
829 1168 994 1236 cavetoque
1008 1179 1067 1236 per
1084 1177 1186 1221 rorem
1204 1162 1314 1221 tranas
1332 1168 1381 1221 ant

240 1260 346 1327 doles'.
390 1268 489 1326 minus
510 1273 648 1326 accurate
667 1265 835 1326 Macrobius
855 1265 974 1327 Saturn.
993 1263 1136 1346 v1a16
1156 1264 1277 1327 Catonis
1296 1264 1379 1327 verba

240 1375 403 1453 expressit,
438 1373 477 1432 Et
509 1377 711 1449 tempestivam
742 1377 824 1434 sitris·
852 1381 989 1435 evertere
1012 1377 1118 1450 prinam
1155 1368 1258 1456 (Verg.
1275 1391 1380 1456 georg.

239 1480 251 1539 I
272 1473 365 1561 256):
388 1483 447 1541 troc
466 1482 586 1541 certarem
608 1484 645 1541 de
659 1484 734 1558 pino
754 1484 927 1557 tempestiro
939 1498 965 1540 ‘a
988 1482 1101 1541 Catone
1117 1482 1252 1562 sumpsit,
1270 1484 1327 1556 qui
1341 1484 1381 1541 ait

239 1582 375 1663 ‘pineam
394 1605 501 1648 reiecero
520 1605 588 1648 eum
607 1589 741 1662 effodies,
761 1592 834 1648 trina
854 1591 1049 1649 decrescente
1068 1590 1190 1649 eximito
1206 1594 1277 1664 post
1294 1589 1380 1649 meri·

238 1698 315 1756 diem
342 1698 408 1756 sine
436 1703 521 1755 ream
550 1702 663 1755 aristeo.
709 1702 771 1754 turn
799 1712 871 1755 cera
894 1698 955 1756 erit
977 1697 1163 1772 tempestiuo,
1192 1712 1263 1756 cum
1284 1712 1380 1757 seram

238 1820 324 1863 suum
353 1811 506 1863 maturum
534 1796 618 1862 erit'.
664 1803 778 1882 carpini
807 1803 960 1861 materiem
984 1800 1019 1862 ad
1043 1801 1125 1880 prela
1148 1804 1295 1881 aptiorem
1319 1818 1380 1862 esse

239 1927 328 1988 quam
343 1911 459 1987 sappini
474 1908 676 1969 Sclnieiderns
694 1907 908 1969 animadvertit.
944 1907 1097 1969 manubria
1117 1926 1133 1968 e
1152 1909 1276 1988 carpino
1296 1910 1382 1988 potis·

238 2017 345 2076 simnm
375 2016 439 2076 sieri
468 2016 540 2076 dicit
564 2015 699 2096 Hyginus
727 2014 804 2095 apud
829 2014 958 2076 Plinium
983 2013 1046 2073 XVI
1069 2012 1135 2077 230
1163 2024 1193 2078 et
1222 2014 1381 2079 Columella

237 2119 396 2202 x12‚92.
1161 2184 1163 2188 ,

326 2228 530 2310 spretoque
553 2247 616 2309 per
636 2248 797 2290 errorem
818 2229 944 2290 trahas
963 2240 1024 2290 ant
1042 2228 1144 2290 doles
1163 2247 1255 2308 qnae
1275 2236 1380 2290 mate·

236 2338 309 2397 ries
331 2355 450 2397 semen
470 2355 538 2396 non
558 2336 707 2398 habebit
726 2356 802 2398 cum
822 2335 928 2413 glube
948 2337 1167 2415 tempestiua
1186 2333 1274 2414 erit]
1300 2318 1387 2410 Quae

236 2448 378 2505 materies
410 2443 587 2523 apographa.
639 2448 781 2505 materies
814 2442 976 2504 Politianus
1009 2442 1216 2522 neglegendus
1247 2450 1380 2505 correcta

237 2549 364 2611 lectione
384 2552 529 2629 principis
551 2549 690 2610 editionis
709 2552 816 2610 omisit.
846 2558 1011 2626 cavetoque
1028 2569 1067 2611 ne
1077 2569 1136 2627 per
1153 2568 1258 2612 rorem
1275 2552 1381 2612 trahas

236 2666 291 2717 aut
323 2660 404 2717 dotes
436 2660 600 2718 materiem.
646 2675 726 2732 quae
752 2675 850 2717 semen
880 2666 1032 2717 moturum
1059 2674 1118 2718 non
1145 2659 1282 2730 habebit,
1315 2674 1380 2719 cum

235 2766 339 2839 plutei
366 2765 540 2839 tempestiva
569 2766 628 2822 erit
650 2761 771 2822 lleriila.
818 2771 982 2839 coactoque
1003 2782 1042 2824 ne
1060 2782 1120 2840 per
1142 2781 1245 2824 rorem
1268 2771 1380 2826 tracte

237 2879 292 2931 o'ut
325 2874 406 2931 dotes
440 2868 640 2930 Schneiderns
674 2872 801 2930 coniecit
833 2869 899 2931 coll.
927 2867 1024 2951 37,4
1056 2874 1175 2931 omnino
1206 2878 1315 2933 caueto
1346 2889 1382 2933 ue

235 2995 326 3052 parom
357 2980 513 3038 materiem
546 2978 627 3038 doles
659 2996 718 3037 neu
749 2980 863 3038 caedas
895 2996 953 3038 neu
987 2986 1111 3052 ionpos,
1143 2979 1171 3037 si
1194 2986 1295 3053 potes,
1325 2981 1383 3039 nisi

234 3087 348 3144 siccam
381 3103 440 3145 neri
470 3087 696 3160 peticionum
726 3088 922 3145 rorulentam.
968 3085 1077 3144 omissa
1104 3103 1142 3145 ne
1171 3085 1382 3146 coniunctione

235 3208 346 3251 cocere
374 3190 486 3252 dictam
514 3201 559 3252 est
586 3192 612 3274 1,
631 3188 653 3251 4
676 3199 781 3252 coneto
805 3195 936 3251 alienam
960 3194 1153 3266 disciplinam
1175 3198 1290 3253 temere
1313 3210 1382 3254 eon·

235 3308 364 3379 temnas,
396 3295 448 3379 28,
476 3298 492 3359 1
526 3307 631 3360 caueto
664 3299 793 3372 effodias
821 3306 874 3357 aut
904 3297 1005 3372 seras,
1038 3293 1090 3379 34,
1117 3296 1133 3357 1
1163 3305 1280 3359 terram
1308 3316 1382 3361 cave

235 3408 386 3465 cariosam
411 3412 526 3466 tractes
548 3415 578 3465 et
602 3423 671 3465 cam
695 3406 815 3464 notione
841 3403 965 3464 curandi
989 3400 1031 3464 66
1055 3410 1165 3465 carreat
1185 3423 1278 3480 quam
1295 3408 1380 3467 mimi·

234 3531 314 3573 mum
338 3515 369 3573 in
389 3515 590 3574 torcularium
610 3518 639 3572 et
659 3515 689 3571 in
709 3514 815 3572 cellam
836 3514 1015 3572 introeatur.
1033 3545 1068 3554 -
1085 3513 1222 3586 placebit
1240 3512 1272 3573 in
1292 3530 1382 3573 mann

234 3621 355 3699 scriptis
387 3617 471 3678 libris
505 3617 613 3697 legitur
643 3616 697 3698 17,
724 3617 737 3678 l
774 3637 853 3694 qnae
885 3621 1027 3679 materies
1058 3635 1159 3679 semen
1191 3636 1251 3680 non
1282 3622 1384 3701 habet,

235 3726 478 3807 complacebit,
507 3733 568 3786 turn
597 3728 770 3802 tempestiua
798 3729 874 3796 erit;
903 3724 955 3785 sed
979 3727 1153 3804 imperativo
1178 3725 1266 3786 modo
1290 3721 1384 3810 33,5

232 3834 357 3907 placito.

325 3940 437 3999 XXXII
458 3936 475 3999 1
501 3930 601 4000 Vite's
623 3957 802 4018 propages
827 3939 950 4001 sulcos
974 3958 1094 4000 susum
1119 3958 1265 4001 norsum
1290 3941 1385 4020 quod

234 4049 312 4108 eins
336 4047 455 4107 lacere
479 4048 620 4126 poteris
645 4047 733 4106 uitis
757 4047 868 4106 facito
894 4049 947 4108 uti
971 4045 1093 4123 ducas]
1127 4047 1206 4109 Vites
1226 4062 1385 4124 propapes

234 4164 262 4215 et
284 4157 384 4213 sericos
411 4153 503 4213 codex
527 4152 679 4214 llledicens
704 4172 740 4212 in.
788 4157 861 4214 uites
886 4173 1040 4230 prapopes
1066 4158 1097 4215 in
1120 4158 1232 4229 sulcos,
1261 4172 1386 4216 sursum

234 4276 367 4332 eorsum,
396 4264 499 4333 quood
525 4264 589 4320 eius
614 4259 724 4334 secere
749 4264 879 4339 poteris,
906 4260 1004 4336 facito
1032 4265 1079 4321 uti
1101 4264 1197 4321 ducas
1219 4260 1385 4324 Iucundns.

234 4369 309 4425 uites
333 4381 487 4441 propapes
509 4371 621 4441 sedeas,
650 4365 729 4445 qnod
753 4385 788 4426 ex
812 4367 972 4447 archetypo
997 4366 1145 4428 Victorius
1169 4367 1319 4452 ediderat,
1344 4371 1385 4431 ita

235 4472 367 4533 defendit
390 4472 509 4554 Popma,
535 4482 567 4533 ut
587 4491 740 4551 propapes
764 4492 818 4552 pro
843 4474 1004 4553 propagine
1029 4474 1141 4535 dictum
1164 4484 1254 4557 esset,
1278 4473 1385 4539 ‘facito
