2874 4994
149 285 215 350 116
509 294 699 350 COMMENT.
720 294 758 348 IN
777 292 934 349 CATONIS

233 451 398 510 Lxxxxn
421 450 548 511 Lutum
572 450 613 511 de
638 468 778 511 amurca
803 451 914 511 tacito
938 448 1123 530 palearum
1147 450 1275 531 paulun

145 557 266 618 addito
295 560 406 618 sinito
433 566 681 618 macerescant
708 557 816 637 bene]
845 558 1041 619 Macarescat
1067 566 1138 636 apte
1166 559 1277 619 conicit

146 663 354 745 Schoeneus,
379 684 416 725 ne
439 665 476 725 de
498 663 590 745 paleis
614 664 775 746 diceretur,
798 664 851 725 sed
874 663 911 724 de
935 662 997 724 luto
1016 662 1127 724 additis
1145 662 1236 743 paleis
1250 684 1277 725 ei

144 789 264 832 amurca
296 773 383 833 iacto.
431 772 466 832 de
500 772 602 832 eadem
632 791 664 833 re
693 792 718 833 c.
740 768 802 835 128
831 773 942 850 scripta
970 779 1042 831 suut
1068 769 1159 851 haec,
1185 774 1278 849 paleas

146 882 255 955 indita,
268 883 359 941 sinito
374 882 580 955 quadriduum
592 878 766 954 fracescet:
782 881 836 940 abi
846 878 1012 954 fracuerit,
1026 886 1117 940 rutro
1131 880 1278 941 concidito.

232 987 415 1048 LXXXXIII
445 985 528 1047 Olea
557 989 586 1046 si
614 987 772 1048 fructum
800 1004 870 1047 non
898 980 1278 1081 terminaturos

148 1094 221 1155 Cato
250 1102 280 1155 et
306 1097 527 1155 medicamenta
556 1096 707 1169 quaedam
738 1097 881 1171 conponit
908 1110 1071 1154 mensurae
1099 1110 1220 1169 quoque
1244 1094 1278 1153 di

142 1204 317 1282 stinctione,
354 1193 427 1284 (36)
452 1204 496 1261 ad
521 1204 670 1262 maiarum
699 1203 844 1262 arborum
872 1204 996 1262 radices
1023 1201 1217 1277 amphoram,
1247 1201 1280 1261 ad

143 1311 293 1369 minorum
316 1326 428 1368 urnam
451 1325 599 1368 amurcae
622 1316 650 1368 et
674 1326 774 1383 oquae
793 1311 935 1385 portione
957 1325 1071 1383 aequo,
1103 1308 1278 1383 comoedi

140 1419 230 1491 prius
257 1417 416 1476 radicibus
440 1418 591 1491 paulatim
622 1413 756 1489 adscendi
782 1417 903 1495 iubens,
931 1418 963 1474 iu
993 1418 1059 1475 olea
1083 1415 1144 1475 boc
1167 1417 1277 1493 amplius

142 1526 316 1583 stramentis
345 1530 417 1582 ante
444 1525 679 1598 circumpositis,
707 1525 778 1582 item
797 1525 867 1595 tica.
913 1514 987 1605 (94)
1010 1523 1104 1583 buius
1123 1524 1277 1599 praeapte

145 1647 217 1689 uere
240 1639 355 1690 terram
379 1632 572 1705 odopperari
593 1631 761 1689 radicibus.
790 1632 833 1689 ita
853 1628 995 1704 [uturum
1016 1636 1050 1689 ut
1067 1646 1130 1689 non
1150 1630 1277 1690 decident

141 1740 244 1811 prossi
270 1740 428 1811 maiorque
452 1735 632 1811 secariditas
661 1755 717 1797 ricc
745 1738 859 1797 scabra
884 1739 1054 1813 proueniat.
1102 1729 1177 1818 (95)
1203 1737 1277 1796 simii

143 1846 245 1925 modo,
273 1863 311 1904 ne
339 1847 528 1905 convolvolus
552 1847 610 1916 fiat
639 1847 670 1903 in
694 1848 797 1923 circeo,
824 1862 972 1904 amurcae
995 1846 1121 1918 conoios
1145 1846 1221 1904 duos
1239 1844 1276 1902 dc·

144 1954 235 2025 coqui
265 1954 297 2011 iu
332 1953 566 2012 crassitudinem
598 1954 693 2043 mellis
726 1952 894 2026 rursdsque
922 1969 991 2012 cum
1018 1952 1176 2011 bituminis
1201 1952 1275 2011 terim

139 2066 232 2133 parte
260 2065 289 2118 el
316 2061 451 2135 sulpuris
479 2066 592 2132 quarta
619 2059 674 2118 sub
703 2061 755 2118 diu
786 2063 890 2133 coqui·
900 2052 969 2139 (sub
994 2060 1048 2117 diu
1071 2048 1274 2137 quidudum),

143 2168 286 2240 quereiam
315 2168 501 2225 exardescat
528 2166 583 2224 sub
613 2171 699 2225 tecto.
745 2167 802 2225 boc
830 2167 904 2224 uites
934 2167 1022 2225 circa
1045 2167 1153 2241 capita
1176 2182 1214 2225 oc
1231 2163 1274 2225 rab

143 2272 298 2331 bracchiis
321 2275 426 2347 tanoni.
472 2275 516 2331 ita
539 2289 598 2331 non
619 2269 691 2346 sare
713 2273 925 2331 carseoloolum.

231 2377 366 2438 Deinde
394 2378 434 2438 ad
463 2376 576 2438 oleam
604 2378 886 2439 circutuluudito
916 2378 955 2437 ad
984 2376 1152 2439 arborem
1176 2397 1274 2439 maxu-

142 2504 229 2545 mum
263 2504 385 2545 urnam
418 2488 601 2546 commixti
632 2494 686 2545 sat
714 2493 768 2545 est
796 2484 836 2545 ad
864 2487 1022 2546 minores
1050 2485 1201 2547 arbores
1224 2502 1275 2565 pro

142 2594 283 2651 ratione
312 2591 443 2669 indito]
478 2595 595 2653 Deinde
623 2596 666 2653 ad
693 2597 787 2653 oleam
812 2592 1059 2668 circumfundilo,
1084 2596 1129 2653 ad
1150 2594 1275 2654 arborem

143 2701 306 2758 maximam
339 2701 516 2775 ampliorem
547 2717 639 2759 uriam
667 2702 822 2759 commixti
847 2703 921 2761 sotis
949 2707 993 2760 est
1021 2718 1087 2778 sqq.
1115 2699 1195 2760 edita
1220 2708 1275 2759 aute

145 2802 307 2864 victorium
330 2803 517 2882 exemplaria.
550 2804 703 2883 archetypi
726 2802 883 2865 lectionem
906 2802 1055 2866 Victorius
1078 2808 1218 2868 restituit
1247 2806 1276 2865 de

143 2911 300 2972 arboribus
325 2910 525 2972 stercorandis
549 2931 573 2971 c.
593 2909 636 2971 36
659 2912 769 2989 scripta
789 2921 859 2972 sunt
879 2911 959 2989 lianc,
983 2931 1143 2973 amurcam
1162 2930 1278 2991 sparoas

142 3022 190 3079 uel
222 3022 337 3094 iuriaes
368 3021 411 3079 ad
438 3020 578 3098 arbores,
609 3021 726 3078 circum
757 3022 861 3095 capita
891 3022 1011 3079 maiora
1039 3023 1218 3097 ampliores,
1245 3020 1280 3081 ad

40 3193 43 3197 .
143 3128 262 3185 minora
286 3144 382 3186 irruas
405 3144 473 3186 cum
498 3144 598 3200 aquae
621 3128 745 3186 dimidio
769 3129 888 3187 addito:
914 3128 1098 3203 ablaqueato
1117 3132 1209 3205 prius
1229 3146 1280 3189 nott

142 3234 215 3309 alte,
243 3249 317 3309 quae
341 3229 455 3291 Plinius
479 3230 496 3290 l.
516 3250 541 3292 c.
566 3233 726 3311 expressim
763 3231 899 3291 similiter
928 3232 964 3291 de
993 3230 1066 3293 oleis
1094 3235 1176 3313 apud
1205 3234 1280 3297 totu-

142 3335 258 3396 mellam
291 3335 331 3395 xl
350 3336 383 3417 2,
403 3335 446 3398 29
479 3342 551 3399 oleis
585 3339 795 3399 laborantibus
823 3342 940 3398 circum
968 3342 1094 3401 radices
1121 3359 1280 3421 amurcam,

142 3464 222 3521 quae
245 3449 338 3506 salem
362 3463 422 3505 uon
445 3447 565 3521 babeat,
589 3465 671 3506 iruna
694 3448 850 3506 conueniet
873 3444 1051 3520 infundere:
1074 3434 1218 3511 mi'rximis
1234 3466 1281 3510 sex

143 3545 212 3633 (sex
240 3553 270 3609 in
293 3551 541 3627 sangermanensi
565 3553 667 3612 codice
691 3555 833 3612 omissum
857 3545 917 3635 est)
941 3556 1058 3629 conoii,
1086 3558 1283 3619 mediocribus

142 3659 307 3717 arboribus
330 3676 429 3719 urnac
451 3658 655 3735 satisfaciunt,
679 3664 789 3721 celeris
809 3663 1000 3720 aestimanda
1019 3666 1080 3723 erit
1093 3668 1208 3740 portio.
1235 3664 1284 3724 sed

142 3773 241 3823 lauteri
274 3781 353 3837 pierre
385 3767 463 3825 nibil
493 3769 560 3826 uitii
589 3769 753 3827 lambuerint
785 3770 941 3841 aliquanto
971 3771 1116 3830 laetiores
1143 3774 1233 3847 fient,
1259 3772 1285 3830 si

142 3888 271 3931 atrrurca
299 3874 440 3946 ripentur
468 3876 591 3933 insulsa.
636 3873 706 3933 binc
736 3873 936 3934 Schneiderus
964 3875 1043 3953 apud
1074 3875 1217 3939 Catonem
1243 3894 1284 3937 re·

141 3987 225 4056 cepta
254 3981 528 4057 antiquissimarum
557 3981 721 4042 editionum
749 3981 875 4042 lectione
906 3981 1020 4062 reliqua
1049 3985 1090 4043 ita
1114 3984 1285 4064 corrigenda

141 4103 206 4144 esse
231 4088 367 4166 coniecit,
391 4090 501 4149 deinde
522 4091 564 4148 ad
582 4093 678 4149 oleam
697 4087 944 4169 circtrmfuudito‚
968 4092 1012 4150 od
1029 4092 1175 4153 arborem
1193 4094 1283 4153 maxi·

141 4210 219 4251 mam
248 4195 425 4268 tttnpltot'dm
454 4213 544 4254 unam
573 4199 729 4256 commixti
754 4204 802 4255 sat
832 4206 890 4255 est:
928 4198 972 4256 ad
997 4200 1130 4260 minores
1163 4202 1285 4261 arbores

141 4316 265 4371 urnam,
294 4304 404 4359 ceterr's
428 4321 487 4377 pro
515 4306 635 4363 ratione
664 4305 766 4362 indito.
813 4303 911 4380 aptius
939 4303 974 4362 ad
1005 4316 1168 4385 praecepta
1200 4322 1283 4385 snpra

142 4405 251 4482 scripta
277 4406 306 4463 in
325 4405 409 4466 hunc
431 4409 551 4469 moduni
571 4408 659 4467 verba
679 4408 896 4469 accommodari
913 4418 1062 4494 poterant,
1086 4415 1130 4474 ad
1147 4415 1284 4475 arborem
