2874 4994
243 345 285 408 66
602 349 793 405 ΟΟΜΜΕΝΤ.
812 349 853 403 ΙΝ
872 347 1028 404 CATONIS

243 508 482 586 sissimusque
511 506 582 566 orit
609 504 659 565 ibi
683 507 833 584 primum
858 502 985 581 serito]
1015 502 1065 565 Uti
1086 504 1212 579 quisque
1234 500 1385 564 Gesnerns

241 616 376 675 coniecit.
422 620 456 673 ut
483 620 513 673 et
540 616 584 673 ita
612 629 680 672 cum
711 610 891 690 superlativo
919 609 1012 689 gradu
1038 611 1182 688 scriptum
1207 618 1255 670 est
1276 628 1305 672 c.
1325 608 1383 672 131

241 725 288 782 uti
309 739 448 797 quaeque
464 722 648 794 breuissima
666 726 696 780 et
714 721 915 793 aquosissima
934 724 1032 792 eruut,
1056 721 1099 778 ita
1115 723 1268 794 postremo
1287 726 1383 793 arato,

241 837 271 889 et
300 846 390 903 quam
421 833 451 888 et
479 834 541 887 tam
569 827 701 906 saepius,
729 823 781 908 64,
804 823 825 885 2
852 843 943 900 quam
970 827 1113 885 citissime
1140 827 1298 899 conficies,
1326 831 1383 886 tam

240 938 372 996 maxime
382 936 530 1011 exaudiet,
545 932 584 993 ib.
596 936 692 994 oleum
703 950 793 1008 quam
805 934 973 993 diutissime
984 935 1013 992 ia
1025 949 1155 992 amurca
1165 938 1195 992 et
1204 934 1236 993 ia
1243 931 1383 1007 fracibus

240 1047 308 1117 erit,
323 1051 385 1104 tam
399 1044 595 1102 deterrimum
606 1044 669 1121 liet,
683 1036 757 1120 65,1
772 1057 862 1115 quam
877 1040 1076 1100 acerbissima
1090 1042 1158 1099 olea
1171 1041 1270 1099 oicum
1276 1037 1382 1115 facies,

240 1157 302 1210 tam
329 1154 425 1211 oleum
453 1151 594 1225 optimum
622 1150 693 1222 erit,
731 1142 803 1227 157,
826 1143 846 1207 8
875 1163 965 1221 quam
990 1147 1155 1222 plurimum
1183 1147 1297 1223 ederit,
1325 1153 1381 1206 tom

241 1259 383 1318 citissime
409 1274 502 1316 sanus
526 1259 593 1328 fiet,
621 1255 692 1314 item
721 1252 800 1313 Paul.
824 1271 886 1313 exc.
907 1251 984 1313 ress.
1005 1270 1031 1330 p.
1047 1248 1156 1331 369,9
1187 1252 1262 1314 Cato
1290 1259 1381 1315 aeter·

240 1380 343 1424 uosum
376 1364 577 1439 hydropicum
608 1363 743 1435 iateiieai
768 1363 874 1434 uoluit,
907 1377 976 1419 cum
1003 1362 1047 1419 ait
1064 1354 1269 1421 '‘aeternosus
1295 1376 1381 1435 quam

237 1472 401 1546 plurimum
425 1470 508 1548 bibit,
531 1475 593 1527 tam
617 1470 748 1527 maxime
769 1461 858 1526 sitit’.
900 1465 936 1525 ad
959 1465 1066 1525 horum
1090 1464 1222 1545 exempla
1247 1464 1381 1527 adverbia

239 1577 294 1635 ubi
319 1586 349 1635 et
377 1577 421 1635 ibi
447 1572 581 1653 copulata
611 1582 641 1634 et
664 1591 731 1633 etim
756 1571 942 1653 superlativis
965 1573 1060 1650 posita
1085 1580 1162 1633 sunt.
1208 1574 1265 1633 ubi
1286 1580 1380 1633 autem

136 1710 142 1723 ·
240 1681 376 1742 similiter
404 1680 440 1741 de
468 1683 588 1759 regione
616 1682 679 1759 agri
703 1681 847 1759 scriptum
871 1688 917 1740 est
940 1677 1006 1758 6,1
1032 1681 1087 1740 ubi
1108 1697 1185 1754 aaer
1207 1696 1336 1741 crassus
1357 1685 1382 1739 et

239 1792 336 1849 laetus
360 1792 487 1849 estsine
505 1789 677 1863 arboribus,
701 1805 768 1848 eum
788 1803 897 1862 cartem
918 1785 1156 1860 frumentarium
1175 1804 1242 1847 esse
1259 1794 1382 1863 opmtet.

239 1895 358 1955 Catonis
383 1907 538 1975 praecepta
563 1895 662 1955 minus
681 1900 817 1954 accurate
837 1910 978 1973 expressa
996 1899 1026 1952 et
1045 1909 1113 1952 cum
1132 1890 1198 1952 allis
1216 1895 1382 1972 praeceptis

239 2020 274 2062 ex
299 2021 324 2063 c.
344 2000 364 2063 6
388 1994 489 2081 petitis
513 2003 670 2061 coniuncta
695 1999 776 2061 dedit
798 2000 913 2060 Plinius
932 1997 1024 2059 xvlll
1044 1995 1116 2078 163,
1142 2002 1238 2074 iaitur
1265 2002 1384 2061 Catonis

238 2111 317 2170 baec
344 2111 493 2170 sententia
521 2115 577 2182 est,
607 2111 638 2168 iu
662 2126 739 2183 auro
763 2125 868 2168 crasso
892 2114 921 2167 et
943 2110 1022 2168 laeto
1042 2105 1232 2183 frumentum
1254 2110 1333 2182 seri,
1360 2110 1385 2167 si

238 2233 312 2276 aero
337 2217 496 2277 nebulosus
518 2219 559 2275 sit
582 2217 673 2293 idem,
702 2216 857 2291 rapitaaos
880 2216 993 2274 milium
1014 2217 1167 2291 particum.
1215 2217 1248 2274 iu
1266 2213 1383 2290 sriaido

239 2340 353 2398 aquoso
378 2325 468 2399 priris
490 2324 665 2395 serentium,
690 2328 797 2398 postea
821 2324 852 2380 iu
875 2324 990 2394 calido,
1019 2324 1049 2381 ia
1072 2324 1135 2382 solo
1158 2327 1260 2382 autem
1282 2322 1383 2382 rubri-

239 2447 308 2490 coso
337 2434 385 2490 oei
406 2433 490 2505 rotello
517 2431 566 2489 uel
591 2431 754 2502 barcuoso,
782 2432 811 2488 si
837 2446 897 2489 aaa
922 2432 961 2488 sit
984 2445 1142 2503 botrosum,
1170 2430 1323 2509 lupinum,
1355 2431 1382 2489 ia

238 2543 326 2595 creta
354 2543 383 2595 et
411 2536 539 2594 rubrica
568 2542 597 2594 et
625 2538 787 2608 aquosiore
814 2553 891 2609 aqro
920 2537 1079 2608 adoreum,
1106 2530 1249 2595 iavsrcco
1272 2541 1305 2596 et
1326 2552 1382 2597 moa

238 2643 366 2711 iterboso
389 2659 446 2701 aec
469 2642 609 2701 umbroso
629 2644 774 2721 triticum,
798 2644 828 2701 ia
847 2645 909 2702 soio
928 2643 1029 2702 ualido
1047 2642 1159 2715 fabam,
1183 2644 1297 2702 viciam
1315 2660 1383 2703 uero

238 2765 329 2822 queam
356 2749 477 2809 minime
504 2764 618 2823 aquoso
645 2749 844 2823 berbidoque,
872 2751 1020 2823 siliaiaem
1048 2755 1077 2808 et
1104 2749 1241 2807 triticum
1263 2750 1298 2808 ia
1320 2751 1383 2809 ioco

219 2914 222 2919 ,
241 2863 348 2931 aperto
367 2857 456 2929 edito,
475 2857 529 2928 qui
545 2858 607 2915 soie
620 2872 709 2928 quam
725 2857 891 2915 diutissime
905 2862 1071 2928 torreatur,
1090 2857 1197 2915 lentem
1211 2856 1243 2915 in
1257 2857 1384 2916 rudecto

238 2953 286 3044 (in
298 2960 433 3035 frutecta
448 2954 582 3044 codices)
598 2970 626 3022 et
640 2963 809 3041 rubricoso,
828 2964 883 3037 qui
895 2980 954 3022 aou
968 2965 1008 3021 sit
1021 2962 1176 3035 herbidus,
1190 2963 1340 3023 bordeum
1353 2965 1383 3023 ia

197 3117 202 3125 .
238 3070 341 3128 aoetaii
354 3075 383 3128 et
397 3071 428 3128 ia
444 3086 527 3142 arao,
542 3071 624 3143 quod
636 3071 771 3129 restibile
780 3071 877 3145 possit
888 3071 968 3142 fieri,
983 3071 1144 3144 trimestre,
1158 3069 1213 3128 ubi
1224 3078 1383 3131 sementem

238 3182 390 3235 mattarum
410 3174 520 3249 secere
543 3194 601 3235 uon
623 3179 719 3251 possit
741 3181 771 3235 et
793 3178 882 3235 cicius
905 3177 1078 3235 crassitudo
1100 3178 1141 3235 sit
1162 3177 1319 3237 restibilis.

327 3277 348 3341 2
370 3280 479 3342 Terra
503 3281 599 3360 pulla
623 3283 796 3342 materina
820 3281 970 3342 rudecta
994 3281 1168 3342 harenosa
1190 3283 1382 3362 itemquae

237 3405 369 3467 aquosa
398 3406 465 3449 non
493 3390 564 3448 erit
590 3387 640 3448 ibi
666 3387 826 3466 lupinum
852 3386 980 3448 bonum
1005 3385 1083 3464 liet]
1108 3391 1250 3450 Atteriaa
1272 3392 1384 3451 rudeto

237 3494 314 3554 edita
342 3506 410 3556 ante
437 3494 598 3555 Victoriam
622 3493 807 3572 exemplaria.
855 3498 1007 3556 materiaa
1034 3497 1164 3556 rudecto
1187 3493 1304 3556 Plinius
1322 3493 1341 3557 l.
1358 3515 1383 3555 c.

237 3603 350 3682 omisit;
378 3605 407 3663 in
432 3604 468 3661 iis
495 3619 569 3681 quae
594 3597 682 3676 35,1
711 3601 748 3661 de
772 3600 850 3662 lente
875 3601 999 3663 serenda
1024 3603 1134 3680 scripta
1158 3609 1228 3663 sunt
1247 3601 1386 3678 frutecta

237 3726 292 3787 pro
316 3711 444 3770 rudecto
468 3711 567 3768 estin
591 3708 743 3770 codicillus
763 3707 858 3769 Plinii.
898 3711 1071 3770 malerinum
1096 3717 1206 3769 terram
1223 3707 1385 3771 Turnebus

237 3813 350 3874 advers.
375 3812 426 3894 21,
445 3810 489 3875 25
516 3815 731 3894 interpretatur
755 3812 874 3877 ‘duram
902 3816 1025 3876 solidam
1053 3825 1083 3876 et
1110 3832 1203 3894 prope
1231 3810 1386 3896 ligneam',

236 3922 350 3981 rectius
365 3920 516 3981 Gesnerus
536 3923 566 3981 iu
586 3922 683 3983 indice
703 3918 880 4001 ‘synonyma
901 3922 1038 3984 videntur
1058 3923 1200 3983 maturina
1220 3930 1251 3983 et
1269 3922 1386 4003 rusleta,

236 4027 287 4089 nbi
306 4028 362 4089 luit
381 4030 520 4089 materies
539 4036 569 4088 et
588 4029 682 4090 rudus
701 4023 928 4090 aedificiorum’.
957 4032 1123 4090 tenerrima
1139 4027 1182 4090 vel
1196 4034 1387 4091 macerrima

235 4154 290 4214 pro
323 4140 474 4198 materiam
507 4135 697 4197 scribendum
731 4138 858 4197 coniecit
887 4136 1095 4197 Seluteiderus.
1146 4136 1269 4198 rudente
1304 4144 1386 4198 terra

236 4241 401 4320 appellatur
420 4240 471 4322 35,
489 4241 505 4302 1
528 4247 557 4303 iu
579 4246 707 4304 rudecto
726 4252 755 4303 et
773 4246 933 4304 rubricoso
953 4248 1017 4304 ioco
1035 4254 1066 4303 et
1083 4241 1143 4305 131
1160 4262 1240 4318 attae
1253 4246 1388 4306 rudecto

235 4350 448 4422 itareaosuque
471 4360 569 4411 eruut.

324 4455 361 4514 ln
390 4463 488 4515 creta
517 4465 551 4516 et
580 4456 715 4534 uligine
745 4467 779 4516 ot
807 4456 952 4517 rubrica
979 4466 1013 4517 et
1036 4476 1120 4535 ager
1143 4458 1203 4537 qul
1225 4475 1388 4537 aquosus
