2874 4994
372 115 502 170 suoru
520 115 759 172 nvsrrcsuvu
778 117 847 174 nm.
865 116 891 171 11
910 115 929 174 s
1142 102 1145 109 ’
1166 107 1230 173 175

175 264 196 330 8
228 267 252 328 Α
282 268 376 332 collo
410 288 566 351 corpore
598 269 722 351 apoleo
755 270 909 333 demissa
941 268 1029 331 bene
1063 269 1233 348 costatos]

93 373 227 439 amasa
246 375 315 438 libri
335 395 423 440 mauu
442 380 556 459 scripti,
575 381 703 440 demisso
721 379 752 438 in
770 380 905 457 principe
925 376 1054 439 editione
1071 376 1235 439 Politiauus

84 464 145 547 'non
167 485 306 546 correxit.
337 463 372 546 'a
401 489 477 547 collo
501 487 681 562 palearibus
705 487 853 561 demissis,
877 502 1007 562 corpore
1035 489 1134 563 amplo
1158 487 1234 546 bene

97 597 204 653 cunata
225 589 378 654 lucundus
410 610 446 654 ex
475 591 636 654 Columella
662 591 681 654 l.
700 611 739 673 c,
772 590 824 654 ubi
852 589 1000 653 Victorius
1033 599 1163 653 costatus
1195 609 1230 651 ex

96 695 188 758 codice
211 696 302 761 dedit
347 701 489 773 musa,
513 697 592 778 quod
617 706 681 759 erat
708 699 739 759 in
763 697 937 778 archetypo,
961 700 1093 779 restitui3
1118 697 1232 778 reliqua

13 842 17 847 -
58 846 63 851 -
99 805 136 864 lta
153 803 311 885 emendavi,
334 824 354 866 a
377 809 453 868 collo
472 809 566 883 palea
590 808 727 879 demissa
751 823 882 882 corpore
905 807 980 868 berte
1002 813 1125 868 costato.
1166 824 1233 865 nam

97 913 187 990 polea,
207 928 262 992 pro
286 929 345 991 quo
365 914 510 990 palearia
533 911 608 973 dixit
631 910 800 992 Columella,
823 911 860 972 de
884 912 974 973 simili
997 931 1031 973 re
1055 912 1234 975 dictumest

101 1017 219 1096 ingallis
233 1015 316 1079 Varr.
330 1017 369 1079 lll
383 1014 415 1098 9,
429 1015 451 1080 5
465 1022 559 1095 palea
578 1021 677 1081 rubra
694 1021 901 1081 subalbicanti
919 1025 949 1080 et
967 1018 1080 1081 Colum.
1091 1018 1155 1078 Vlll
1170 1016 1232 1100 2,9

98 1126 194 1201 paleae
211 1142 252 1186 ex
269 1128 362 1187 rutilo
381 1127 558 1207 albicantes,
574 1143 654 1202 auae
671 1129 752 1188 uelut
770 1129 902 1187 incanae
920 1127 1037 1187 barbae
1055 1128 1231 1203 dependent,

100 1228 191 1294 ubiln
214 1231 464 1312 Sangermanensi
487 1233 589 1294 codice
610 1237 720 1310 paleae
743 1234 889 1313 scriptum
913 1241 967 1294 est

177 1339 390 1401 luleriorem
428 1349 565 1419 partem
598 1337 854 1419 frequentibus
885 1339 972 1420 pilis
1008 1337 1233 1419 subcrispis]

66 1454 70 1461 '
98 1445 283 1526 Μωὶφαηι
320 1466 356 1508 ex
392 1446 497 1508 Aldina
533 1446 662 1508 editione
705 1454 858 1526 receptum
897 1454 956 1507 est:
998 1445 1025 1507 ss
1052 1443 1125 1529 7,5
1162 1449 1234 1507 iuba

67 1568 71 1577 ·
100 1554 202 1615 crebro
217 1554 311 1632 fusca
333 1556 496 1632 ucberispa
515 1555 713 1617 enitentibus
733 1556 826 1616 saetis
850 1561 880 1616 et
902 1551 1009 1615 deinde
1032 1556 1111 1615 coda
1134 1557 1235 1631 ampla

19 1716 26 1735 -.
66 1658 70 1665 '
98 1660 258 1739 arbuapa.

176 1766 296 1848 Neque
327 1767 623 1849 ingredientibus
651 1771 711 1848 qui
742 1767 1004 1848 displudantur
1037 1784 1101 1827 nec
1129 1769 1234 1828 cuius

97 1872 242 1950 ungulae
266 1873 452 1954 diuarent]
475 1875 501 1935 ll
516 1872 582 1955 9,4
605 1878 659 1951 qui
676 1878 864 1951 incredienti
885 1879 915 1937 ei
937 1876 1158 1951 displodontur,
1182 1872 1233 1934 ubi
1335 1945 1339 1952 Ι

11 2010 21 2046 ι
93 1973 295 2054 &beamur
308 1983 340 2043 in
359 1981 518 2063 archetypo
538 1984 684 2062 scriptum
703 1991 776 2043 erat.
800 1981 937 2044 similiter
952 1980 1109 2043 Lucretius
1119 1979 1156 2041 lv
1168 1977 1186 2040 i
1191 1977 1234 2040 10

57 2087 338 2157 „explaudentibus
371 2093 436 2150 alis.
482 2088 589 2151 deinde
627 2092 800 2152 divaricent
832 2088 909 2150 edita
942 2088 1010 2149 iude
1044 2107 1060 2149 a
1096 2089 1232 2167 principe

87 2183 214 2257 editione
246 2194 434 2277 exemplaria.
480 2199 592 2258 retinui
623 2195 703 2276 quod
734 2199 765 2257 in
799 2196 959 2276 archetypo
992 2197 1137 2275 scriptum
1169 2205 1234 2257 erat

84 2289 235 2365 duareno
274 2315 320 2365 est
343 2306 422 2364 enim
441 2323 457 2365 a
477 2303 605 2365 rorando
624 2302 738 2365 dictum
758 2307 905 2366 diuarare
924 2311 954 2363 et
972 2304 1133 2379 obdurare,
1153 2301 1231 2382 quod

79 2389 171 2467 Ennii
205 2410 341 2491 exemplo
374 2409 524 2491 adscripto
553 2411 667 2472 Nonius
700 2419 827 2473 testatur
858 2429 886 2491 p.
908 2407 1040 2493 147,17
1075 2411 1233 2473 Obuarare

73 2516 262 2580 mutere
284 2520 466 2596 manare,
490 2521 603 2581 dictum
626 2538 646 2580 a
668 2523 761 2581 auru.

168 2622 322 2687 'lorium
360 2634 481 2686 ataotu
518 2645 586 2687 non
623 2623 806 2706 asperum]
845 2628 967 2687 Corium
1004 2632 1140 2686 attractu
1172 2643 1231 2687 non

75 2731 228 2794 “Perua
251 2731 372 2794 llerula.
410 2740 527 2795 attactu
551 2732 711 2794 iucundus.
749 2751 804 2813 pro
828 2733 884 2793 boc
908 2741 992 2794 tactu
1016 2734 1134 2812 scripsi,
1153 2731 1232 2810 quod

77 2833 127 2887 ⁸⁸1
152 2839 234 2919 apud
253 2838 445 2902 Columellam
468 2840 486 2900 Ι.
505 2858 530 2901 c.
554 2846 638 2902 tactu
662 2844 801 2918 corporis
823 2842 994 2901 mollissimo
1017 2848 1048 2898 ct
1071 2840 1101 2898 in
1124 2855 1231 2916 geopo-

47 2982 51 2989 -
82 2929 164 3001 nisis
188 2938 319 3028 βύρσαν
342 2937 460 3028 ednod

175 3051 302 3116 Colore
331 3055 558 3134 potissimum
586 3055 690 3134 nigro
718 3050 848 3113 deinde
876 3050 985 3113 robeo
1013 3052 1127 3113 tertio
1155 3050 1230 3111 tbe-

87 3139 160 3234 l¹¹0]
178 3161 268 3237 Desit,
292 3160 321 3222 b.
341 3178 366 3223 e.
390 3163 508 3243 deinde,
526 3163 557 3221 in
580 3160 739 3240 archetypo
758 3159 851 3220 luisse
871 3158 997 3220 ridetur.
1034 3175 1102 3219 uam
1122 3160 1232 3219 deinde

94 3253 178 3326 ilitio
199 3268 342 3348 princeps
364 3285 382 3328 a
404 3267 548 3328 Politiano
571 3283 631 3327 non
655 3276 789 3328 correcta
813 3276 844 3327 et
866 3265 959 3327 codex
983 3265 1137 3348 Caesones,
1160 3267 1231 3326 dein

8 3456 11 3461 r
99 3355 287 3455 Florentium,
305 3376 376 3436 dun
394 3373 446 3434 sb
471 3385 501 3436 et
523 3374 614 3434 editio
634 3373 764 3435 Victorii.
802 3377 902 3436 tbetuo
925 3373 993 3434 libri
1017 3373 1229 3452 manuscripti

103 3483 129 3537 u
145 3477 318 3561 Politiauus,
346 3483 405 3542 bon
433 3485 543 3562 tbelus,
569 3489 609 3543 ‘ut
631 3479 783 3543 Gesnerns
815 3481 971 3543 adnotavit.
1018 3483 1112 3542 rubeo
1141 3483 1231 3542 tertio
1361 3527 1363 3531 .

99 3585 171 3650 belao
192 3587 313 3650 blerula.
359 3590 455 3650 rubro
483 3588 577 3650 edidit
603 3586 773 3650 Beroaldus.
819 3591 912 3650 robeo
939 3587 1070 3649 defendit
1100 3586 1231 3666 Scaliger

94 3695 217 3777 tdposita
244 3697 440 3775 inscriptione
463 3693 533 3755 ClL
561 3713 586 3756 v.
606 3692 642 3754 Vl
661 3691 742 3778 826,
770 3694 822 3757 ubi
848 3699 941 3757 uitulo
971 3695 1058 3755 robio
1086 3695 1230 3771 scriptum

29 3858 32 3865 .
88 3811 138 3870 est.
183 3801 261 3863 idem
284 3801 459 3864 vocabulum
487 3801 525 3863 de
553 3802 651 3864 colore
679 3801 770 3864 boum
797 3812 917 3881 praeter
941 3799 1135 3863 Columellam
1158 3798 1176 3859 l.
1196 3818 1230 3880 c.,

80 3927 172 3997 quem
204 3906 350 3969 Palladius
376 3905 525 3990 1v11,2
557 3919 678 3970 secutus
711 3918 770 3992 est,
802 3908 911 3989 legitur
943 3907 1024 3970 Paul.
1057 3924 1120 3967 exo.
1150 3905 1228 3968 l'est

72 4013 203 4111 p.264,
224 4013 266 4077 10
294 4016 412 4077 Roburn
443 4017 539 4077 rubro
569 4019 670 4077 colore
703 4023 732 4076 et
763 4019 854 4091 quasi
882 4015 954 4092 raso
983 4018 1168 4095 sianificnri,
1197 4022 1230 4075 ut

68 4137 183 4198 bouem
205 4140 325 4200 auoque
346 4125 456 4185 rustici
477 4125 642 4199 appellant,
666 4120 858 4197 manifestum
881 4128 937 4197 est,
960 4120 1089 4182 lurensi.
1112 4118 1144 4202 8,
1165 4119 1229 4184 155

62 4237 249 4309 robumque
271 4233 439 4312 buencum,
458 4226 530 4290 Gell.
549 4227 586 4288 lV
605 4227 635 4311 6,
654 4227 675 4290 2
697 4232 801 4305 siquid
827 4231 1021 4291 succidaneis
1044 4244 1118 4305 opus
1141 4238 1227 4306 esset,
