2874 4994
237 302 301 368 184
595 309 786 365 commeat.
804 310 844 363 IN
862 308 1020 364 CATONIS

236 466 287 526 scd
312 468 423 526 rectius
447 468 477 525 in
497 474 579 527 texta
599 465 758 526 verborum
778 469 809 526 ia
829 467 907 525 uiam
925 482 994 525 cum
1013 466 1070 525 ibis
1088 464 1125 525 de
1145 465 1184 525 iis
1198 464 1251 543 qui
1265 464 1367 523 itineris

238 573 363 634 faciendi
386 591 474 634 causa
499 576 528 633 in
552 575 629 633 riam
652 572 827 652 procedant.
864 571 1001 633 similiter
1019 590 1044 632 c.
1065 568 1107 633 72
1130 570 1169 631 de
1192 570 1292 633 bubus
1308 572 1368 631 scri·

238 691 320 758 ptum
345 689 390 740 est
410 685 590 757 pruisquam
615 684 644 741 iu
668 685 746 741 aiam
765 698 915 756 qttoqttam
935 698 1015 754 apes,
1036 681 1108 755 pice
1125 681 1247 753 liquida
1265 695 1370 739 cornua

240 792 343 862 infima
375 791 511 863 ernaudo.
562 786 635 848 Plin.
661 784 814 847 xxv191
852 789 1059 861 intertripiaes
1087 792 1182 862 nepai
1206 786 1283 858 fieri
1310 784 1372 845 Cato

236 897 419 955 absinthium
445 897 602 955 Ponticum
625 914 727 956 sectata
750 896 938 955 habentibus.

326 1002 404 1062 OLX
432 1001 554 1081 Incipe
578 1011 724 1063 cantare
748 1005 782 1061 in
807 1000 876 1062 alio
901 1000 929 1062 S.
954 1002 972 1062 l.
997 1009 1132 1062 moetas
1156 1008 1243 1081 apta
1266 998 1375 1059 daries

237 1109 423 1170 ‹lardaries
442 1109 665 1170 asiadarides
684 1128 751 1169 uua
770 1119 872 1189 petes
891 1128 1005 1188 usque
1023 1108 1104 1169 dum
1118 1117 1251 1170 coeant
1265 1116 1376 1167 motas

237 1226 319 1295 apta
339 1216 463 1277 Darios
483 1215 658 1277 llardares
681 1218 874 1278 astalaries
893 1216 1149 1296 Dissunapiter
1173 1213 1376 1294 usquedum
1429 1288 1431 1303 Ι

238 1321 377 1400 coeant]
402 1323 561 1403 trehetypt
585 1326 763 1402 scripturam
787 1333 924 1384 accurate
948 1324 1088 1385 indicavit
1110 1323 1292 1384 Politianus.
1333 1322 1377 1382 sed

238 1431 268 1489 in
292 1432 392 1508 priore
416 1429 550 1509 torritula,
574 1430 626 1490 ubi
650 1449 712 1491 tuna
731 1440 816 1507 petes
840 1434 985 1509 scriptum
1009 1448 1074 1491 esse
1099 1428 1269 1508 videbatur,
1292 1428 1379 1489 littera

238 1545 249 1595 t
278 1554 335 1596 non
365 1555 488 1615 prorsas
517 1545 599 1597 certo
628 1540 657 1597 in
689 1540 837 1617 excerptis
866 1536 1003 1598 Politiaai
1030 1536 1201 1618 apparebat.
1255 1535 1331 1597 banc
1355 1538 1381 1595 in

238 1642 340 1703 codice
359 1646 592 1722 superscriptam
612 1646 703 1704 luisse
719 1643 868 1705 Victorius
887 1645 1036 1725 indicavit,
1056 1647 1108 1723 qui
1125 1652 1252 1724 praeter
1267 1662 1383 1724 eaquae

238 1751 269 1809 in
299 1749 487 1810 adnotatione
515 1754 601 1829 posui
632 1751 705 1812 nibil
733 1751 769 1812 tle
798 1755 946 1830 scriptura
974 1751 1085 1812 codicis
1114 1750 1280 1812 adnotavit.
1328 1770 1384 1811 urta

236 1860 330 1933 pedes
353 1856 446 1917 codex
471 1857 623 1918 Parisinus
647 1861 678 1940 Λ,
702 1859 754 1919 sed
778 1877 840 1920 una
860 1866 945 1936 petes
968 1858 1135 1938 apographa
1159 1856 1317 1919 italorum.
1359 1860 1386 1917 in

241 1942 332 2023 altera
353 1963 477 2024 lorinula
494 1967 605 2027 Darius
621 1968 780 2027 [tardares
799 1965 910 2026 babent
928 1975 1067 2044 excerpta
1088 1963 1230 2025 Politiani
1250 1975 1282 2025 et
1301 1964 1386 2025 codex

242 2072 396 2152 Caeseaas,
421 2075 524 2132 daries
543 2075 717 2146 dardanios,
736 2074 814 2133 sicat
833 2090 923 2150 supra
943 2074 1087 2150 scriptum
1107 2078 1173 2131 erat
1191 2073 1224 2131 in
1245 2070 1389 2143 omuibus,

241 2177 359 2239 codices
383 2181 404 2236 Α
429 2186 459 2239 et
483 2177 510 2240 b.
557 2181 586 2238 in
615 2179 731 2239 duobus
759 2179 912 2239 codicibus
936 2198 965 2239 m
993 2189 1022 2238 et
1046 2180 1060 2238 l
1084 2177 1177 2238 altera
1200 2196 1278 2257 pars
1301 2188 1390 2239 maes

243 2294 335 2346 uaeta
356 2318 394 2328 —
416 2289 488 2346 dum
507 2296 615 2347 coeant
633 2288 741 2347 omissa
761 2296 814 2347 est.
856 2287 911 2369 bos
931 2294 1051 2346 secutas
1071 2282 1186 2345 Merula
1205 2286 1242 2345 in
1260 2285 1392 2363 principe

241 2393 379 2473 editione,
403 2395 489 2454 euius
514 2393 670 2454 lectionem
695 2396 724 2453 in
749 2394 937 2454 adnotatione
961 2392 1094 2472 adposui,
1118 2408 1209 2451 unam
1236 2391 1392 2451 formulam

241 2517 295 2577 pro
310 2498 426 2559 duabus
440 2502 549 2578 posuit,
564 2503 634 2560 item
648 2498 807 2560 luctrndus.
836 2500 1035 2576 antiquiorum
1051 2497 1219 2558 editionum
1236 2497 1394 2560 lectionem

241 2603 389 2664 Victorius
414 2615 531 2682 praeter
555 2625 661 2683 pauca,
685 2624 760 2685 quae
785 2624 820 2665 ex
844 2605 945 2665 codice
967 2612 1147 2682 correxerat,
1172 2608 1331 2687 repetivit,
1353 2609 1394 2667 ia·

243 2715 310 2787 cipe
333 2719 462 2772 eantare
486 2716 517 2772 iu
541 2717 610 2773 atio.
647 2715 677 2773 S.
697 2715 730 2774 F.
754 2721 849 2773 motus
872 2720 964 2773 uaeta
989 2715 1093 2772 daries
1116 2714 1296 2774 dardaries
1319 2720 1394 2774 asta·

243 2822 337 2879 taries
366 2821 572 2897 dissunupiter
599 2839 694 2895 ttsqtte
722 2825 792 2881 dum
821 2829 944 2890 coeant;
973 2817 1086 2899 reliqna
1110 2821 1225 2882 ambit.
1278 2818 1398 2881 Victorii

242 2925 401 2985 editionem
431 2925 538 2985 deinde
567 2926 673 3005 reliqui
702 2928 831 2987 editores
859 2936 1080 3006 expresserunt.
1107 2922 1202 2987 'mihi
1235 2929 1313 2989 satis
1339 2935 1399 2989 erat

242 3030 414 3112 coriuptam
433 3033 586 3113 archetypi
605 3036 794 3112 scripturam,
817 3036 848 3094 in
868 3053 924 3113 qua
944 3033 1048 3094 eadem
1067 3033 1194 3093 formula
1217 3033 1270 3095 bis
1289 3037 1401 3115 scripu

243 3150 319 3218 erat,
348 3140 497 3200 exhibere.
543 3159 609 3201 nam
639 3159 735 3218 neque
760 3140 831 3200 Cato
855 3139 943 3200 verba
968 3141 1199 3221 excantationis,
1232 3159 1316 3221 quae
1338 3144 1400 3222 ipse

243 3264 301 3306 nou
322 3247 475 3325 intellexit,
499 3248 542 3306 sic
563 3255 595 3307 ut
614 3246 650 3307 ab
670 3249 824 3307 inventore
843 3248 971 3325 primum
991 3256 1134 3326 concepta
1155 3258 1259 3330 erant,
1284 3248 1401 3310 dedisse

246 3351 371 3432 videtur,
396 3371 493 3430 neque
517 3352 632 3413 librarii
655 3372 688 3412 ea
708 3371 783 3431 quae
802 3352 838 3413 ab
858 3352 907 3413 illo
927 3355 1037 3432 scripta
1057 3357 1242 3417 invenerant
1262 3366 1401 3419 accurate

244 3460 456 3537 repetiverunt.
486 3459 664 3520 lectionibus
683 3479 718 3519 ex
734 3460 863 3521 editione
879 3458 1001 3521 Victorii
1015 3461 1141 3540 vulgatis
1156 3480 1238 3525 usus
1252 3463 1402 3545 Rerglxius

242 3569 344 3645 script.
363 3567 469 3627 minor.
492 3585 518 3625 v.
537 3566 549 3625 l
568 3586 596 3645 p.
615 3564 680 3628 556
691 3585 754 3646 sqq.
778 3575 808 3627 et
831 3567 907 3627 banc
930 3576 960 3628 et
978 3567 1101 3630 alteram
1121 3570 1299 3654 formulam,
1323 3591 1398 3653 quae

243 3675 273 3732 in
297 3674 356 3731 irae
380 3674 485 3750 capitis
510 3675 572 3751 ipsa
597 3692 714 3753 quoque
738 3674 784 3733 bis
808 3677 918 3753 scripta
942 3684 1001 3756 est,
1026 3676 1062 3736 ad
1086 3678 1222 3756 priscam
1249 3683 1398 3743 sermonis

179 3828 184 3835 .
244 3779 368 3837 lormam
393 3797 530 3840 reuocare
554 3790 584 3841 et
607 3780 765 3841 emendare
787 3790 910 3841 conatus
929 3790 983 3842 est
1020 3782 1152 3843 breviter
1172 3782 1296 3848 Plinius
1313 3806 1395 3866 prae·

243 3893 327 3962 cepta
351 3883 470 3945 Catonis
499 3905 556 3946 una
585 3907 652 3948 cunr
680 3887 744 3957 aliis
773 3886 904 3948 eiusdem
931 3891 1049 3965 generis
1073 3890 1266 3953 carminibus
1291 3896 1396 3975 tetigit,

244 3990 319 4051 llVll
337 3989 401 4054 267
431 3997 510 4054 mira
539 3998 688 4069 qttaedunt
717 3999 911 4070 caecutiente
937 3999 1073 4056 sollertia
1101 3998 1258 4081 bttmana,
1286 4004 1394 4079 quiptpc

244 4117 311 4159 eura
334 4105 435 4161 auerti
454 4103 623 4175 prandines
647 4104 784 4161 carmine
805 4104 934 4162 credant
950 4106 1099 4178 plerique,
1123 4106 1216 4165 cuius
1236 4109 1334 4169 uerba
1351 4112 1391 4168 in·

242 4223 347 4265 serere
374 4224 434 4266 aon
462 4211 597 4282 equidem
625 4211 706 4268 serio
732 4211 841 4283 ausim,
869 4226 1052 4283 quamquam
1076 4228 1096 4270 a
1123 4212 1244 4274 Catone
1262 4216 1390 4291 prodttr‘s
1427 4226 1431 4241 ·

244 4306 387 4387 (prodita
415 4306 559 4394 editores)
584 4322 693 4375 contra
717 4318 824 4375 lunata
847 4317 982 4376 membra
1006 4319 1164 4392 irrependo
1187 4312 1343 4403 (mera
1362 4327 1389 4382 et

246 4419 400 4492 iuapeada
429 4419 471 4479 rel
500 4424 673 4496 tttrrpeudae
696 4422 826 4504 codices,
854 4425 988 4485 membra
1013 4428 1159 4500 iuapeate
1180 4444 1221 4488 ea
1245 4420 1387 4511 Silligias)
