2874 4994
242 340 304 403 124
580 346 770 403 ΟΟΜΜΕΝΤ.
791 347 830 401 ΙΝ
850 346 1038 402 VARRONIS
1076 346 1079 352 ’

239 506 351 564 orcitcs
371 505 483 583 posiae,
507 521 562 564 ecc
585 505 694 579 optimc
712 505 888 565 conduntur
906 505 955 564 uel
975 504 1089 564 virides·
1113 504 1145 562 in
1168 504 1266 561 marin
1280 504 1348 561 cetu
1421 504 1432 537 ·'

238 612 362 670 lentisco
390 618 546 684 contusae,
575 614 622 670 cel
651 613 775 684 cretton,
800 611 853 670 oct
879 613 991 685 πέρναι)
1013 617 1106 670 eruat
1131 618 1164 670 et
1184 610 1292 682 siccae,
1308 612 1349 671 ote

238 714 391 790 cotafriuto
415 718 479 777 dies
504 717 534 794 V,
554 725 661 794 posteo
689 721 782 778 solem
806 719 955 798 excutito,
978 719 1010 778 in
1038 719 1101 778 sole
1123 719 1229 793 ponito
1250 716 1349 777 aidau
1428 704 1432 721 '

238 822 315 901 apud
334 821 495 883 Varronem
520 833 618 885 autem
638 827 675 886 dc
698 827 832 886 eliciente
855 825 885 885 in
910 823 997 884 editis
1017 830 1086 884 ante
1105 820 1267 884 victorium
1281 840 1348 883 eren·
1426 810 1432 823 '

237 928 369 1008 plaribus
402 933 544 992 omissum
573 940 645 992 erat.
693 949 788 1010 neque
823 932 881 991 rim
908 931 1140 1012 praepositionis
1167 938 1353 1010 perspexerunt-

237 1036 383 1120 editores,
416 1041 467 1117 qui
499 1039 555 1099 hoc
589 1037 666 1100 tituli
700 1037 764 1099 loco
793 1040 1010 1119 praescriptum
1040 1055 1108 1099 esse
1135 1034 1294 1129 putabant,
1315 1036 1350 1097 nl

236 1162 345 1222 genera
370 1144 539 1206 indicantur
567 1145 712 1227 olearum,
737 1164 811 1224 quae
835 1145 872 1207 de
902 1144 1048 1226 olivitate,
1071 1143 1129 1206 hoc
1154 1151 1202 1205 est
1223 1160 1258 1205 ex
1279 1143 1350 1205 inat

236 1250 292 1311 bus
317 1250 407 1333 oleae,
428 1261 460 1312 ut
479 1262 524 1312 est
543 1252 620 1331 apud
640 1251 777 1335 Nonium,
796 1252 832 1313 ad
851 1252 1000 1313 edendum
1019 1251 1202 1313 conduntur.
1236 1248 1285 1311 sed
1299 1268 1350 1330 quse

236 1358 272 1419 de
306 1361 472 1438 praeceptis
506 1358 624 1420 Catonis
659 1359 844 1441 reseruntur,
878 1361 908 1419 in
942 1357 1096 1419 codicibus
1130 1365 1269 1438 corrupta
1296 1366 1355 1418 sunt.

236 1485 333 1545 ireque
358 1469 436 1526 enirn
458 1465 537 1526 oleas
556 1468 665 1528 oroites
685 1476 715 1526 et
733 1483 841 1545 poscas
860 1464 956 1526 aridas
976 1464 1021 1525 rel
1041 1464 1153 1525 virides
1173 1463 1259 1525 condi
1275 1462 1359 1525 scibit

166 1613 170 1620 -
237 1573 318 1656 Cato,
337 1573 389 1634 sed
410 1573 517 1633 rirides
536 1575 566 1633 in
586 1574 681 1634 muria
701 1571 745 1632 rel
765 1575 883 1652 orcites,
904 1571 954 1633 ul›i
974 1574 1074 1651 nigrae
1095 1581 1125 1632 et
1145 1573 1241 1632 siccae
1260 1571 1362 1651 luerint,

135 1756 139 1765 Ι
239 1678 298 1740 sale
323 1681 490 1741 contristas.
529 1683 620 1760 quaro
644 1683 760 1760 aridus,
780 1679 858 1759 quod
882 1682 912 1739 in
937 1678 1064 1739 alionum
1085 1678 1185 1739 locum
1209 1677 1367 1740 translatum

235 1797 311 1867 erat,
339 1789 369 1848 in
403 1806 490 1848 suum
519 1787 617 1847 locum
646 1788 777 1868 restitui,
805 1790 917 1849 orcites
947 1794 976 1848 et
1000 1804 1114 1864 poscas·
1142 1790 1192 1847 ccl
1216 1788 1369 1847 uiridesin

234 1897 335 1955 metria
359 1899 406 1955 uel
435 1898 465 1955 in
494 1897 618 1956 lentisco
646 1903 802 1954 coamens:
835 1897 947 1955 orcites
976 1896 1083 1969 niceas
1112 1895 1234 1974 aridas,
1258 1895 1312 1953 sota
1331 1896 1378 1951 sa·

234 2004 295 2062 sint
318 2001 491 2077 corase-ictae
515 2021 579 2081 sqq.
604 2000 778 2076 confrintes
801 1999 992 2062 scribendum
1016 2017 1083 2060 esse
1107 2001 1223 2060 monuit
1240 1999 1382 2060 Ursinus:

242 2105 298 2190 to,
316 2106 333 2170 7
351 2108 475 2184 scietur,
500 2105 579 2191 157,
599 2109 612 2170 l
635 2109 762 2185 adsriot,
786 2105 928 2188 1116,3t
949 2106 1150 2182 infriandcm,
1169 2106 1220 2167 sed
1240 2100 1385 2187 1119,oe

235 2214 411 2293 perfricaret
434 2225 464 2277 et
487 2214 658 2298 1111q3t
680 2216 895 2294 perfricanda.

321 2321 480 2384 Condico
505 2333 605 2385 recte
634 2341 810 2385 amurcam
835 2322 913 2402 sqq]
938 2321 1031 2382 Pravo
1056 2320 1144 2381 modo
1168 2320 1240 2383 haec
1261 2319 1292 2381 ab
1310 2318 1390 2380 edi-
1430 2326 1432 2339 '

237 2430 352 2491 toribus
375 2430 516 2491 distincta
545 2439 641 2512 erant,
665 2433 806 2491 condire:
839 2438 924 2492 recte
952 2447 1110 2491 amurcam
1134 2447 1199 2508 sqq.
1228 2430 1309 2490 condi
1327 2436 1393 2485 e!

234 2541 405 2599 coniectura
430 2537 529 2598 Ursini
549 2535 750 2598 Sclmeiderus
774 2535 875 2597 edidit.
912 2535 1043 2597 restabat
1067 2546 1100 2597 ut
1124 2537 1289 2597 coniunctio
1308 2544 1397 2593 rer·

237 2643 343 2704 borum
368 2646 577 2725 corrigeretur,
601 2647 694 2705 condi
715 2652 813 2705 recte:
836 2661 996 2705 amurcam
1020 2661 1084 2723 sqq.

323 2757 384 2810 th
418 2749 502 2810 Eius
527 2750 690 2810 conditio
715 2769 793 2811 cum
816 2768 989 2830 expressa
1013 2749 1163 2811 effluxit
1191 2749 1280 2830 quod
1304 2758 1409 2809 stet·

235 2860 296 2919 tim
329 2858 370 2918 de
403 2876 440 2918 ea
478 2856 731 2936 decoquuntur
768 2857 856 2919 duae
894 2868 1015 2937 partes
1052 2866 1088 2918 et
1124 2855 1416 2938 refrigeratur)l

233 2963 406 3025 conditur
439 2966 473 3025 in
507 2963 604 3042 [rasa]
634 2965 709 3026 Eius
737 2968 883 3040 conditio,
914 2983 983 3025 cum
1015 2983 1164 3042 expressa
1191 2968 1271 3046 olco,
1296 2981 1349 3040 quo
1378 2943 1421 3005 ⁴¹

234 3074 334 3132 statim
358 3071 516 3147 effluxerit
535 3075 573 3133 de
596 3090 642 3147 ea,
661 3075 872 3148 decoquuntur
895 3070 976 3134 desae
995 3080 1104 3150 portes
1123 3070 1282 3153 iucundos,
1298 3088 1347 3151 quo
1369 3045 1427 3109 Α

236 3177 439 3239 Sclmeiderus
477 3181 604 3259 recepit,
635 3186 790 3258 postquam
830 3180 976 3257 scriptura
1014 3178 1168 3258 archetypi
1203 3198 1221 3238 a
1252 3178 1349 3239 Victori
1403 3169 1432 3210 “⁰

234 3286 371 3346 restituta
404 3293 476 3346 erat.
522 3285 618 3346 deleto
652 3289 746 3362 qaod,
781 3305 839 3365 quo
872 3284 945 3345 ordo
982 3284 1142 3345 verborum
1179 3277 1431 3366 perturbatnfl

237 3394 343 3472 scripsi
367 3397 432 3454 eius
456 3396 603 3454 coercitio:
627 3368 695 3455 edm
719 3411 865 3470 expressa
889 3391 1022 3469 effluxit,
1046 3397 1149 3454 statim
1171 3396 1211 3456 de
1233 3412 1270 3455 eo
1292 3388 1432 3455 dead

234 3507 370 3575 paeteretur
395 3502 475 3559 duce
490 3510 595 3576 portes
614 3518 677 3578 sqq.
720 3517 787 3558 crum
806 3501 936 3577 primum
955 3518 1074 3561 amirrca
1098 3518 1241 3580 expresse
1262 3519 1296 3561 er
1313 3497 1352 3559 ole
1396 3500 1432 3528 ⁴¹

235 3606 357 3686 effluxit,
377 3605 451 3665 (luae
476 3614 575 3684 partes
598 3606 634 3665 de
659 3624 691 3666 ea
715 3605 935 3689 decoquuntur,
954 3605 1060 3667 deinde
1084 3605 1114 3666 id
1139 3606 1220 3687 quod
1244 3603 1432 3667 relictura

234 3722 280 3771 est
301 3712 493 3790 refrigeratur
514 3714 591 3773 etin
612 3730 677 3772 vasa
693 3713 840 3774 conditur.
871 3722 983 3774 temere
999 3711 1203 3774 Schneiderus
1222 3712 1291 3775 haec
1307 3711 1431 3773 strix:³

236 3820 273 3880 iis
293 3837 367 3898 quae
384 3818 419 3878 (le
439 3836 559 3879 amurca
581 3818 687 3879 {urenda
707 3823 930 3900 praecipiuntur
949 3817 1028 3882 cot
1047 3820 1254 3900 coniungenda
1272 3828 1300 3881 et
1315 3816 1346 3879 du
1411 3817 1432 3858 ⁴³

234 3928 329 4006 capita
354 3944 369 3985 a
393 3925 522 3986 librariis
545 3926 658 3987 divulsa
683 3930 711 3988 in
741 3945 832 3988 unrrm
866 3945 976 4008 corpus
1009 3927 1170 4007 redigenda
1195 3926 1342 3988 existimari
1373 3917 1425 3991 'r

234 4052 291 4095 uon
322 4033 470 4094 intellecto
500 4036 638 4094 nimirum
663 4035 766 4095 ordine
799 4033 1022 4115 disputationis,
1053 4052 1142 4114 quem
1172 4032 1264 4095 Varro
1291 4023 1414 4093 inoffi

236 4149 343 4221 tuerat,
363 4149 395 4199 ut
419 4142 546 4218 primum
570 4139 607 4200 de
631 4141 801 4222 condendis,
820 4141 927 4203 deinde
950 4141 986 4202 de
1011 4141 1184 4220 promendis
1209 4135 1403 4203 struendis

235 4244 381 4306 fructibus
406 4256 551 4324 ageretur.
590 4250 801 4322 decoquuntur·
825 4251 905 4309 duce
923 4255 1031 4324 partes
1055 4248 1127 4328 qnid
1152 4251 1201 4330 sit,
1224 4241 1388 4329 expiranti!

234 4350 433 4411 Schrteiderus
457 4356 634 4432 comparatis
658 4356 736 4414 inter
759 4373 791 4414 se
814 4357 850 4415 iis
874 4372 949 4434 qnae
974 4355 1009 4416 de
1034 4373 1155 4416 amurca
1176 4357 1281 4436 scripte
1297 4352 1368 4411 sunt

234 4458 310 4537 apud
341 4457 528 4550 Columellam
556 4459 606 4519 Vll
625 4456 694 4542 5,9
727 4465 823 4523 eidem
855 4465 988 4525 remedio
1021 4470 1065 4524 est
1096 4480 1228 4531 murm
1257 4454 1359 4527 ΜΨ
