2874 4994
145 312 209 375 110
484 316 676 373 ΟΟΜΜΕΝΤ.
694 316 734 370 IN
753 314 941 371 VARRONIS

140 477 326 548 muminito,
354 473 466 535 Colum.
486 472 525 533 Xl
545 471 581 554 2,
604 468 645 534 15
671 491 730 549 per
757 474 848 534 lrnsce
875 473 940 533 dies
967 471 1043 531 loeis
1068 470 1235 530 neritinus

141 585 251 643 calidis
274 599 313 641 ue
335 582 425 641 siccis
445 589 541 656 pratu
569 583 618 640 uel
638 597 716 639 eruo
736 578 914 655 purquntur
942 585 971 639 et
1000 579 1032 638 in
1051 574 1167 653 suenum
1188 590 1238 635 uu·
1318 585 1322 591 '

142 692 310 761 mittuntur,
334 685 372 746 ib.
392 683 433 747 27
459 705 477 747 a
506 688 742 763 quinquatribus
769 694 864 762 prutu
887 693 971 747 reete
993 687 1208 755 summittuntur,
1223 677 1241 741 u
1320 671 1324 676 ’

145 792 229 870 17,2
252 797 454 869 summittique
473 810 532 870 pro
557 801 670 854 nuturu
695 796 829 854 locorum
848 800 902 854 out
921 796 1087 870 temperius
1104 796 1154 851 nut
1168 792 1243 851 serius.

230 908 251 961 L
274 899 290 961 1
324 899 453 961 Messis
477 902 625 981 proprio
650 902 794 961 nomine
818 899 955 961 dicitnr
978 901 1014 960 in
1031 898 1089 959 his
1109 912 1246 977 quaene·

142 1011 253 1070 timur
277 1010 423 1068 maxime
447 1009 481 1068 in
506 1008 686 1068 frumento
717 1015 751 1067 et
779 1006 819 1067 ab
848 1024 887 1067 eo
911 1024 992 1068 esse
1021 1002 1189 1067 uocabulo
1208 1000 1248 1062 tle·

142 1114 293 1193 clinata]
330 1118 415 1188 (lune
446 1121 599 1176 metuntur
627 1112 753 1193 Merula,
786 1132 865 1189 quue
892 1116 1033 1174 metimur
1062 1130 1098 1173 ex
1120 1108 1252 1190 'mohetypo

144 1224 292 1284 Victorius
311 1223 450 1283 restituit.
488 1230 531 1282 est
549 1240 603 1300 pro
623 1239 688 1283 esse
706 1240 741 1281 ex
765 1216 881 1282 ‘vetere
904 1215 1024 1282 codice'
1048 1219 1179 1281 Ursinus.
1206 1233 1254 1297 pu·

144 1333 237 1411 priam
272 1331 400 1390 nominis
432 1330 675 1407 significationem
710 1346 767 1389 nna
801 1346 869 1388 cum
901 1330 1016 1407 origine
1048 1327 1130 1387 uocis
1159 1321 1259 1385 indiuri

143 1437 290 1498 Victorius
310 1437 468 1497 adnotavit.
504 1454 571 1496 nam
592 1454 606 1495 a
624 1434 773 1496 metiendo
794 1436 898 1496 messis
917 1434 1064 1496 declinntn
1084 1450 1148 1494 esse
1166 1430 1257 1492 dicitnr.

144 1544 213 1606 hnic
240 1553 339 1605 antem
367 1543 554 1624 explicationi
583 1561 649 1603 mox
680 1543 799 1604 additur
827 1542 894 1624 alin,
923 1544 1009 1621 quiesi
1035 1559 1052 1602 a
1084 1539 1177 1601 medio
1200 1537 1264 1598 dictu

143 1658 223 1711 esset
246 1651 361 1731 messis,
384 1650 462 1730 quod
487 1649 543 1710 sibi
567 1649 683 1730 placere
708 1652 748 1710 ait
768 1649 859 1710 Stolo.
906 1648 977 1709 lusit
995 1650 1077 1709 enim
1097 1647 1157 1708 lere
1174 1647 1200 1706 in
1215 1643 1270 1704 ne:

144 1776 254 1837 genere
277 1757 492 1817 derivationum
516 1754 622 1837 Varro,
650 1775 746 1836 neque
778 1756 847 1836 quid
877 1758 940 1836 ipse
970 1754 1142 1835 probaverit
1161 1744 1278 1812 'seium

145 1864 350 1944 imprudenter
373 1862 446 1923 haec
471 1862 671 1924 Schneiderus
694 1865 852 1945 pervertit,
878 1849 945 1924 c'um
975 1870 1097 1941 recepta
1119 1859 1284 1938 antiquissi-

146 1990 259 2033 marum
283 1972 448 2031 editionum
466 1968 594 2030 lectione
618 1978 772 2031 metuntur
790 1979 821 2031 et
839 1971 1012 2031 coniectura
1031 1966 1132 2029 Ursini
1150 1974 1189 2029 est
1203 1965 1288 2025 sui·

145 2078 230 2140 beret
249 2081 351 2139 messis
368 2080 495 2155 proprio
515 2080 633 2139 nomine
647 2080 763 2138 dicitur
782 2081 813 2137 in
829 2080 866 2137 iis
885 2095 964 2151 quae
978 2083 1141 2151 metuntur,
1154 2075 1300 2135 rursm

147 2189 177 2246 in
198 2184 362 2262 frumento,
386 2193 415 2245 et
438 2186 476 2244 ub
500 2202 535 2245 eo
559 2192 603 2245 est
626 2185 772 2245 roemuto
796 2186 958 2244 declinate.

233 2292 401 2353 Coiciunt
414 2294 449 2351 in
464 2289 624 2367 corbem]
645 2293 783 2352 deiciunt
799 2293 830 2350 in
846 2289 1007 2369 archetypo
1026 2291 1169 2368 scriptum
1182 2287 1302 2359 sume,

146 2402 396 2479 nonsummum,
423 2400 602 2478 optimorum
631 2396 867 2477 apographorum
896 2414 1046 2457 consensu
1070 2391 1303 2473 comprobatur,

144 2515 174 2567 et
207 2506 263 2567 hoc
297 2508 394 2586 ipsum
428 2504 556 2565 voluisse
590 2504 707 2565 videtur
734 2503 911 2583 Politianus‚
944 2505 995 2582 qui
1023 2505 1124 2563 miuus
1150 2505 1304 2563 accunt*

144 2613 254 2672 codicis
273 2613 450 2691 scripturam
467 2613 649 2691 significavit.
687 2611 790 2671 codem
811 2610 898 2671 modo
913 2612 944 2670 in
963 2608 1089 2688 reliquis
1103 2609 1174 2669 locis
1188 2607 1306 2684 scrip·

145 2728 207 2779 tum
232 2728 295 2779 erat
318 2720 466 2779 constanti
490 2721 519 2779 iu
544 2717 599 2779 hoc
624 2716 713 2778 verbo
736 2737 806 2801 usu,
835 2714 968 2799 12,16.
992 2713 1051 2798 54,
1065 2712 1095 2777 3.
1118 2711 1173 2794 59,
1184 2710 1209 2775 3.
1230 2697 1309 2770 ΙΙΙ

145 2821 174 2906 5,
189 2823 218 2886 8.
244 2823 294 2905 14,
308 2822 337 2884 4.
365 2822 458 2905 17,7.

233 2928 253 2991 2
285 2930 452 3010 Ligneum
480 2930 614 2992 habeut
648 2934 839 2993 incnrnum
873 2930 1043 2991 bacillum
1073 2931 1108 2991 iu
1141 2945 1202 3009 quo
1227 2918 1316 2984 sii

144 3047 302 3099 extrema
331 3038 470 3099 serrula
503 3037 641 3115 iernen]
675 3040 818 3100 Bntillum
848 3056 889 3116 m,
921 3049 954 3099 ut
983 3037 1115 3117 videtur,
1147 3034 1318 3097 bmddss

146 3146 251 3226 reliqui
266 3164 377 3207 omnes.
411 3154 546 3207 extremo
562 3165 595 3206 ex
612 3148 745 3226 principe
760 3145 889 3206 editione
905 3153 1070 3226 receptum,
1086 3144 1138 3205 sed
1153 3139 1321 3204 tauma*

145 3271 179 3313 ox
205 3252 306 3313 Aldina
330 3253 466 3313 relictum
491 3263 568 3328 eret,
597 3271 773 3332 quamquam
798 3256 939 3315 bacillum
964 3255 994 3313 in
1020 3251 1136 3313 luntinn
1159 3246 1324 3311 enitor-¹⁰

145 3358 284 3436 Angelius
307 3361 486 3421 restituerat.
527 3365 637 3421 uoltum
663 3360 819 3439 legendnm
846 3361 974 3420 coniecit
997 3357 1195 3420 Schneiderus
1214 3334 1324 3415 0⁰1¹

146 3465 217 3525 Plio.
229 3463 319 3524 xvut
329 3463 394 3525 296
412 3468 581 3527 Galliarum
596 3466 768 3542 latifundiis
783 3470 856 3528 ualli
867 3468 1084 3543 prueqrundes
1104 3465 1231 3527 dentibus
1241 3445 1324 3520 ἒ

144 3574 284 3646 rnurqiue
307 3571 423 3647 infestis
452 3576 570 3634 duobus
599 3578 674 3635 rotis
699 3593 758 3650 per
784 3581 914 3649 seqetem
943 3576 1131 3651 inpelluntur
1158 3560 1324 3632 inunt*

146 3682 176 3737 in
210 3682 398 3739 eontrarium
432 3683 547 3741 irtrreto:
578 3685 621 3741 itu
651 3684 795 3757 dereptus
828 3685 858 3741 in
890 3684 1001 3741 nullum
1029 3682 1147 3741 cudunt
1174 3679 1266 3754 spuo-
1317 3675 1324 3716 l

145 3783 222 3843 idem
248 3793 344 3844 tamen
368 3794 449 3845 recte
473 3784 605 3845 defendit
625 3789 776 3847 berillum.
814 3784 995 3846 describitur
1013 3787 1095 3846 enim
1113 3788 1140 3846 is
1157 3763 1324 3846 meiuod

146 3890 263 3970 modus,
293 3909 360 3952 cum
395 3894 494 3972 spicae
518 3890 623 3952 bacillo
647 3893 743 3971 ligneo
774 3895 898 3953 incurvo
932 3891 1217 3971 comprehenduntur
1271 3879 1324 3932 ⁴¹

144 3996 257 4057 serrula
289 3998 398 4080 serron,
432 4017 505 4077 quae
534 4001 565 4058 in
594 4011 726 4060 extremo
754 3998 859 4060 bacillo
890 3999 975 4060 affixa
1009 4006 1071 4080 est,
1103 3998 1319 4060 uescenti-r

145 4102 213 4163 linio
241 4103 335 4163 simile
364 4115 409 4165 est
438 4104 508 4165 illud
536 4124 645 4185 genuS,
674 4104 751 4185 quod
781 4104 944 4167 Columella
968 4101 1113 4181 1120,3
1139 4093 1306 4169 indicw'l‘i

147 4213 245 4269 miultis
268 4214 379 4284 merqis
402 4214 639 4287 respectemus
662 4216 777 4289 spicam
801 4216 897 4288 ipsum
920 4216 1033 4287 lequnt.

234 4314 269 4373 ln
299 4320 414 4394 segeti
443 4316 674 4396 relinquunt]
700 4320 803 4394 Seqeti
824 4317 950 4397 plurima
980 4318 1159 4399 apographa,
1179 4314 1280 4388 suen
1299 4362 1324 4492 Λ

146 4422 175 4480 in
200 4422 332 4501 principe
356 4423 485 4485 editione
509 4423 671 4486 Politiauus
695 4444 753 4487 non
777 4427 916 4487 correxit.

1274 4683 1324 4966 t
