2874 4994
240 192 303 257 102
579 196 771 253 COMMENT.
788 196 829 250 IN
850 194 1036 251 VARRONIS

241 359 270 416 in
300 351 569 434 comparationibus
600 370 659 412 non
687 340 904 431 intellegerent.
941 367 1008 410 narn
1037 348 1096 410 hoo
1123 347 1331 431 diuitiarum
1405 348 1436 422 ἶ

239 460 401 524 crescendo
432 461 548 539 potiora
576 458 708 519 habenda
739 478 804 519 esse
837 477 870 519 ea
904 476 979 537 quae
1008 456 1156 518 umidiore
1188 472 1264 535 qoam
1286 474 1333 537 qnae
1412 440 1424 470 ‘³

241 570 368 630 aridiora
391 576 469 629 sunt.
1407 547 1419 635 'a

328 675 443 747 Quare
479 693 519 734 ex
552 682 649 734 terra
682 675 804 754 potius
837 674 872 732 in
906 671 1116 732 seminariis
1144 668 1339 733 soroalosle
1424 650 1434 683 ³

240 784 350 845 liceto
380 799 484 862 quam
513 799 620 860 grana
650 780 689 840 de
719 780 790 840 lico
818 778 966 859 expedit
994 776 1151 839 obruere
1183 784 1306 858 praeter
1320 780 1344 839 ri
1421 762 1434 787 '⁴

240 889 348 951 aliter
372 887 547 967 nequeas]
576 891 679 961 Quare
702 896 731 949 et
755 895 841 950 terra
865 886 1016 948 Gesnerus
1039 886 1177 947 coniecit
1211 886 1344 947 tomum

242 996 301 1058 culi
325 1016 360 1057 ex
385 1004 464 1057 terra
489 997 524 1056 de
549 996 635 1057 ficeto
654 998 783 1076 prompti
803 997 903 1076 potius
922 993 1069 1056 obruendi
1088 1000 1169 1075 suot,
1187 1009 1270 1072 quam
1285 1010 1347 1073 qnos
1427 974 1437 999 ’

243 1104 279 1165 de
295 1105 358 1164 troo.
393 1112 521 1181 praeter
540 1103 575 1163 de
598 1105 770 1183 exceptione
791 1121 850 1164 non
869 1101 969 1163 addito
984 1102 1153 1162 accersatiro
1168 1118 1238 1161 caso
1254 1102 1347 1161 nonni

245 1213 389 1290 seriptum
414 1210 490 1271 esti
510 1206 566 1292 38,
588 1210 604 1271 1
630 1220 748 1272 stereus
771 1213 912 1288 optimum
935 1210 1046 1271 scribit
1072 1226 1138 1270 esse
1164 1208 1279 1269 Cassius
1295 1212 1350 1270 roa·

243 1322 342 1379 crium
364 1326 494 1395 praeter
518 1321 702 1394 palustrium
731 1336 770 1379 ae
797 1320 948 1398 auretium,
976 1316 1095 1395 saepius
1113 1312 1351 1393 praeterquoa,l

243 1423 272 1505 2,
287 1421 331 1486 20
358 1428 389 1485 iu
408 1442 512 1485 arcem
536 1443 595 1485 aaa
616 1428 693 1500 iaipi
707 1432 926 1501 praeterquam
943 1425 1045 1497 semel,
1072 1418 1158 1504 45,1
1180 1425 1353 1499 lepamiao-

240 1537 457 1608 praeterquam
478 1530 565 1612 sarda,
587 1529 698 1612 114,3
722 1550 790 1592 eum
814 1533 1012 1608 amplitudine
1030 1531 1233 1591 membrorum
1245 1538 1352 1608 praeter·

243 1655 333 1713 qrram
354 1640 487 1714 pedibas
515 1642 628 1719 capite,
655 1638 696 1700 ib.
719 1637 758 1699 19
792 1656 851 1699 aon
875 1639 1053 1715 producam
1080 1655 1121 1699 ea
1147 1639 1235 1698 liaris
1260 1648 1355 1699 motreat

240 1753 459 1822 praeterquam
485 1755 602 1826 potum,
631 1744 769 1827 1113‚8
794 1752 1014 1823 praeterquam
1041 1746 1228 1821 lepusculum
1254 1764 1270 1806 e
1292 1762 1356 1807 oeno·

245 1854 325 1911 tione
348 1853 423 1910 aridia
445 1868 616 1927 numquam,
640 1849 728 1934 9,10
747 1862 780 1913 ut
803 1855 882 1913 diem
905 1858 1070 1913 eteoclem
1089 1852 1361 1929 incubeatproeter-

245 1975 334 2033 quam
358 1976 447 2019 marre
469 1966 498 2020 et
520 1977 653 2041 vespere,
682 1956 737 2039 12,
757 1957 777 2020 2
801 1961 908 2020 herram
936 1961 1067 2019 omnium
1090 1990 1136 2000 -
1151 1961 1251 2035 pastio
1276 1966 1383 2035 apertu

241 2072 461 2142 praeterquam
488 2068 526 2127 de
549 2068 669 2144 apibus,
699 2076 727 2126 et
757 2084 825 2126 crim
854 2066 1063 2126 coniunctione
1092 2060 1224 2145 145‚1
1250 2073 1397 2143 praeter-

244 2190 334 2247 quam
357 2174 461 2247 siquid
481 2177 567 2248 repio
586 2184 640 2234 aut
659 2181 818 2252 tempestus
836 2176 891 2234 oili
909 2176 1019 2254 attrrlr't,
1043 2171 1070 2232 11
1091 2171 1119 2252 7,
1135 2171 1156 2236 3
1171 2182 1405 2252 praeterquam

245 2297 313 2340 crem
337 2282 440 2345 derrtes
463 2283 523 2340 siut
543 2279 625 2356 socii
646 2283 780 2343 drocelu'.

333 2385 551 2448 Posticulum
575 2407 642 2466 per
666 2390 759 2451 ticos
784 2407 870 2469 quas
894 2388 1033 2450 edimus
1052 2385 1266 2470 personant]
1286 2386 1407 2447 aas·

247 2497 333 2554 ertias
349 2511 407 2568 per
423 2496 500 2565 ficos
523 2494 684 2556 locandas.
722 2495 758 2556 de
778 2513 835 2556 usn
854 2494 1012 2557 resticulae
1032 2496 1062 2555 in
1083 2496 1198 2555 satione
1217 2495 1324 2555 deornm
1336 2492 1403 2553 ἰι]

249 2599 420 2678 geoponiois
444 2596 588 2681 x45,o
616 2610 772 2682 praecepta
801 2610 870 2663 sunt
898 2601 985 2679 haec,
1018 2591 1077 2662 ἐὰν
1105 2593 1170 2681 γάρ
1197 2620 1247 2675 τις
1270 2594 1401 2680 lipsio&

249 2702 334 2766 σῦκα
368 2698 552 2788 aspraldap
586 2703 623 2769 ἐν
655 2708 791 2794 σχοινίῳ
819 2701 874 2769 καὶ
902 2705 1001 2770 τοῦτο
1032 2700 1202 2788 φυτεύσας
1232 2697 1394 2789 ἆρδεύσῃ,

249 2803 453 2892 ἕμφυήσεται
472 2805 576 2874 πολλὰ
601 2808 701 2895 φυτά,
726 2810 823 2877 ἅτινα
841 2807 904 2898 χρὴ
927 2807 1179 2896 peremptoriam.

336 2915 356 2980 6
386 2917 444 2979 Sic
467 2936 598 2996 genera
623 2922 776 2983 licornm
796 2922 896 2983 chiac
917 2941 955 2983 ac
975 2921 1201 2983 chalcidicae
1223 2918 1262 2983 et'
1275 2918 1387 2980 lidiae

248 3029 430 3088 africanae
448 3060 485 3069 —
501 3028 657 3107 perlata]
675 3032 791 3107 lydiae
806 3040 834 3091 et
850 3029 1019 3105 Africanae
1032 3049 1067 3090 en
1084 3029 1188 3090 Aldina
1203 3028 1384 3089 editionem·

249 3137 323 3213 cepi.
342 3134 392 3194 sod
401 3144 554 3214 praeterea
563 3134 639 3197 haud
651 3139 712 3196 seio
723 3155 759 3196 an
770 3135 960 3197 scribendum
972 3136 1062 3197 tuterit
1072 3139 1118 3198 sic
1124 3139 1383 3213 plurimaqmera·

337 3239 434 3311 Quod
460 3259 499 3300 ex
519 3260 558 3300 eo
577 3243 719 3304 tardius
739 3242 980 3304 enascebatur
999 3241 1090 3304 colis
1108 3260 1212 3323 quam
1230 3260 1267 3302 ex
1282 3226 1386 3304 atitsl

256 3350 350 3421 Ortum
371 3366 410 3408 ea
429 3351 516 3407 taleis
535 3348 696 3410 ltretrndns.
733 3352 851 3410 restitui
871 3350 1049 3429 scripturam
1069 3348 1236 3430 archetypi:
1252 3365 1284 3409 ex
1298 3343 1387 3405 oleae

250 3453 355 3514 nucleo
380 3453 492 3514 tardius
517 3456 714 3517 nascebantur
738 3457 850 3538 caules,
874 3475 963 3537 quarn
986 3474 1022 3517 ex
1046 3455 1113 3518 allis
1142 3454 1254 3519 nucleis
1273 3450 1309 3512 rel
1326 3456 1395 3507 se·

252 3561 389 3621 minibus.
435 3560 472 3620 de
497 3561 579 3623 taleis
604 3564 764 3643 oleagineis
787 3564 899 3626 dictum
924 3573 969 3625 est
992 3561 1051 3646 40,
1066 3562 1097 3626 4.
1134 3562 1242 3625 deinde
1261 3560 1399 3622 samu-i

250 3685 304 3746 pro
327 3670 454 3728 serimus
477 3668 668 3731 scribendum
691 3670 840 3732 Gesocrus
864 3673 999 3731 coniecit.

338 3779 412 3834 XLIt
449 3773 486 3835 ln
510 3777 635 3854 primis
659 3775 851 3855 obsoraes]
877 3778 922 3839 De
945 3781 1054 3839 naulica
1077 3794 1133 3857 pro
1157 3768 1413 3852 ututonpin·

251 3883 315 3961 cipe
335 3880 463 3940 editione
479 3884 695 3961 praescriptum
711 3891 765 3963 est,
785 3883 863 3962 quod
883 3883 1082 3965 campitolio,
1100 3901 1178 3962 qrrac
1197 3892 1260 3943 ante
1276 3876 1416 3940 librtl¹1¹

251 3990 281 4047 in
301 3985 454 4047 codicibus
474 3990 681 4069 scriptitarint,
705 3992 829 4068 petitum
851 4002 923 4052 erat.
961 3991 1029 4052 inde
1048 3990 1203 4052 iucundus
1220 3988 1282 4049 iecit
1297 3984 1410 4045 haece

253 4095 297 4153 oe
320 4095 438 4153 medica
462 4097 492 4153 iu
516 4097 625 4170 primis
648 4098 798 4171 observes,
828 4115 902 4176 qaae
932 4096 1039 4158 deinde
1068 4115 1122 4177 per
1152 4095 1286 4159 editiones
1306 4094 1403 4168 pm·

253 4208 354 4277 pagata
388 4207 470 4278 sunt,
500 4218 676 4280 quamquam
709 4213 830 4281 apparet
859 4222 916 4265 oon
945 4203 982 4264 de
1010 4203 1139 4286 medica,
1166 4202 1217 4265 scd
1242 4200 1274 4260 do
1294 4179 1389 4256 omm'

253 4322 361 4383 genere
385 4307 573 4368 strrcnlorunr
596 4307 652 4368 hoc
675 4311 815 4387 praecipi.
