2874 4994
141 309 207 374 144
501 314 692 372 COMMENT.
711 316 751 370 IN
770 314 928 371 CATONIS

141 474 240 551 operis
264 472 390 533 faciendi
414 491 501 533 causa
526 472 562 533 ab
586 471 741 534 Arvalibus
765 470 908 533 iratribus
934 471 1021 531 iactis
1043 468 1275 533 Reitzenstein.

142 578 338 641 srat1·.Arvel.
362 599 391 658 p.
411 577 453 641 22
478 580 648 658 disputavit.
1328 558 1330 569 Ι

229 688 305 750 CXL
343 687 380 747 Si
417 688 541 748 fodere
580 688 673 749 uelis
706 685 822 748 altero
855 685 999 767 piaculo
1032 685 1158 747 eodem
1191 686 1278 747 modo

143 795 266 874 incito]
292 796 328 856 Si
346 794 456 871 fodere
479 799 557 857 uoles
580 795 771 856 scribendum
796 814 862 855 esse
887 796 1001 855 monuit
1024 793 1157 855 Weisios
1180 802 1280 874 quent

142 904 243 964 Coton.
268 902 424 981 Gottingae
449 921 473 961 a.
496 898 580 963 1886
604 921 632 981 p.
655 900 725 963 112.
750 910 781 961 et
803 901 860 962 hoc
884 904 983 980 ipsum
1006 900 1118 980 legitur
1140 902 1173 961 in
1197 900 1281 963 indice

143 1010 351 1090 capitularum,
375 1011 412 1069 Si
429 1009 540 1085 fodere
563 1014 655 1082 uoles,
679 1013 776 1071 altero
796 1013 921 1086 piaculo
944 1012 1021 1085 quid
1038 1008 1152 1085 facere
1175 1010 1282 1089 ueteu,

144 1120 292 1179 constanti
307 1117 397 1177 huius
412 1116 555 1177 farinulae
569 1120 598 1177 si
611 1119 689 1178 uoles
709 1135 775 1197 usu,
794 1118 881 1177 cuius
899 1115 1027 1195 plurima
1047 1115 1127 1195 apud
1151 1114 1282 1177 Catonem

145 1222 278 1304 exempla
302 1233 379 1285 sunt.
420 1228 449 1283 si
471 1227 543 1285 uelis
566 1222 658 1283 semel
682 1222 800 1305 legitur,
824 1222 875 1284 sed
899 1222 936 1283 dc
960 1241 992 1283 rc
1017 1223 1095 1303 ficta,
1119 1218 1164 1284 69
1184 1225 1283 1285 doiiun

144 1332 290 1409 calsarito
313 1336 420 1405 minus,
445 1334 586 1406 quamsi
605 1334 715 1407 picurc
737 1334 818 1391 uelis.
856 1332 927 1391 item
950 1331 987 1391 de
1011 1330 1104 1392 rebus
1126 1330 1209 1391 dctis
1224 1348 1282 1392 coo

144 1440 294 1499 iunctivus
326 1440 443 1517 positus
475 1448 522 1497 est
553 1438 583 1496 in
618 1437 677 1519 his,
710 1436 801 1515 praei.
828 1435 844 1497 1
879 1445 924 1499 est
951 1439 1105 1498 interdurn
1129 1446 1284 1516 praestare

145 1547 329 1607 mercaturis
351 1562 415 1604 rem
439 1562 598 1624 quaerere,
622 1547 682 1604 nisi
705 1552 765 1604 tam
784 1547 991 1621 periculosum
1014 1548 1080 1619 siet,
1104 1552 1134 1606 ct
1159 1549 1228 1607 item
1245 1544 1282 1621 [e

145 1657 261 1732 nerari,
285 1655 313 1712 si
335 1661 396 1712 tam
418 1652 573 1712 honesturn
596 1655 644 1732 sit,
667 1648 758 1731 37,1
783 1669 863 1726 quae
885 1655 966 1712 ruala
991 1655 1021 1712 iu
1044 1660 1149 1728 scaete
1171 1655 1243 1713 sint:
1261 1655 1284 1712 si

148 1764 300 1822 cariosam
328 1767 444 1820 terrant
467 1765 595 1831 tractes,
628 1754 686 1833 95,
709 1756 730 1818 2
753 1762 782 1819 si
804 1762 835 1818 in
859 1765 937 1820 lecta
960 1776 1088 1840 coquas,
1114 1791 1154 1802 -
1181 1777 1283 1821 excan-

147 1871 264 1938 descet;
297 1871 400 1925 contra
424 1861 518 1945 38,1
548 1869 577 1924 si
602 1883 662 1926 uuo
682 1864 868 1943 praefurnia
891 1883 1015 1941 coques,
1045 1869 1192 1927 lacunam
1215 1869 1285 1927 intus

146 1991 287 2049 mapnam
308 1971 415 2048 facito,
443 1970 482 2031 ib.
502 1969 522 2031 2
545 1976 574 2031 si
596 1974 712 2033 duobus
732 1971 915 2049 praesumis
937 1992 1056 2054 coques,
1079 1977 1198 2035 lacuna
1219 1976 1286 2034 nihii

146 2100 220 2158 opus
243 2083 311 2140 erit.
349 2088 501 2159 praetereo
525 2098 618 2158 pauca
643 2088 712 2140 sunt
736 2079 878 2161 exempla,
901 2082 932 2140 in
956 2080 1066 2160 quibus
1085 2082 1285 2142 coniunctiore

146 2206 215 2249 curn
238 2189 448 2248 coniunctione
466 2191 495 2248 si
512 2206 567 2266 pro
590 2187 690 2247 futtuo
710 2190 826 2266 positus
846 2196 891 2247 cst
910 2187 990 2248 utillo
1009 2195 1093 2248 certo
1113 2187 1285 2267 discrimine,

146 2293 212 2377 3,1
244 2302 305 2355 tum
334 2297 503 2369 aedificare
532 2302 661 2371 oportet,
688 2298 717 2355 si
743 2314 853 2370 apricus
880 2299 1029 2356 caristium
1055 2298 1188 2371 habeas,
1216 2290 1286 2376 6,3

146 2405 297 2473 materies,
315 2405 343 2461 si
361 2421 419 2477 quo
439 2420 513 2479 opus
532 2405 580 2476 sit,
601 2409 718 2478 parata
737 2406 805 2476 crit,
826 2399 898 2483 127,
920 2402 934 2463 1
957 2405 1035 2464 idem
1054 2405 1159 2464 uinum
1178 2405 1287 2465 taenias

143 2518 316 2587 perpurpat
339 2516 369 2569 et
391 2510 564 2580 lumbricos,
587 2512 616 2568 si
637 2511 683 2569 sic
701 2512 872 2588 concinnes,
897 2504 970 2589 145,
990 2506 1010 2569 3
1033 2512 1062 2569 si
1079 2511 1182 2571 uiride
1199 2512 1286 2571 omn

147 2633 220 2691 (rpus
243 2618 308 2689 siet,
329 2614 435 2690 facito,
462 2612 534 2695 157,
556 2612 597 2676 10
617 2633 730 2692 pucros
750 2618 876 2691 pusillos
898 2617 927 2674 si
948 2617 1030 2676 Iaues
1052 2634 1088 2676 eo
1107 2619 1189 2693 lotio,
1211 2634 1289 2678 nuu-

147 2739 237 2796 quaut
261 2722 373 2782 debiles
393 2725 485 2794 fient,·
508 2729 538 2781 et
561 2724 591 2781 in
616 2721 734 2800 obiitptn
754 2721 847 2781 forma
867 2724 1009 2783 orationis
1031 2718 1143 2803 tout
1164 2727 1196 2785 in
1215 2727 1291 2797 uitia,

147 2846 216 2888 curu
232 2831 325 2907 pluet,
344 2831 510 2889 circumire
529 2837 654 2906 oportet,
673 2831 773 2890 sicubi
787 2833 941 2905 perpluat,
960 2837 990 2891 ct
1007 2832 1134 2905 sipnare
1151 2832 1290 2893 carbone.

148 2953 205 2995 nna
234 2953 302 2994 cum
326 2935 429 2995 eodem
454 2936 541 2995 modo
566 2938 595 2995 in
619 2938 759 3014 primaria
783 2938 939 3017 sententia,
970 2956 984 2996 a
1009 2954 1066 3016 quo
1090 2938 1204 3016 pendet
1226 2956 1290 2999 con·

148 3042 310 3125 dicionalis,
333 3044 448 3121 positus
472 3052 515 3103 est
537 3045 745 3104 coniunctivus
764 3045 793 3103 in
814 3047 990 3125 praeceptis,
1009 3042 1038 3126 2,
1058 3043 1078 3105 6
1096 3048 1204 3121 siquid
1219 3048 1292 3107 desit

148 3154 179 3210 in
207 3168 334 3225 aunum,
362 3154 409 3210 uti
427 3159 571 3227 paretur,
604 3149 642 3209 ib.
663 3148 680 3211 7
707 3154 817 3211 vendat
840 3155 949 3227 alcum,
977 3156 1005 3211 si
1023 3154 1159 3229 pretium
1183 3154 1292 3215 nabent

147 3264 177 3316 ct
199 3261 304 3333 siquid
325 3260 413 3317 aliud
434 3262 579 3338 supersit,
604 3261 729 3337 renuat,
753 3256 783 3339 3,
803 3255 823 3318 5
845 3262 874 3317 si
891 3261 979 3319 crues
1002 3262 1129 3320 contriti
1150 3263 1239 3335 sient,
1262 3268 1292 3321 ut

147 3373 333 3425 commutare
352 3368 463 3442 possis,
490 3361 544 3445 14,
564 3361 584 3423 3
612 3368 640 3424 si
667 3368 704 3424 de
732 3368 818 3425 caela
842 3368 912 3425 uilla
935 3373 1020 3426 tacta
1042 3369 1107 3448 sict,
1135 3369 1177 3429 de
1199 3386 1238 3429 eu
1259 3386 1293 3429 re

146 3475 240 3532 verbu
268 3475 314 3532 uti
337 3474 430 3549 fiant,
461 3466 502 3530 15
528 3474 664 3547 parietes
688 3475 778 3531 uillae
800 3475 829 3531 si
850 3476 939 3547 Iacet,
967 3469 1019 3553 40,
1038 3469 1060 3533 4
1082 3475 1112 3533 si
1128 3476 1229 3555 pluat,
1256 3492 1292 3535 ne

147 3597 228 3653 aqua
261 3582 292 3637 iu
325 3578 436 3636 librum
466 3584 635 3651 permanet.
686 3596 753 3637 cum
787 3580 976 3638 coniunctius
1009 3578 1095 3638 modo
1124 3580 1292 3659 imperfecti

148 3687 291 3762 temporis
314 3682 423 3760 legitur
447 3682 547 3764 semei,
573 3680 679 3763 157,8
703 3688 803 3745 nullus
825 3693 960 3762 sumptus
983 3693 1035 3765 est,
1060 3694 1091 3747 et
1112 3690 1142 3746 si
1157 3696 1291 3765 sumptus

148 3799 232 3864 essct,
256 3798 355 3849 taurian
379 3793 561 3851 ualetudinis
585 3810 681 3852 causa
707 3796 874 3869 reperires.

238 3897 320 3957 Dum
336 3915 424 3977 opus
439 3897 572 3958 cotidie
587 3917 650 3977 per
664 3906 786 3977 partes
801 3898 925 3978 incito]
945 3901 1017 3960 Cum
1027 3916 1147 3976 opusex
1157 3904 1289 3981 principe

147 4005 275 4067 editione
295 4004 381 4083 volgo
401 4014 554 4083 receptum
574 4013 645 4065 erat.
676 4013 738 4066 tum
757 4025 830 4083 opus
849 4009 983 4082 quotidie
997 4026 1056 4084 per
1070 4016 1181 4085 partes
1195 4008 1288 4086 facito

148 4113 355 4174 Schneiderns
371 4115 441 4172 dum
452 4130 486 4171 cx
499 4130 587 4172 manu
597 4114 717 4190 scriptis
727 4112 811 4173 libris
822 4113 986 4174 Pontedera
999 4110 1077 4193 pto
1087 4117 1229 4198 restituit,
1239 4114 1286 4177 scd

147 4240 236 4299 pravo
252 4219 338 4278 modo
353 4221 566 4299 interpretatus
581 4228 635 4301 est,
650 4228 682 4280 ut
697 4230 777 4281 esset
791 4216 981 4282 ‘dunimodo'.
1002 4224 1091 4282 immo
1107 4222 1164 4284 hoc
1179 4224 1284 4302 praeci·

146 4329 236 4407 pitur,
251 4343 339 4404 quun
354 4325 403 4385 diu
420 4329 448 4386 in
464 4326 531 4388 luco
542 4325 642 4386 fodere
652 4346 728 4406 opus
737 4337 792 4409 est,
807 4328 915 4388 cotidie
926 4329 996 4389 iliud
1007 4348 1062 4409 per
1070 4340 1173 4409 partes
1183 4332 1282 4392 facien

148 4434 218 4494 dnm
233 4451 306 4493 esse
335 4452 401 4493 unm
417 4436 586 4495 intermisso
601 4454 690 4514 opere
705 4434 803 4496 denuo
817 4453 908 4515 porco
923 4436 1040 4515 piaculo
1055 4437 1222 4500 iaciendum
1234 4444 1281 4499 est
