2874 4994
440 113 571 169 RERVM
588 113 830 169 RVSTIOARVM
848 114 915 170 LIB.
934 116 974 169 llI
995 114 1034 172 16
1237 109 1302 174 295

144 284 230 348 aqua
255 267 362 347 opibus
384 266 514 348 paranda
536 267 640 328 eadem
663 271 888 349 praecipiuntur
912 271 943 331 in
967 271 1139 349 geoponicis
1163 270 1212 331 XV
1231 269 1301 353 2,2

146 382 181 437 et
206 374 287 456 apud
312 374 503 438 Columellam
525 372 614 457 1x5,
633 372 664 437 5.
993 390 995 396 “

243 481 295 543 lta
318 492 356 544 ut
379 500 420 543 ne
444 482 638 544 altitudine
662 482 834 543 escendat
867 481 935 544 duo
963 492 1023 545 aut
1050 493 1125 546 tres
1152 483 1301 565 digitos]

145 591 204 651 lta
227 599 261 651 ut
283 609 322 653 ne
344 591 442 650 omnia
465 589 644 671 apographo,
671 589 831 651 lectionem
860 591 1005 669 principis
1034 590 1172 652 editionis
1196 595 1239 654 ita
1262 613 1301 655 ne

143 695 346 776 neglegenter
365 697 497 756 correxit
516 695 688 777 Politianus,
707 714 776 757 cum
795 704 828 757 ut
847 714 901 774 pro
920 701 964 758 ita
983 700 1014 758 in
1033 697 1135 759 codiee
1154 700 1299 778 scriptum

145 820 219 864 esse
243 803 405 864 adnotaret.
442 806 591 864 ascendat
609 806 653 864 ad
674 806 749 864 duas
768 812 823 864 aut
842 812 904 865 tres
930 807 1040 880 diuites
1058 822 1097 866 m.
1134 809 1300 869 descendat

146 913 228 973 duos
247 908 407 992 iucundus,
431 913 580 971 ascendat
602 912 662 972 duo
681 908 839 971 Victorius.
878 914 1027 972 ascendat
1048 915 1131 973 ultra
1151 916 1226 974 duos
1245 921 1300 975 aut

145 1027 214 1080 ires
247 1020 357 1093 diuites
388 1018 516 1077 coniecit
548 1016 757 1078 Schneiderus.
803 1022 967 1080 escendere
1000 1018 1107 1098 legitur
1135 1017 1234 1096 18‚7
1266 1025 1298 1083 in

146 1128 280 1187 arbores
303 1128 438 1186 escendit
461 1127 529 1185 uitis
553 1132 583 1184 et
606 1119 729 1205 154st
754 1128 784 1185 in
809 1129 990 1186 carnarium
1013 1129 1169 1207 escendat,
1193 1138 1298 1190 contra

145 1231 158 1294 Ι
180 1229 212 1313 9,
231 1229 252 1294 3
276 1239 338 1292 tres
359 1233 480 1305 pradus
502 1233 672 1294 ascendunt
694 1233 821 1292 cosdem.
855 1249 923 1292 cum
943 1234 1109 1294 accusativo
1133 1252 1203 1295 casu
1228 1254 1297 1296 eon-

146 1341 301 1418 iunctum,
324 1346 358 1398 ut
388 1337 427 1398 sit
457 1356 547 1417 snpra
577 1346 694 1399 certum
725 1338 844 1399 modum
871 1338 1046 1421 ascendere,
1069 1344 1233 1404 escendere
1260 1343 1297 1403 ab

146 1445 214 1506 aliis
238 1445 349 1506 dictum
374 1461 432 1503 non
456 1444 563 1504 iuveni.
600 1442 708 1504 deinde
732 1446 762 1504 in
786 1461 844 1519 quo
869 1447 1034 1520 diiipenter
1056 1449 1197 1509 babendo
1217 1468 1296 1511 curu

145 1552 270 1632 seripsi3
294 1554 325 1611 in
348 1567 409 1625 pua
433 1559 497 1611 erat
520 1549 659 1611 inlibris
683 1569 772 1611 manu
796 1552 916 1630 scriptis
940 1560 970 1612 et
995 1552 1091 1615 editis.

239 1655 281 1721 28
312 1656 604 1737 Praeparandum
628 1657 683 1718 his
706 1657 809 1719 cibus
832 1676 874 1719 ue
899 1667 971 1719 tum
994 1659 1098 1721 melle
1122 1670 1296 1739 cogantur

146 1764 225 1828 solo
250 1767 375 1826 uiuere
400 1773 461 1824 aut
484 1765 694 1844 relinquere
724 1767 929 1826 exinanitas
958 1766 1071 1846 aluos]
1096 1769 1294 1846 Praeparan-

145 1875 205 1935 dus
228 1875 274 1933 bis
297 1873 384 1932 eibus
407 1889 443 1931 ex
467 1873 603 1952 principe
622 1873 751 1933 editione
771 1881 925 1951 receptum
945 1882 1017 1935 erat.
1052 1878 1227 1954 pronomine
1246 1878 1295 1938 bis

144 1977 245 2040 deleto
270 1982 509 2056 praeparandus
537 1981 623 2040 cibus
656 1980 771 2058 scripsi.
817 1998 856 2040 ae
879 1983 1053 2055 relinquere
1074 1981 1200 2043 Ursinus
1224 2002 1293 2044 oon-

144 2088 226 2148 iecit.
270 2087 360 2146 immo
384 2084 440 2146 hoc
464 2088 647 2166 praecipitur
671 2085 770 2147 cibum
793 2086 1030 2167 praeparandum
1054 2105 1133 2169 csse,
1157 2108 1194 2150 ne
1222 2109 1292 2170 apes

144 2202 198 2254 aot
217 2192 274 2254 mel
293 2192 449 2253 comedant
468 2201 519 2254 aut
539 2196 627 2255 etiam
646 2195 726 2254 omni
746 2192 831 2253 melle
851 2201 1028 2273 consumpto
1047 2212 1083 2254 er
1102 2195 1173 2256 alvis
1197 2196 1291 2258 disce·

144 2298 226 2381 dent,
250 2308 283 2361 ut
306 2302 453 2379 scripturn
477 2307 523 2360 est
546 2300 622 2359 inlra
646 2298 665 2376 ἓ
686 2296 737 2361 33.
1376 2278 1381 2288 ’

234 2406 272 2466 ln
309 2425 398 2486 quae
431 2405 567 2467 addunt
599 2406 711 2467 lanam
744 2405 952 2488 purpuram]
987 2408 1180 2484 Ptrrpuream
1213 2410 1291 2471 edita

142 2514 214 2576 inde
237 2531 253 2573 a
276 2516 411 2594 principe
435 2512 564 2574 editione
588 2512 774 2594 exemplaria,
794 2532 963 2591 perpurum
985 2512 1152 2577 Pontedera
1176 2535 1204 2597 p.
1223 2513 1289 2579 459

142 2622 282 2703 coniecit,
304 2619 383 2700 quod
408 2619 608 2681 Schneiderue
631 2621 752 2699 recepit.
799 2639 853 2700 pro
877 2619 933 2681 hoc
952 2639 1065 2697 puram
1095 2625 1210 2703 scripsi.
1252 2624 1289 2686 de

141 2727 234 2789 simili
266 2736 408 2807 apparatu
441 2725 546 2786 scribit
578 2725 737 2787 Columella
768 2725 942 2809 1X14,15
974 2732 1080 2789 melius
1108 2737 1207 2791 tamen
1235 2751 1290 2793 nas

142 2839 352 2898 centimanus
376 2842 508 2910 tempore
531 2836 658 2895 biberno
679 2834 762 2909 same
785 2836 995 2895 laborantibus
1018 2838 1061 2895 ad
1084 2838 1162 2911 ipsos
1186 2840 1289 2899 aditus

142 2947 174 3005 in
191 2945 376 3004 canoiieuiis
394 2945 442 3001 uei
453 2947 610 3001 contusam
625 2948 654 3000 et
668 2958 749 3015 aqua
768 2939 973 3014 madefactam
989 2944 1082 3013 ficum
1102 2946 1224 3004 aridam
1243 2950 1292 3007 uel

141 3048 300 3125 defrutum
341 3054 395 3108 aut
431 3065 556 3125 passum
588 3048 748 3124 praebere.
794 3047 903 3121 quibus
940 3049 1108 3122 liquoribus
1144 3054 1286 3113 mundum

139 3162 246 3218 ianam
269 3158 404 3217 imbuere
425 3157 582 3231 oportebit,
606 3161 640 3214 ut
662 3157 831 3215 insistentes
849 3170 922 3229 apes
944 3157 1034 3229 quasi
1051 3173 1111 3230 per
1133 3158 1287 3233 siphonem

138 3280 249 3324 sucum
272 3269 403 3324 evocent.

231 3368 302 3429 nui
325 3386 426 3429 uuam
450 3385 589 3448 passam
618 3368 785 3428 ellicum
813 3364 1088 3448 compisierunt]
1114 3368 1175 3428 Alii
1193 3371 1287 3442 ficum

139 3484 171 3538 et
207 3493 297 3537 uuam
330 3493 455 3553 passam
487 3493 556 3537 cum
589 3479 742 3552 pisierunt
774 3473 899 3554 llerula,
932 3473 983 3534 ubi
1012 3478 1174 3551 pinserunt
1207 3475 1288 3538 dedit

140 3582 303 3643 iucundus.

232 3687 331 3750 Ollas
367 3697 550 3769 apponunt
586 3687 637 3748 ibi
675 3706 743 3767 quo
781 3706 861 3749 oras
897 3687 1011 3748 hieme
1048 3688 1083 3748 in
1117 3688 1285 3767 pabulum

139 3795 340 3876 procedere
374 3805 491 3856 tamen
518 3788 670 3878 possint]
700 3796 785 3870 Offas
809 3803 977 3873 apponunt:
1006 3797 1040 3854 id
1061 3798 1286 3871 tempestatibus

139 3911 170 3965 et
201 3906 320 3980 byeme,
344 3922 412 3965 cum
446 3907 476 3964 iu
506 3905 651 3980 pabulum
679 3906 850 3979 procedere
883 3920 942 3963 nen
970 3908 1096 3979 possunt
1126 3900 1286 3984 lucendus,

138 4011 220 4086 offas
252 4018 408 4087 apponunt
440 4013 495 4090 ibi,
522 4027 614 4086 quum
643 4008 731 4083 [oras
763 4013 859 4071 bieme
889 4013 918 4069 in
943 4011 1090 4084 pabulum
1115 4013 1286 4085 procedere

138 4126 241 4179 tamen
262 4121 380 4194 possint
401 4116 550 4178 Victorius
573 4115 628 4176 hac
651 4114 749 4177 addita
772 4117 1027 4195 interpretatione,
1051 4110 1115 4175 ‘alii
1139 4124 1218 4197 sont,
1240 4119 1284 4176 in·

139 4226 214 4307 quit,
229 4225 281 4303 qui
296 4226 390 4304 magis
405 4222 509 4303 apibus
523 4224 710 4303 prospiciunt
723 4233 752 4284 et
767 4222 930 4285 commodis
945 4238 1048 4282 eorum
1067 4218 1287 4306 obsequuntur,
