2874 4994
247 303 377 359 nnssvnt
395 303 636 360 nvsmctnvnt
655 305 722 360 LIB.
742 305 754 359 I
775 301 1034 360 65-11Pnnnn.
1146 295 1209 360 129

60 468 144 539 post
176 460 326 520 animam
354 458 501 521 cilleret
534 469 648 522 tamen
682 468 829 540 putaret
861 478 896 520 se
931 459 1064 521 iecisse
1097 457 1209 536 recte]

59 565 129 627 Non
154 568 228 628 satis
251 575 388 628 accurate
409 565 540 647 Scaliger
565 567 638 629 duas
662 570 833 647 negationes
857 585 911 647 pro
930 585 989 627 una
1013 568 1123 644 positas
1146 583 1211 626 esse
1314 556 1317 562 ’

58 673 223 753 adnotavit,
247 692 304 736 nec
326 677 355 733 si
379 705 416 717 —
442 691 502 735 nou
523 678 682 751 potuisset,
708 674 744 735 de
773 693 831 755 quo
859 692 970 753 genere
994 672 1055 733 dixi
1078 669 1139 752 12,
1159 669 1211 733 23.

59 780 115 842 sed
141 783 268 861 repetita
292 782 447 860 negatione
476 781 634 842 dicundum
662 791 727 841 erat
758 800 829 854 uec,
852 785 880 842 ri
902 800 969 843 eum
998 798 1124 842 seruarc
1152 797 1211 840 nou

55 891 211 965 potumset
236 921 289 961 —,
317 895 417 948 tomen
445 907 503 949 nou
529 895 644 965 putore
670 907 703 949 se
727 886 840 964 secisse
867 897 958 950 recte.
1005 906 1058 968 pro
1083 886 1138 947 boc
1163 905 1212 946 ne·

59 993 160 1073 glecta
184 995 353 1077 negatione,
377 1012 452 1074 quae
476 995 512 1055 ab
540 996 624 1056 initio
655 997 751 1074 posita
774 1004 851 1070 erat,
875 978 1019 1075 scriptum
1044 1002 1212 1054 esttamen

56 1108 186 1178 putore.

605 1330 631 1391 ll

157 1471 292 1535 Praei2
325 1474 436 1546 Otium
470 1472 614 1551 nocent]
651 1475 745 1547 Quum
775 1473 884 1535 liabent
913 1477 1022 1555 optima
1047 1476 1212 1556 apographa

59 1590 94 1643 et
126 1582 158 1640 in
186 1580 347 1660 archetypo
381 1581 488 1660 legisse
518 1580 634 1641 videtur
664 1579 826 1659 Victorius,
855 1584 927 1654 quio
956 1582 1045 1642 editio
1075 1587 1213 1663 princeps

58 1706 76 1748 a
108 1686 255 1748 Politiano
285 1706 343 1748 uon
373 1696 507 1748 correcta
536 1697 565 1747 et
593 1688 684 1748 codex
715 1687 874 1766 Caesones,
901 1706 988 1762 quem
1017 1689 1214 1752 Florentium.

57 1796 198 1855 retinere
221 1804 319 1855 autem
343 1794 440 1855 villam
465 1813 519 1872 per
543 1793 707 1855 ludibrium
727 1793 868 1855 dicuntur
891 1797 911 1855 ii
930 1797 991 1875 qui,
1010 1794 1079 1856 dum
1099 1800 1214 1876 graecis

57 1899 217 1961 vocabulis
242 1910 340 1981 partes
364 1901 448 1962 villae
472 1901 630 1982 appellant,
649 1919 757 1961 nomen
777 1901 860 1961 villae
885 1904 963 1962 tueri
987 1901 1042 1962 sibi
1067 1903 1214 1965 videntur.

156 2023 177 2087 2
198 2027 382 2103 Podyterion
401 2025 528 2105 plurima
545 2025 721 2105 apographa,
736 2033 766 2085 et
785 2026 828 2084 sic
848 2026 877 2085 ln
893 2026 1052 2107 archetypo
1068 2031 1213 2110 scriptum

55 2134 130 2214 sarit,
153 2152 211 2193 non
236 2135 445 2210 apodyterion,
466 2131 543 2211 qnod
565 2131 677 2192 Merula
702 2133 832 2193 restituit
852 2142 881 2191 et
899 2131 1063 2194 Politianus
1084 2138 1112 2195 iu
1133 2138 1213 2216 priu-

56 2242 132 2320 cipe
157 2239 286 2300 editione
311 2258 368 2300 non
394 2241 533 2300 correxit.
580 2237 686 2298 deinde
707 2241 883 2314 peripteroe
913 2258 948 2298 cx
979 2258 1065 2301 manu
1095 2245 1214 2322 scriptis

55 2346 153 2407 libris
177 2348 303 2425 restitui,
326 2343 571 2426 neoioceoeoivo
596 2344 747 2405 lucundus
771 2344 901 2425 dederat,
925 2349 976 2424 uiri
999 2366 1102 2424 graeca
1129 2368 1215 2408 voca·

54 2453 135 2515 bula
160 2453 302 2533 exhihuit,
326 2471 402 2532 quae
427 2461 528 2532 postea
553 2452 589 2511 ab
613 2451 778 2513 editoribus
802 2461 920 2531 recepta
944 2461 1023 2513 sunt.

157 2575 178 2638 3
212 2576 442 2638 Frumentum
466 2576 623 2637 locamus
647 2578 707 2656 quii
733 2575 834 2637 nobis
858 2577 987 2640 educat
1011 2581 1070 2658 qni
1100 2583 1215 2641 saturi

55 2686 198 2747 fiamus
221 2701 260 2743 ex
285 2683 438 2763 apbryca
466 2677 501 2744 et
529 2682 710 2761 sardinia]
735 2682 917 2745 Sententiam
943 2685 1215 2766 verborum,‘quae

54 2792 136 2853 olim
162 2808 248 2870 prava
273 2789 462 2850 distinctione
484 2790 640 2851 obscurata
660 2800 732 2873 erat,
754 2789 967 2853 domonstravit
986 2793 1214 2854 Commeliulana

55 2898 168 2979 editio,
188 2896 374 2972 frumentum
398 2901 532 2958 locamus
555 2901 609 2972 qui
634 2900 719 2959 nobis
743 2901 890 2972 odiebat,
914 2903 969 2973 qui
988 2905 1090 2961 sotori
1104 2905 1215 2974 flainus

55 3025 104 3068 ex
136 3003 245 3080 Africo
279 3012 309 3063 ct
336 3005 497 3077 Sardinia,
527 3003 554 3063 h.
575 3023 601 3064 e.
636 3014 668 3063 ut
702 3024 736 3063 ex
765 3005 862 3063 Africa
897 3015 926 3064 et
956 3005 1088 3065 Sardinia
1122 3010 1214 3066 saturi
1268 3006 1272 3012 '

57 3113 182 3173 fiamus.
230 3129 296 3171 nam
325 3110 456 3170 adverbii
486 3111 550 3170 loco
578 3114 633 3185 qui
659 3130 725 3170 curn
758 3108 846 3170 verbo
866 3114 979 3183 ficiens
1002 3114 1130 3189 positum
1155 3123 1213 3172 est:

57 3215 192 3299 124,4
215 3227 248 3278 ut
276 3220 315 3277 sit
338 3220 392 3291 qui
416 3220 483 3276 uitis
506 3219 633 3290 alligari
651 3219 757 3292 possit,
781 3213 917 3297 111,28
942 3225 986 3276 est
1009 3221 1062 3291 qni
1089 3222 1213 3294 cogiteris

65 3328 223 3403 duplicem
248 3328 334 3384 istoru
358 3328 509 3404 lucrinum,
532 3321 572 3380 lll
596 3320 643 3403 17,
662 3320 682 3382 9
706 3326 899 3382 maritumum
919 3326 1031 3398 flumen
1057 3327 1215 3384 inmisisset

62 3437 97 3495 in
127 3435 279 3509 piscinas,
312 3433 365 3505 qui
394 3433 554 3506 reciproce
578 3432 711 3504 fluerent
739 3432 838 3505 ipsoe;
871 3439 900 3490 et
933 3429 1068 3490 similitor
1092 3429 1102 3488 l
1124 3428 1213 3510 38,1

59 3542 230 3601 videndum
263 3545 293 3600 et
324 3541 378 3613 qui
406 3545 436 3598 ct
468 3555 526 3611 quo
557 3555 672 3611 genere
704 3539 891 3614 potissimum
925 3537 1041 3613 socios,
1079 3536 1153 3620 lli,
1176 3536 1215 3599 16

60 3648 191 3723 oriundo
210 3654 238 3706 et
257 3648 310 3721 qui
328 3624 361 3706 et
377 3644 415 3706 ib.
433 3642 472 3705 17
497 3646 551 3719 que·
564 3646 754 3721 potissimum
773 3663 911 3720 quaeque
931 3648 1084 3720 pecudum
1104 3664 1214 3721 posco-

60 3762 129 3825 ίαν,
153 3753 183 3811 in
207 3753 437 3830 interrogatione
462 3747 551 3831 1112,
574 3747 613 3813 12
637 3754 691 3826 qui
712 3754 810 3812 minus
832 3761 962 3828 possum.

157 3871 179 3935 4
211 3874 280 3935 Nec
313 3877 343 3934 si
375 3886 526 3954 possunt
558 3877 592 3935 in
626 3895 710 3955 agro
744 3878 841 3955 pasci
872 3877 1115 3935 armentarius
1147 3895 1214 3936 non

59 3985 159 4045 aliut
187 3999 225 4042 ac
248 3981 441 4059 bubulcus]
466 3984 528 4044 Nec
555 3986 584 4043 si
609 3986 705 4060 possit
728 3987 758 4044 in
782 4001 859 4058 agro
886 3985 977 4058 posci
999 3986 1215 4055 armentarius,

58 4108 129 4155 non
153 4091 240 4150 aliud
261 4109 299 4152 oc
323 4092 470 4151 bubulcus
489 4088 650 4172 lucundus,
674 4089 725 4150 nbi
745 4089 895 4150 Gesnerns
915 4108 1035 4170 pravam
1056 4089 1214 4150 verborum

59 4198 291 4261 distinctionem
315 4198 458 4276 correxit,
485 4215 545 4257 uon
569 4200 649 4257 otius
672 4196 873 4257 Schneiderus
904 4199 1040 4258 coniecit.
1078 4199 1216 4257 restituta

59 4306 197 4368 lectione
220 4303 373 4384 archetypi
397 4303 495 4364 addidi
519 4312 667 4377 armenta,
688 4304 765 4383 quod
786 4303 945 4383 exciderat,
965 4322 1021 4365 nec
1044 4307 1072 4363 si
1091 4310 1216 4381 possunt

59 4418 98 4476 in
124 4429 204 4487 auro
223 4416 314 4488 posci
336 4419 484 4486 armento,
509 4414 715 4472 ermentarius
734 4431 793 4472 nou
817 4414 894 4471 aliut
918 4429 956 4470 oc
977 4412 1132 4473 bubulcus.
1180 4418 1214 4471 ut

121 4522 202 4564 Vnst.
217 4532 270 4562 nun.
285 4531 349 4564 nvos.
377 4522 409 4565 11.
986 4518 1001 4565 9
