2874 4994
144 352 209 418 280
485 358 675 412 COMMENT.
695 358 735 411 IN
753 355 942 412 VARRONIS

142 523 344 596 grummantes
370 515 413 575 >de
446 531 586 575 mensura
619 519 649 573 et
681 521 762 573 recta
799 514 844 573 via
876 511 1057 572 excedentes
1089 510 1134 571 rel
1161 529 1250 590 granos

145 631 293 684 eruentes.
331 641 456 702 grumos
480 620 615 681 collectio
639 629 737 680 terrae
757 621 855 680 minor
877 613 1021 680 tumulo'.
1061 621 1251 680 arummontn

143 729 303 792 Turnebus
327 728 440 789 advers.
462 726 533 807 l,1
564 736 594 787 et
618 726 765 807 Scaliger,
793 744 833 787 ex
859 743 893 786 se
920 727 1111 785 ruminantes
1136 723 1251 785 desuem

143 839 284 916 coniecit,
313 835 392 915 quod
417 833 618 895 Schneiderus
642 835 768 914 recepit3
798 831 877 893 idem
906 839 1006 892 minen
1034 829 1158 910 glossam
1178 830 1252 893 Isidori

144 943 221 1023 apud
250 941 423 1004 Vulcanium
453 961 480 1021 p.
500 937 565 1002 674
594 932 696 1023 (gloss.
720 938 768 999 lat.
787 958 812 1000 v.
832 936 869 998 lV
892 957 920 1018 p.
939 933 1020 1021 326,
1043 930 1104 1020 22)
1135 942 1253 999 mundat

145 1054 281 1112 ruminat
304 1069 340 1109 ex
364 1049 420 1109 hoc
445 1048 509 1109 loco
533 1047 652 1107 ductam
681 1064 746 1107 esse
770 1046 928 1107 adnotavit.
971 1063 1124 1120 qrumare
1146 1063 1161 1105 a
1181 1062 1253 1124 gruna

145 1157 256 1217 dictum
280 1156 339 1216 huc
363 1174 421 1216 nnn
445 1157 585 1235 pertinet,
610 1172 708 1232 neque
731 1157 932 1214 euruminare
955 1151 1000 1212 vel
1024 1170 1066 1213 ex
1082 1170 1116 1213 se
1131 1155 1255 1213 romum

146 1271 213 1343 apte
237 1263 354 1323 dicitur.
400 1280 492 1340 quare
516 1265 601 1339 ipsae
624 1268 654 1321 et
676 1264 865 1321 ruminantes
887 1261 1002 1338 scripsi.
1039 1258 1175 1320 cochleae
1195 1261 1254 1319 edan

147 1371 211 1428 sine
235 1366 343 1446 pabulo
366 1369 551 1427 ruminantes
577 1367 655 1446 apud
683 1365 836 1447 propalam
865 1367 916 1427 diu
946 1368 1057 1426 vivunt
1105 1363 1189 1426 simili
1208 1367 1255 1424 auo

148 1472 286 1554 111,20
308 1476 469 1550 subgrumi
490 1492 545 1553 pro
567 1475 706 1534 subrumi
728 1475 873 1553 scriptum
898 1480 969 1532 erat.

233 1579 254 1642 4
287 1580 363 1641 Non
387 1598 456 1659 quo
480 1598 547 1640 non
572 1582 606 1641 in
634 1580 690 1641 his
720 1579 934 1658 regionibus
963 1579 1174 1659 quibusdam
1194 1578 1256 1638 locis

145 1707 185 1749 ac
205 1685 520 1766 magnitudinibus
540 1689 612 1747 siut
631 1686 848 1767 dispariles]
874 1689 940 1748 Non
959 1689 1041 1762 quod
1060 1690 1092 1747 in
1110 1684 1257 1748 bishlerula.

147 1813 207 1857 non
231 1798 314 1870 quod
335 1798 367 1855 iu
389 1797 436 1855 bis
460 1796 636 1868 regionibus
659 1794 839 1869 quibusdam
863 1797 938 1855 locis
956 1813 1012 1855 eae
1032 1793 1258 1869 magnitudinibus

146 1919 206 1964 non
230 1906 291 1963 sint
314 1904 477 1978 dispariles
499 1898 659 1981 Iucundus,
683 1899 735 1961 ubi
758 1918 817 1961 non
842 1919 901 1975 quo
924 1918 984 1962 non
1009 1919 1044 1961 ex
1071 1901 1169 1961 codiee
1191 1898 1257 1959 lictu

146 2010 211 2069 rius
234 2009 376 2087 restituit,
398 2024 458 2067 non
482 2016 550 2066 aute
573 2010 634 2067 sint
656 2025 671 2066 a
695 2006 828 2068 lucundo
853 2007 985 2067 additum
1005 2006 1157 2068 Gesnerus
1174 2005 1258 2066 delerit

147 2123 301 2194 praeterea
325 2117 400 2175 locis
423 2131 461 2175 ac
485 2116 745 2189 magnitudinibus
768 2114 986 2175 restituendum
1010 2123 1084 2176 erat.
1130 2133 1191 2175 uam
1212 2128 1258 2172 cun

145 2224 175 2282 in
199 2223 236 2281 iis
260 2218 432 2300 regionibus
456 2238 530 2299 quae
554 2220 641 2280 modo
666 2220 764 2282 dictae
788 2230 873 2282 erant
900 2232 1023 2301 propter
1053 2229 1185 2282 naturam
1204 2219 1258 2279 loco

146 2345 213 2387 rum
238 2327 374 2387 cochleae
399 2328 602 2406 magnitudine
625 2327 760 2388 diversae
780 2330 848 2409 siut,
871 2346 926 2407 pro
949 2328 1006 2388 hoc
1024 2327 1156 2388 breviter
1177 2327 1258 2387 dictum

145 2442 191 2495 est
214 2433 350 2494 cochleas
374 2433 550 2512 quibusdam
572 2434 646 2495 locis
670 2452 703 2495 ac
728 2434 981 2514 magnitudinibus
1004 2433 1136 2495 diversas
1159 2450 1220 2494 esse.

234 2538 315 2601 Nam
340 2548 375 2601 et
397 2540 500 2600 ualde
520 2541 655 2619 amplae
675 2549 762 2602 sunt
781 2559 991 2621 quamquam
1010 2559 1052 2601 ex
1071 2542 1180 2601 sirica
1195 2553 1258 2618 quae

146 2655 322 2708 uocantur
355 2647 538 2707 solitauue
571 2651 619 2707 ita
654 2655 693 2707 ut
724 2665 783 2707 eas
811 2645 917 2706 LXXX
945 2646 1165 2726 quadrantes
1193 2643 1257 2706 coici

145 2751 303 2831 possint]
339 2755 496 2825 Quaedam
524 2774 564 2815 ea:
588 2753 703 2830 Africa
732 2773 767 2814 ex
795 2752 899 2814 Aldina
927 2753 1059 2815 editione
1083 2752 1257 2815 Schneideros

145 2862 394 2936 quemadmodum
413 2878 453 2921 cx
471 2859 582 2936 Africa
601 2860 698 2922 Gesne
706 2878 757 2921 rus
779 2862 955 2921 coniecerat.
994 2879 1174 2937 quamquam
1189 2858 1257 2919 lleito-

145 2984 197 3028 rus
216 2975 329 3046 quaest.
349 2964 429 3026 Varr.
449 2984 573 3045 gramm.
593 2987 619 3047 p.
640 2964 683 3028 63
707 2966 839 3028 delendit
857 2970 908 3047 ita,
929 2962 1121 3047 ‘quamquam
1139 2986 1173 3027 ex
1188 2965 1257 3025 lirin

145 3074 207 3135 lere
231 3074 395 3134 mediocres
410 3072 584 3153 alieruntor,
609 3084 706 3135 tamen
722 3091 797 3154 qorae
823 3073 890 3133 inde
906 3082 989 3135 ortae
1007 3073 1167 3134 solitannae
1180 3087 1255 3130 roceo·

145 3189 193 3242 tur
217 3180 298 3240 valde
318 3180 430 3261 amplae
452 3175 547 3240 sunt'.
586 3180 738 3242 sedidem
764 3198 946 3256 quamquam
964 3190 1084 3260 praeter
1103 3180 1178 3241 hum
1192 3192 1259 3239 unun

145 3286 243 3349 locum
266 3306 282 3347 a
305 3287 437 3348 Varrone
464 3306 523 3348 non
549 3298 724 3367 usurpatum
748 3305 814 3348 esse
837 3288 996 3348 adnotavit.
1043 3290 1142 3366 itaque
1164 3286 1259 3366 particu-

146 3393 202 3454 lam
227 3395 331 3453 vitiose
355 3392 400 3453 vel
423 3412 532 3473 parum
556 3403 624 3473 apte
647 3396 773 3474 positam
802 3394 920 3456 inclusi.
966 3395 1130 3455 solitannae
1155 3390 1260 3454 cochleae

146 3500 224 3561 uude
243 3499 404 3579 appellatae
424 3502 492 3580 sint,
512 3520 570 3560 non
596 3509 726 3581 constat3
750 3499 891 3562 selitanae
910 3499 1051 3561 dicuntur
1071 3500 1148 3581 apud
1162 3500 1260 3560 Plinium

146 3605 186 3665 lX
209 3602 271 3666 173
296 3614 325 3664 et
348 3604 427 3664 XXX
451 3604 503 3668 45.
526 3611 631 3667 -ita
658 3616 692 3667 ut
719 3625 826 3668 earum
854 3610 966 3668 calices
994 3610 1179 3682 quadrantes
1202 3612 1260 3666 octo

144 3715 232 3786 ginta
260 3730 372 3788 cupere
396 3717 512 3790 possint
540 3713 616 3774 edita
646 3722 714 3774 ante
742 3714 904 3775 victorium
929 3713 1108 3792 exemplaria
1131 3733 1166 3775 ex
1191 3711 1263 3772 Plinio

147 3817 186 3878 lx
207 3816 278 3900 173,
303 3819 352 3879 tobi
373 3820 409 3880 de
429 3805 562 3880 cochleis
582 3822 691 3899 scripta
712 3828 783 3881 stunt
804 3820 886 3901 haec,
910 3824 1085 3882 coclearum
1104 3823 1213 3881 uicaria
1232 3821 1264 3875 in·

146 3929 242 3987 stituit
274 3929 398 3986 Fuluius
431 3925 576 4002 Lippinus
610 3929 641 3985 in
676 3927 890 4001 Tarquiniensi
911 3959 964 3999 -,
989 3929 1140 3988 distinctis
1168 3927 1265 4002 quiden

145 4035 309 4108 generibus
337 4050 456 4106 earum,
483 4036 650 4109 separatim
678 4040 712 4092 ut
742 4041 840 4094 essent
867 4035 971 4107 albae,
999 4051 1079 4108 quae
1108 4038 1138 4094 in
1160 4033 1266 4093 Reatino

148 4156 225 4213 aare
243 4146 422 4218 nascuntur,
444 4144 611 4215 separatim
634 4148 667 4200 ut
690 4142 844 4216 Illyricae,
868 4141 977 4214 quibus
1001 4143 1174 4216 magnitudo
1193 4152 1265 4214 prac-

148 4249 247 4319 eipua,
272 4242 451 4326 Africanae,
475 4248 583 4321 quibus
602 4246 792 4321 fecunditas,
820 4249 983 4320 selitanae,
1007 4249 1119 4322 quibus
1140 4247 1263 4307 nobilitas.

148 4354 221 4425 quin
249 4359 278 4411 ct
303 4355 443 4428 saginam
470 4370 577 4413 earnm
605 4361 787 4414 commentus
816 4360 860 4413 est
881 4371 959 4429 sapa
989 4359 1019 4414 et
1042 4351 1135 4428 farre
1159 4354 1263 4423 aduam

147 4460 324 4533 aenariam,
356 4466 390 4518 ut
417 4462 539 4519 cocleae
565 4476 683 4534 quoque
715 4462 813 4521 altiles
844 4477 977 4535 ganeam
1009 4462 1166 4537 inplerent,
1192 4456 1260 4516 cuius
