2874 4994
326 342 457 414 RERVM
475 343 715 399 RVSTICARVM
733 344 801 400 Lus.
820 345 833 400 l
852 343 982 402 37—38
1185 338 1228 402 93

173 495 342 558 Faciendi
371 495 534 574 scrobes]
563 495 637 559 Non.
660 516 689 577 p.
708 495 820 580 aaut
846 500 976 561 Scrobes
1001 498 1148 575 feminino
1175 519 1227 577 pe·
1305 528 1306 531 ¹

120 621 164 680 re,
186 606 352 664 masculino
376 604 503 664 Plantas
518 637 559 646 —
578 604 676 664 Varro
700 608 887 667 rusticarum
911 623 1015 666 rerum
1038 608 1088 668 lib.
1104 607 1124 666 I
1142 624 1225 668 scro-

120 713 213 771 rulnm
240 712 328 785 dicit,
352 712 430 771 idem
461 711 567 773 Manio
594 714 677 787 quod
708 714 779 772 dum
807 715 1034 787 administrant,
1063 716 1093 773 in
1120 715 1229 774 scrobe

120 819 225 879 diendo
249 819 405 878 inveniunt
432 835 548 878 arcam.
594 815 794 878 scrobiculum
825 819 855 877 in
885 817 941 878 hoc
968 817 1044 879 libro
1073 838 1131 880 non
1160 818 1226 899 legi,

120 923 134 983 l
159 925 254 984 errori
278 924 461 1002 grammatici
485 922 676 1002 tribuendum
700 941 766 984 esse
786 921 934 1010 Victorius
953 925 1110 988 adnotavit.
1147 926 1225 987 lacu-

121 1048 165 1110 m,
190 1048 248 1109 qua
281 1027 421 1089 Varronis
445 1028 533 1090 verba
553 1029 630 1109 apud
653 1027 788 1092 Nonium·
815 1030 918 1091 hausta
942 1039 1039 1114 erant,
1065 1031 1225 1093 Muellerus

120 1137 265 1211 :nificarit

170 1239 191 1305 5
222 1242 305 1304 Cum
338 1245 444 1303 etiam
476 1261 570 1304 nunc
601 1243 768 1323 platanus
802 1243 945 1305 nouella
977 1243 1090 1323 esset]
1124 1246 1226 1305 Etiam

120 1367 155 1411 aa
178 1350 269 1411 editio
292 1348 531 1411 Commeliniana.
576 1352 729 1431 praeteriti
757 1352 901 1429 temporis
930 1369 997 1412 aum
1025 1355 1116 1412 ctiam
1143 1371 1226 1413 nunc

120 1458 171 1518 siti
194 1455 327 1536 exempla
350 1455 490 1518 iudicavit
509 1456 641 1519 Handius
660 1456 785 1519 Tursell.
805 1477 831 1520 v.
849 1456 876 1517 ll
898 1476 927 1537 p.
945 1453 1020 1519 586.
1050 1476 1117 1520 crim
1141 1477 1224 1538 prac-

120 1566 161 1624 ni
190 1573 323 1643 tempure
351 1567 442 1625 etiam
470 1583 552 1625 nnnc
580 1564 689 1644 legitur
716 1563 741 1624 ll
764 1561 831 1646 1,5
861 1567 952 1625 etium
980 1583 1062 1625 nnnc
1096 1568 1127 1626 in
1155 1568 1229 1626 locis

120 1672 181 1732 iltis
211 1688 329 1746 ponera
358 1673 511 1747 pecudum
539 1668 682 1745 serarum
713 1678 783 1731 sunt
815 1679 847 1730 et
879 1671 967 1732 boues
991 1670 1113 1746 perseri
1139 1674 1228 1732 ctiam

120 1794 166 1838 nc
187 1787 269 1852 sunt,
303 1774 382 1838 ib.9
405 1781 499 1837 multa
528 1780 618 1838 etiam
646 1795 728 1838 nnnc
752 1809 793 1819 —
818 1779 946 1852 dieitur,
977 1774 1113 1859 114,18
1138 1781 1228 1838 ctiam

120 1901 165 1945 nc
187 1887 313 1958 aestipia
336 1892 496 1965 apparent,
522 1880 606 1964 11‚9
631 1887 721 1945 etiam
744 1885 827 1945 nunc
850 1885 970 1958 vellunt,
994 1881 1033 1942 lll
1054 1880 1117 1965 1,6
1137 1887 1227 1945 etiam

120 2006 165 2051 ne
191 1995 235 2051 ita
263 1993 382 2066 dicant,
405 1986 475 2071 2‚3
499 1994 589 2051 etiam
617 2009 699 2051 nunc
726 1998 848 2066 ructor,
877 1992 947 2051 item
971 1987 1096 2065 1214
1119 1994 1230 2051 rustici

120 2111 172 2158 am
193 2116 275 2158 nunc
299 2114 417 2172 quoquc
436 2100 515 2156 aiam
534 2099 639 2158 rebam
658 2100 820 2174 appellant.
854 2093 880 2156 11
901 2094 951 2178 ll,
973 2093 1013 2157 lb
1036 2100 1228 2158 etiamnunc

120 2212 229 2264 mutar
256 2206 377 2284 scripsi,
400 2203 453 2264 ubi
483 2207 573 2266 etiam
598 2207 668 2267 inde
691 2208 838 2266 dicantar
865 2212 911 2264 est
939 2205 969 2264 in
997 2202 1089 2264 libris.
1135 2203 1227 2263 semel

131 2310 296 2390 archetypo
324 2315 487 2372 etiamnum
515 2313 659 2390 scriptum
687 2321 764 2392 erat,
787 2306 917 2387 114,10
939 2313 1101 2371 etiamnum
1134 2311 1226 2385 qaod·

120 2419 170 2476 aas
202 2435 218 2477 c
253 2418 353 2478 Gallia
386 2421 592 2495 adportentur
615 2419 741 2480 Romam
775 2435 906 2495 pernae,
938 2416 989 2479 ubi
1022 2420 1112 2478 ctiam
1144 2435 1227 2477 nunc

121 2523 175 2583 dit
196 2521 318 2585 Merula.

170 2628 346 2700 Quaedam
371 2632 400 2691 si
424 2628 541 2691 bubus
565 2638 599 2692 ct
623 2636 742 2690 aratro
766 2630 1018 2710 proscindcris
1036 2638 1071 2690 et
1089 2630 1225 2691 iteran-

126 2752 161 2796 m
184 2746 373 2817 autequam
397 2755 517 2798 semen
541 2736 668 2815 iactas]
685 2740 898 2798 Proscinderis
916 2736 984 2798 libri
1004 2754 1091 2797 manu
1112 2738 1225 2818 scripti,

120 2847 266 2905 ›scideris
289 2846 320 2904 in
338 2845 473 2924 principe
492 2843 622 2905 editions
642 2843 805 2905 Politianus
824 2863 882 2905 non
903 2845 1041 2905 correxit
1075 2846 1118 2904 ad
1134 2861 1225 2919 qnae-

120 2964 160 3028 ω,
182 2954 211 3011 si
233 2984 274 2994 -
296 2953 493 3028 prosciderit,
517 2954 690 3012 iterandum
714 2950 848 3011 Ursinus.
882 2953 971 3010 immo
994 2950 1138 3028 quaedam
1162 2949 1225 3011 loca

120 3064 150 3116 st
181 3058 305 3135 primam
338 3059 500 3118 arationem
534 3059 622 3118 etiam
653 3056 786 3117 iteranda
819 3064 902 3135 sunt,
932 3064 1089 3133 antequam
1123 3075 1224 3116 samen

120 3161 212 3223 iatur.
260 3167 359 3224 iacias
386 3165 493 3242 scripsi
523 3182 576 3242 pro
605 3166 713 3243 iactes,
743 3161 820 3241 quod
853 3160 950 3222 adbuc
982 3163 1012 3219 in
1045 3160 1225 3221 editionibus

120 3274 147 3328 ι
190 3271 338 3330 iaciuntur
368 3271 447 3329 enim
476 3272 601 3349 semina,
629 3286 688 3329 non
719 3270 881 3350 iactantur,
914 3263 1012 3346 14,1
1044 3270 1225 3343 priusquam

120 3377 178 3435 rias
200 3378 325 3449 semina,
350 3372 423 3436 142
447 3382 480 3434 nt
501 3392 600 3434 semea
625 3376 768 3434 iaciatur.

171 3480 212 3542 Ut
247 3481 490 3542 defendantur
522 3500 538 3540 a
570 3479 748 3561 pastione]
783 3481 809 3540 Α
838 3483 977 3557 pastione
1008 3480 1100 3542 deleri
1133 3479 1225 3542 voluit

121 3589 207 3649 sinus
231 3585 507 3665 coll.130prata
531 3585 672 3662 defendi;
698 3585 750 3646 sed
774 3585 933 3649 Columella
958 3586 998 3647 Xl
1017 3584 1046 3668 2,
1065 3585 1107 3649 27
1128 3596 1223 3665 prata

120 3711 217 3767 raare
239 3703 269 3756 et
291 3714 310 3756 a
330 3714 444 3774 pecore
467 3694 640 3771 defendere.

170 3807 313 3862 XXXVIII
332 3799 352 3863 2
386 3800 422 3862 Si
446 3809 573 3863 caueto
596 3799 774 3879 dominus]
794 3802 831 3861 Si
853 3808 961 3862 caveat
983 3820 1018 3862 ex
1038 3801 1141 3863 Aldina
1163 3803 1222 3864 edi-

120 3921 162 3966 ne
194 3918 348 3989 receptum
379 3917 455 3991 crat,
489 3912 518 3969 si
549 3915 637 3969 caret
668 3908 783 3988 scripsi.
829 3925 897 3967 nam
921 3908 1112 3967 coniunctivi
1144 3908 1224 3969 modi

120 4007 161 4073 ‚lla
184 4017 259 4077 ratio
283 4025 336 4077 cst.

171 4119 191 4184 3
223 4121 262 4198 ln
286 4141 326 4182 co
350 4124 439 4182 siin
463 4118 577 4181 medic
602 4118 750 4181 robusta
778 4117 898 4199 aliqua
922 4121 1069 4181 materis
1092 4121 1142 4180 sit
1165 4119 1223 4181 de-

128 4235 183 4288 cta
207 4238 339 4308 negant
362 4237 567 4308 serpentem
591 4224 704 4303 nasci]
729 4227 766 4287 In
790 4229 876 4287 cosi
897 4229 995 4288 medio
1015 4225 1140 4288 Ursinus
1159 4226 1224 4289 call.

120 4324 193 4395 lum,
212 4335 238 4395 ll
260 4332 348 4417 14,ss
375 4338 431 4396 sed
457 4337 560 4396 eodem
587 4335 685 4394 medio
712 4336 777 4394 loco
809 4335 963 4395 robustam
989 4337 1146 4396 materiem
1174 4337 1224 4396 dc·

120 4446 346 4504 ercamserta.
392 4444 491 4521 potius
515 4439 689 4520 corrigenda
712 4447 777 4501 erat
800 4439 958 4501 verborum
982 4442 1167 4526 coniunctio,
1189 4452 1224 4504 nt
