2874 4994
244 344 288 410 34
604 351 793 409 COMMENT.
813 351 853 407 IN
871 348 1029 406 CATONIS

333 506 447 569 Pilum
479 507 653 569 fabariam
685 506 698 567 I
730 508 943 568 tarsensium
974 505 987 565 I
1019 504 1249 566 seminarium
1279 500 1293 561 I
1326 502 1386 581 qui

245 615 393 676 nucleos
412 622 603 676 snccernat
622 614 634 675 I
654 614 805 676 modium
823 612 850 691 I]
871 614 1043 676 Succernat
1060 609 1226 691 apographa
1246 617 1276 669 et
1295 608 1386 668 editio

245 721 376 803 Victord,
394 730 536 806 secernat
554 722 631 783 edita
650 729 718 782 ante
733 719 897 782 Vlctorium
916 719 1102 799 exemplaria,
1121 718 1199 798 quod
1220 715 1386 777 Politianus

243 829 274 887 in
293 829 428 908 principe
448 828 578 889 editione
597 846 656 889 non
676 830 813 888 correxit.
855 830 1052 889 seminarium
1070 842 1163 886 unum
1181 842 1240 900 qua
1260 826 1384 885 nucleos

242 943 398 1011 secernet,
419 939 550 997 modium
573 953 665 997 unum
688 933 813 1016 Merula3
840 939 895 1010 qui
916 953 952 995 ex
976 952 1065 995 manu
1089 933 1208 1012 scriptis
1232 930 1318 991 IihrIs
1340 929 1385 990 lu·

243 1042 360 1103 cundns
383 1043 524 1103 restituit.
561 1060 615 1122 pro
631 1041 833 1123 surreurium,
857 1041 936 1121 quod
955 1040 1051 1100 adhuc
1070 1042 1101 1101 in
1120 1037 1302 1099 editionibus
1321 1038 1385 1116 luit,

240 1148 417 1224 serrarium
440 1150 557 1229 scripsi,
583 1151 661 1209 sicut
683 1150 828 1228 scrIptum
852 1157 916 1208 crat
938 1166 1027 1227 supra
1047 1151 1182 1222 fistulam
1201 1147 1385 1224 ferrariam.

242 1274 428 1318 succernerc
447 1256 554 1334 legitur
571 1253 621 1336 18,
637 1253 655 1316 7
675 1260 790 1318 calcem
808 1257 913 1316 cribro
930 1257 1103 1317 succretam
1120 1257 1224 1336 indita,
1244 1252 1287 1315 25
1301 1257 1385 1315 aina-

243 1380 312 1426 ceos
340 1366 451 1425 cotidie
476 1367 650 1425 succernito
678 1368 754 1425 lecto
781 1365 913 1425 restibus
939 1364 1076 1424 subtento
1103 1366 1151 1423 vel
1177 1364 1315 1423 cribrum
1344 1365 1388 1422 illi

242 1473 292 1530 rei
304 1479 428 1550 parato,
446 1468 499 1552 37,
512 1467 533 1532 2
548 1478 670 1548 partem
688 1474 727 1532 dc
744 1474 860 1532 nucleis
873 1474 1055 1545 succernito,
1076 1465 1179 1546 151‚3
1195 1472 1386 1529 dimidiatum

243 1579 370 1652 diuitum
390 1585 504 1638 terram
523 1581 616 1638 altam
634 1581 816 1659 succernito,
836 1579 908 1638 item
927 1577 1001 1639 Plin.
1016 1575 1107 1635 XVIII
1123 1572 1186 1638 115
1203 1579 1296 1652 nypsi
1309 1593 1387 1652 pars

244 1692 358 1759 paaurtu
373 1687 564 1762 inspurpitur
578 1692 677 1760 utque,
696 1691 730 1746 ut
743 1687 886 1765 cohaesit,
902 1684 1059 1761 scrinario
1074 1686 1178 1744 cribro
1191 1690 1388 1744 succernunt.

242 1792 341 1870 itaque
367 1800 506 1870 quattuor
530 1787 659 1870 pilorum
682 1809 791 1871 genera
815 1790 1013 1872 appellantur,
1036 1790 1195 1870 fabarium,
1218 1789 1387 1868 terrarium,

244 1899 449 1979 seminarIum,
477 1907 615 1977 quartum
644 1900 695 1978 qui
718 1897 841 1959 nucleos
865 1906 1028 1959 succernat.
1076 1915 1143 1957 nam
1170 1900 1224 1972 qai
1245 1896 1310 1956 Ioco
1335 1894 1387 1955 ad-

243 2001 338 2065 verbii
365 2004 477 2065 dictum
501 2013 623 2066 etcum
647 2007 835 2067 coniunctiro
858 2008 988 2086 positum
1012 2014 1057 2065 est
1080 2005 1111 2065 in
1134 2006 1282 2065 sententia
1306 2001 1387 2064 finali

241 2113 390 2172 constanti
412 2112 443 2172 in
466 2110 523 2172 hoc
547 2110 623 2173 libro
646 2130 713 2194 usu,
736 2110 802 2192 6‚4
824 2116 871 2173 uti
892 2116 948 2175 sict
971 2116 1025 2189 qui
1043 2115 1161 2172 cineam
1180 2114 1295 2187 cilices,
1320 2107 1385 2189 7,1

241 2226 271 2278 et
299 2221 384 2294 lipna
412 2227 441 2280 et
467 2222 575 2294 circae
601 2223 706 2281 uenire
729 2226 867 2297 possunt,
900 2228 929 2281 et
958 2222 1077 2280 domino
1105 2221 1165 2278 erit
1191 2221 1245 2293 qui
1270 2224 1388 2291 utatur,

244 2322 294 2406 11,
308 2323 329 2386 2
343 2329 411 2387 cola
430 2329 484 2402 qui
492 2328 601 2401 florem
615 2329 716 2388 demat
730 2328 792 2401 III,
818 2324 858 2388 12
873 2329 1043 2389 constibiles
1057 2327 1173 2400 lipneas
1191 2329 1245 2400 qui
1257 2326 1389 2386 ardores

241 2436 420 2512 conprimat,
442 2429 495 2513 21,
514 2430 534 2495 3
558 2435 734 2495 imbricibus
755 2418 869 2510 ferreis
892 2441 1037 2509 quattuor
1060 2436 1098 2493 de
1120 2450 1174 2493 suo
1197 2434 1257 2493 sibi
1277 2435 1387 2492 utrim-

240 2557 299 2614 que
316 2558 404 2601 secus
419 2539 517 2615 facito
540 2543 595 2615 qui
608 2543 697 2617 daus,
722 2537 764 2601 26
783 2543 950 2618 priuasque
972 2543 1112 2616 scopulus
1135 2541 1166 2599 in
1187 2542 1269 2600 doliu
1285 2538 1388 2614 [acilo

239 2648 355 2708 liabens
378 2649 424 2707 illi
444 2650 505 2728 rei,
530 2649 585 2723 aui
605 2650 695 2708 labro
719 2650 868 2710 doliorum
891 2645 1116 2722 circumsrices,
1139 2643 1196 2727 39,
1215 2645 1236 2706 2
1258 2649 1314 2721 qui
1335 2663 1387 2706 co·

240 2756 334 2814 larem
357 2756 485 2815 eundem
504 2753 616 2830 sacius,
640 2762 744 2817 cretae
767 2757 884 2816 crudae
904 2761 1011 2830 partes
1034 2756 1120 2829 duas,
1144 2755 1239 2815 calcis
1262 2755 1388 2813 tertiam

237 2868 358 2937 partem
381 2864 575 2935 conmisceto,
601 2858 665 2923 104
688 2865 789 2924 ninum
809 2861 950 2937 familiae
968 2879 1027 2938 per
1050 2862 1175 2923 lammam
1198 2862 1387 2935 quietatur.

328 2968 371 3027 XI
395 2965 412 3028 1
443 2965 622 3038 Quomodo
648 2971 768 3029 uiniae
792 2969 915 3047 iugera
938 2965 960 3026 C
983 2968 1180 3028 instituere
1203 2964 1386 3046 oporteat]

247 3075 354 3135 Viciae
372 3077 576 3156 superscrIpto
595 3094 693 3151 neum,
712 3077 738 3136 si
751 3073 896 3136 PolitIano
915 3074 989 3135 ssdes
1007 3073 1142 3135 habenda
1159 3082 1213 3155 est,
1236 3076 1266 3134 in
1282 3072 1387 3134 arche·

240 3190 311 3261 typo
331 3183 476 3262 scrIptum
496 3192 574 3265 erat3
596 3183 648 3244 scd
668 3200 756 3248 neam
775 3183 806 3243 in
825 3181 884 3263 illo,
908 3189 941 3242 ut
960 3181 1086 3263 videtur,
1109 3183 1276 3242 recentiore
1295 3198 1388 3241 manu

240 3288 372 3349 additum
400 3297 472 3351 erat.
519 3294 625 3352 cineae
652 3288 762 3350 habent
789 3289 964 3369 apographa.
1012 3293 1165 3350 instruere
1190 3307 1268 3349 unus
1291 3287 1386 3349 codex

239 3394 434 3458 Parisinusd
456 3405 486 3457 et
508 3396 565 3457 hoc
588 3397 653 3457 loco
678 3405 708 3457 et
730 3398 761 3458 in
785 3396 882 3457 indice
905 3394 1111 3477 capitulorum,
1135 3399 1293 3457 instituere
1316 3394 1386 3456 reli·

242 3521 299 3582 qua
318 3503 485 3583 apographa
509 3520 576 3564 cum
595 3502 747 3565 PolitIano.
788 3506 940 3578 Quomodo
962 3507 1079 3564 cineum
1099 3506 1238 3578 iuperum
1261 3505 1388 3565 Qinsti-

240 3619 326 3671 tuere
344 3616 482 3686 oportent
496 3607 644 3670 Victorius
663 3611 694 3670 in
711 3612 905 3691 inscriptione
920 3612 1033 3689 capitis.
1071 3627 1137 3670 nam
1152 3613 1182 3670 iu
1197 3612 1271 3690 IpsIs
1285 3608 1388 3670 verbis

238 3717 324 3796 haec,
352 3719 430 3776 sicut
453 3734 543 3796 supra
566 3735 591 3777 c.
614 3714 654 3778 10
677 3719 708 3777 in
731 3717 932 3797 descriptione
955 3716 1067 3797 oliveII,
1095 3718 1126 3776 in
1151 3736 1238 3778 manu
1263 3719 1387 3797 scriptis

240 3822 323 3883 libris
351 3832 381 3883 et
408 3825 439 3883 in
468 3822 596 3883 editione
621 3821 742 3885 Victorii
771 3826 880 3886 omissa
908 3834 938 3884 et
965 3823 1043 3885 tituli
1066 3822 1131 3884 loco
1155 3826 1265 3902 scripta
1289 3833 1385 3885 erant

246 3930 368 3990 l'ineum
391 3938 550 3991 centenum
579 3933 718 4006 iuperum
741 3934 856 3994 nabere
883 3938 1001 4009 oportet
1029 3934 1149 3992 uilicum
1173 3949 1236 4010 sqq.
1260 3929 1387 3991 dederat

238 4024 398 4118 Iucundos,
417 4039 568 4110 Quomodo
583 4041 700 4099 cineam
717 4042 826 4114 lupera
840 4040 864 4099 C
876 4043 1029 4099 instruere
1043 4045 1160 4117 oportet
1173 4037 1385 4098 Schneiderus.

238 4145 406 4222 genetivum
431 4148 537 4206 cineae
560 4144 666 4223 legisse
691 4145 808 4206 videtur
826 4143 918 4206 Varro
942 4144 960 4206 I.
979 4164 1004 4205 c.
1029 4148 1066 4206 dc
1089 4149 1247 4206 vinearum
1269 4148 1386 4221 inperi-

239 4254 293 4311 dus
320 4254 351 4311 C.
374 4253 472 4330 itaque
496 4252 602 4330 scrIpsi
631 4252 784 4323 Quomodo
807 4256 914 4313 aeneae
937 4256 1045 4327 iaapern
1073 4253 1098 4311 C
1118 4256 1271 4315 iustruere
1294 4270 1384 4331 opor·

237 4366 308 4419 tect.
355 4360 521 4419 accuratius
545 4368 644 4418 autem
670 4375 760 4437 supra
784 4359 820 4420 de
844 4359 950 4419 oliveto
975 4360 1119 4438 scriptum
1143 4369 1207 4421 erat
1231 4362 1384 4434 Quomodo

237 4471 345 4529 oletum
369 4470 442 4543 apri
465 4469 574 4540 tuaera
601 4466 709 4526 CCXL
733 4470 885 4529 instruere
907 4448 1057 4545 oporteats
