2874 4994
333 318 382 374 DE
400 317 490 375 lant
510 319 682 375 OVLTVRA
701 321 842 376 LIBRVM
862 321 892 377 G.
911 321 928 378 7
1162 315 1203 380 27

52 483 153 555 terea,
180 478 265 551 quod
287 493 328 537 ex
346 475 503 552 fructibus
526 478 671 538 arborum
695 481 741 539 illi
761 485 832 539 sunt
851 478 1046 554 tripidiores,
1075 498 1203 555 auorum

52 599 148 643 meus
172 585 311 644 imitatur
334 586 398 644 aiai
418 603 567 662 saporem,
591 593 625 645 at
648 589 728 646 mula
751 604 805 646 seu
827 589 977 662 simplicia
995 606 1048 647 seu
1066 596 1203 662 arenata

54 693 101 750 ael
124 692 269 771 cydonia,
293 709 372 766 quae
394 695 516 753 catania
539 700 628 753 uocat
654 693 736 753 Cato.
773 700 896 753 cotonea
920 693 994 754 mala
1019 692 1096 773 apud
1120 693 1203 754 Cato-

55 814 123 857 nem
158 795 346 877 appellantur
378 806 532 877 praeterea
566 816 590 859 e.
616 795 657 860 51
691 806 722 859 el
750 796 827 880 133,
851 797 879 861 2.
930 803 1108 876 quiriniana
1136 799 1204 861 libri

55 922 146 965 manu
171 906 278 984 scripti
295 912 333 986 „et
355 905 446 966 editio
469 908 610 985 princeps
633 924 649 966 a
669 905 813 968 Paliliano
837 924 896 967 non
920 915 1062 968 correcta.
1100 925 1203 969 verum

56 1010 177 1072 ridetur
200 1015 361 1088 quintana,
388 1020 422 1073 ut
444 1021 491 1073 est
514 1014 543 1073 in
568 1011 653 1073 libris
677 1012 766 1073 Plinii
784 1011 834 1073 XV
853 1010 897 1075 50
924 1016 996 1076 Cato
1020 1017 1117 1076 adicit
1139 1018 1203 1090 qai·

56 1122 151 1180 riano
178 1126 209 1180 et
231 1138 311 1195 quae
333 1122 431 1181 tradit
455 1123 486 1180 in
509 1123 597 1182 doliis
620 1123 714 1182 condi
733 1125 909 1198 sedatiaaa,
938 1130 969 1182 et
991 1121 1068 1199 apud
1093 1120 1203 1182 Maero-

56 1225 140 1286 bium
164 1226 284 1287 Satura.
302 1205 343 1287 lll
364 1224 449 1307 19,2
472 1231 620 1289 maloram
643 1231 852 1289 enumeranda
875 1236 1096 1305 sumnonem,
1126 1247 1205 1304 auae

60 1335 196 1394 Cloatius
224 1337 255 1395 in
284 1335 502 1396 ordinatorum
528 1336 717 1396 Graecorum
740 1337 819 1396 libro
842 1345 952 1411 quarto
976 1340 1019 1396 ita
1043 1339 1205 1412 dilipenter

55 1453 227 1515 enumerat,
251 1436 337 1502 ‘sunl
360 1449 461 1503 autem
482 1460 600 1517 ponera
623 1445 771 1503 maloram
795 1446 964 1504 amorinum
987 1447 1138 1505 eotoaium
1164 1476 1202 1487 -

53 1542 250 1624 quirianum'
268 1567 334 1628 sqq.
358 1548 465 1610 deinde
489 1551 533 1609 ad
553 1551 692 1611 radicem
714 1567 820 1610 earum
841 1553 957 1610 addere
976 1549 1033 1610 luit
1052 1552 1082 1610 in
1102 1550 1204 1611 editio-

54 1654 146 1716 nibus
169 1664 238 1717 aale
262 1654 434 1717 Victoriam.
477 1659 523 1717 ati
543 1658 666 1718 stabilia
689 1659 770 1717 mala
790 1660 869 1731 pont
892 1656 969 1718 edita
993 1657 1062 1717 inde
1085 1677 1101 1718 a
1125 1658 1205 1737 prin·

53 1764 123 1842 eipe
148 1762 280 1824 editione
299 1761 487 1844 exemplaria,
507 1764 654 1839 pabulum
677 1766 826 1824 malorum
845 1761 993 1824 Victorius
1017 1783 1052 1824 ex
1072 1762 1204 1825 Medieeo

55 1869 162 1931 codiee
186 1869 351 1952 adnotavit,
375 1887 554 1950 quamquam
578 1867 620 1929 ibi
639 1871 788 1947 pabulum
811 1872 956 1949 scriptum
980 1880 1034 1931 est.
1080 1875 1127 1932 uti
1150 1891 1205 1949 pa·

55 1980 161 2038 udum
179 1981 328 2038 malarum
347 1981 407 2051 fiat
430 1975 621 2037 scribendum
645 1994 710 2037 esse
732 1977 805 2038 vidit
823 1976 982 2038 Gesnerus.
1020 1996 1088 2038 nam
1107 1980 1205 2039 inuida

55 2095 128 2146 sunt
152 2103 228 2165 quae
252 2084 320 2146 olim
345 2082 504 2145 Turnebus
527 2082 675 2143 adversar.
696 2080 748 2164 25,
762 2082 796 2165 9,
826 2082 957 2161 Scaliger
981 2086 1011 2144 in
1034 2083 1116 2145 Varr.
1137 2103 1161 2145 r.
1180 2104 1205 2146 r.

53 2189 146 2273 131,
164 2189 200 2274 4,
231 2189 397 2252 Pontedera
429 2209 457 2269 p.
481 2187 524 2252 34
557 2198 785 2269 temptaverunt.
835 2190 976 2270 pabulum
1005 2191 1041 2251 de
1070 2200 1203 2253 stercore

54 2299 132 2360 dixit
147 2297 308 2360 Columella
323 2295 394 2377 115,
412 2297 426 2359 1
445 2302 534 2375 prius
554 2306 662 2372 tamen,
681 2317 772 2375 quam
791 2302 900 2360 exilem
919 2306 1035 2360 taram
1055 2303 1205 2374 iteremus,

54 2416 236 2468 stercorare
258 2410 429 2468 conueniet:
452 2424 522 2467 nam
547 2423 582 2467 eo
605 2410 695 2482 quasi
713 2409 827 2483 pabulo
843 2410 955 2485 atiscli,
978 2403 1206 2486 ib.13‚3una

52 2532 206 2591 praesens
232 2516 385 2574 medicina
401 2521 470 2599 besl,
498 2520 532 2573 at
558 2511 695 2575 stercori
722 2515 848 2574 adiuves
876 2521 905 2574 el
930 2515 1103 2590 absumptas
1126 2516 1207 2574 uires

55 2624 116 2682 lroe
140 2624 220 2682 uelut
238 2622 352 2697 pabula
375 2619 528 2700 refovens,
559 2616 630 2699 V9,
647 2615 688 2680 13
708 2623 780 2694 fimo
800 2621 998 2696 pabulandae
1020 2627 1091 2680 sunt
1113 2624 1206 2681 aleae.

149 2725 172 2787 4
205 2726 286 2787 Pira
318 2727 478 2787 nolaema
511 2727 674 2787 aniciana
707 2733 741 2786 et
773 2728 972 2788 semenliua
1005 2727 1090 2787 haee
1124 2745 1206 2787 ean·

58 2834 180 2895 ditius
204 2835 239 2894 in
263 2852 345 2913 sapa
368 2832 460 2894 bona
484 2842 592 2894 erunt
615 2834 798 2894 tarentina
817 2842 954 2894 mustea
974 2834 1206 2895 eueurbiliua

57 2944 147 3002 item
170 2940 239 3001 alia
262 2958 394 3020 genera
418 2959 519 3020 quam
543 2940 661 3019 pluris
685 2942 797 3001 serito
816 2949 876 3001 aut
895 2941 1063 3019 inserita]
1085 2943 1206 3003 Semen-

56 3051 126 3109 tiua
155 3047 323 3128 apographa
347 3049 445 3108 omnia
469 3056 499 3107 et
522 3049 621 3127 ipsum
644 3046 720 3107 haud
746 3046 835 3108 dubie
859 3047 1065 3130 archetypum,
1092 3067 1205 3111 semea·

56 3160 126 3217 tiaa
150 3157 180 3215 in
204 3156 339 3234 principe
365 3155 495 3215 editione
514 3153 677 3215 Politianus
701 3171 760 3214 non
784 3156 922 3215 correxit.
960 3162 1075 3217 mustea
1095 3175 1205 3218 cueur-

57 3265 159 3324 bitiua
191 3260 260 3323 libri
293 3280 381 3322 manu
416 3263 520 3341 scripti
548 3269 578 3322 et
600 3259 778 3340 Politianus‚
810 3271 926 3322 mustea
954 3270 984 3322 et
1010 3266 1206 3325 eueneraitina

59 3369 141 3431 edita
170 3369 239 3431 inde
267 3388 283 3429 a
310 3371 446 3449 principe
474 3368 604 3430 editione
634 3366 820 3448 exemplaria.
870 3371 1016 3430 aniciana
1043 3374 1207 3431 sementiva

59 3478 171 3556 scripsi
199 3492 235 3536 ex
259 3475 389 3536 Varrone
409 3493 433 3535 r.
452 3492 476 3536 r.
495 3474 508 3533 l
527 3471 614 3557 59,3
643 3483 753 3537 eontra
781 3479 812 3536 in
835 3493 912 3552 sapa
935 3478 1059 3536 condita
1082 3494 1208 3538 manere

56 3589 134 3662 pira
147 3586 295 3644 aniciana
308 3586 481 3644 sementiva.
510 3583 642 3642 aniciana
657 3583 721 3660 pira
736 3581 885 3662 appellant
898 3581 1091 3644 Columellall
1104 3581 1153 3659 10,
1166 3581 1207 3646 18

60 3700 92 3751 et
111 3688 226 3749 Plinius
246 3687 295 3749 XV
315 3686 371 3771 543
391 3686 443 3770 61,
465 3687 650 3749 eirourb'itiva
668 3688 782 3749 Plinius
801 3687 852 3748 XV
870 3686 922 3771 55,
941 3689 992 3751 ubi
1012 3693 1208 3752 cucurbiliua

61 3800 94 3859 in
130 3814 219 3857 maun
251 3797 372 3877 seriptis
403 3794 487 3857 libris
514 3795 636 3876 legitur3
669 3798 830 3857 sementiva
859 3807 889 3856 et
916 3806 1030 3858 mustea
1058 3806 1207 3876 tamquam

60 3904 179 3965 diversa
203 3902 240 3964 ab
263 3911 391 3983 utroque
416 3921 525 3982 genere
549 3902 677 3982 appellat
704 3902 782 3963 idem
807 3902 856 3963 XV
876 3899 918 3965 56
939 3913 1105 3981 praeterea
1129 3908 1208 3966 droit

61 4016 178 4073 volema
209 4011 359 4087 Verpilius
386 4030 406 4072 a
433 4011 546 4072 Catone
567 4019 699 4088 sumpta,
726 4014 780 4087 qui
801 4018 831 4072 et
853 4015 1016 4073 sementiva
1039 4019 1069 4072 et
1091 4021 1207 4072 mustea

61 4121 209 4181 nominat.
254 4118 361 4179 deinde
389 4136 479 4195 paam
504 4121 639 4196 plurima
662 4117 814 4178 lucundus
842 4127 872 4177 el
899 4125 967 4195 post
993 4116 1073 4177 hune
1099 4116 1207 4196 reliqui

61 4226 209 4307 editores,
242 4226 318 4303 quod
346 4227 457 4288 retinui
485 4233 656 4306 propterea,
689 4223 767 4304 quod
796 4242 884 4303 saepe
912 4227 952 4285 ita
980 4223 1111 4285 loculum
1141 4243 1206 4285 esse

62 4333 206 4394 Catonem
239 4333 352 4415 inveni,
383 4329 403 4394 9
431 4336 516 4395 sicca
544 4348 634 4408 quam
658 4335 793 4410 plurima
818 4325 929 4407 facita',
960 4328 1012 4411 28,
1038 4329 1055 4392 1
1084 4335 1207 4394 eximito

63 4457 134 4503 oum
162 4446 251 4502 terra
277 4458 334 4500 sua
359 4459 449 4518 quam
469 4443 618 4522 plurima,
647 4435 1007 4520 animandorum
1030 4456 1098 4500 eum
1121 4446 1208 4500 terra
