2874 4994
276 119 325 175 DE
344 119 433 184 AGRI
452 121 626 178 OVL'PVRA
644 122 785 178 LIBRVM
804 122 833 179 O.
849 119 1023 179 let-145
1157 113 1219 178 153

69 279 158 359 socii,
181 279 233 357 qni
257 278 417 357 participes
440 297 507 339 esse
530 281 630 358 operis
653 278 764 361 volunt,
788 280 815 339 si
833 278 971 339 dominus
989 286 1041 339 aut
1060 286 1162 340 custos
1181 280 1221 338 ita

69 383 187 467 volent,
215 387 314 445 iurare
342 384 452 448 debent
474 386 531 448 sibi
556 404 623 447 cum
648 386 836 465 redemptore
859 386 896 446 de
920 403 1009 466 opera
1032 386 1221 447 concedenda

69 511 134 553 non
159 495 342 554 convenisse.
380 493 457 574 qnod
483 513 550 556 cnm
574 512 633 555 non
657 497 756 555 minus
780 495 815 555 ad
835 494 1000 555 faciendam
1019 494 1113 555 oleam
1132 513 1220 574 quam

69 599 108 660 ad
139 599 298 680 legendum
326 605 488 683 pertineat,
517 611 678 681 utrumque
701 604 732 663 in
757 602 821 680 lege
845 602 881 662 de
904 601 968 662 olea
992 601 1114 681 legenda
1138 619 1221 681 prac-

69 709 186 787 cipitur
214 716 244 769 et
271 708 378 769 deinde
406 709 442 770 de
471 709 603 770 iacienda
633 709 696 771 olea
725 709 803 769 idern
831 711 979 788 repetitur
1001 708 1130 769 brevius.
1177 712 1219 769 in·

64 819 320 892 praesentiarum
352 826 461 898 autem,
494 816 573 897 quod
607 826 637 877 et
669 836 685 877 a
713 816 832 878 Catonis
865 835 1002 877 sermone
1035 816 1164 877 alienum
1193 826 1223 877 et

68 940 182 1001 parum
206 931 273 1002 apte
296 923 410 985 dictum
433 943 499 986 esse
525 927 618 986 visum
642 932 688 985 est
711 923 825 985 Handio
848 923 974 986 Turseli.
999 943 1024 984 r.
1044 923 1083 983 ΙΙΙ
1102 942 1129 1002 p.
1150 920 1223 1005 235,

69 1028 109 1089 de
131 1032 283 1109 praesenti
302 1041 435 1111 tempore
455 1034 609 1113 pactionis,
633 1050 692 1111 quo
712 1032 748 1092 de
768 1030 992 1092 condicionibus
1011 1033 1110 1110 operis
1130 1031 1225 1091 futuri

69 1139 190 1218 agitur,
213 1137 325 1199 dictum
349 1147 403 1200 est.

165 1275 187 1341 5
206 1280 445 1342 Accessiones
464 1284 494 1343 in
513 1242 542 1342 b
552 1281 647 1343 ooCC
669 1281 810 1342 accedit
828 1280 929 1341 oleae
950 1280 1064 1341 salsae
1083 1243 1136 1341 biv
1155 1281 1225 1342 olei

68 1387 159 1465 puri
188 1405 216 1466 p.
239 1386 317 1448 Vllll
344 1390 379 1448 in
408 1397 483 1450 tota
507 1387 749 1450 oletateffiv.
773 1391 875 1449 aceti.
901 1408 927 1467 q.
952 1387 985 1448 U.
1009 1387 1101 1467 quod
1126 1387 1224 1448 oleae

69 1491 193 1554 salsae
222 1512 291 1555 non
319 1499 530 1575 acceperint
553 1496 632 1591 dpm
655 1495 766 1556 oleam
791 1495 911 1575 legent
935 1497 969 1555 in
994 1496 1225 1556 modiossin·

69 1598 315 1677 gulosffiSS.
339 1601 532 1681 dabuntur]
559 1606 754 1666 Accessiones
778 1607 809 1663 in
832 1606 945 1664 modios
968 1604 1018 1663 CO
1034 1606 1119 1664 oleae
1138 1622 1226 1664 acce·

71 1709 148 1768 dent
169 1711 244 1770 sales
266 1712 361 1771 modii
381 1711 406 1769 V
421 1715 484 1773 olei
497 1714 575 1788 puri
587 1714 690 1788 pondo
706 1709 758 1770 IX
773 1714 804 1770 in
824 1717 886 1771 tota
905 1713 1027 1771 olcitate
1045 1712 1100 1771 HS
1106 1712 1130 1769 V
1147 1714 1229 1772 necti

71 1817 298 1887 quadrantalia
322 1818 364 1876 II.
410 1836 469 1893 pito
497 1822 583 1879 oleae
609 1822 702 1878 sulem
731 1836 791 1877 non
818 1820 1007 1893 acceperint,
1036 1820 1106 1878 dum
1131 1823 1226 1880 oleam

73 1921 176 1994 lepent
208 1925 240 1983 in
273 1926 386 1985 modios
418 1927 552 2001 sinpulos
580 1926 635 1985 HS
665 1926 821 1985 dabantur
853 1922 1014 1984 iucundus.
1069 1924 1226 1985 lectionem

78 2025 231 2108 archetypi
255 2028 404 2090 Victorius
433 2033 573 2092 restituit.
619 2031 672 2091 sed
701 2032 732 2090 in
760 2030 815 2092 bac
844 2029 922 2109 quod
951 2033 981 2090 in
1006 2031 1227 2092 accessionibus

82 2142 197 2208 praeter
220 2135 313 2197 oleam
338 2136 445 2198 salsam
464 2147 494 2198 et
513 2138 610 2218 oleum
629 2156 738 2217 porum
758 2146 788 2198 et
806 2145 924 2198 acetum
944 2140 1076 2217 quinque
1097 2141 1228 2199 sestertii

89 2250 235 2314 ponuntur
258 2261 317 2304 non
341 2247 434 2324 magis
459 2244 649 2327 intellegitur,
673 2263 760 2324 qnam
785 2245 863 2324 qnod
887 2253 990 2324 postea
1015 2247 1228 2325 scriptumest

93 2345 122 2404 in
152 2352 260 2412 modios
298 2353 433 2428 sinpuios
468 2356 602 2414 sestertii
636 2370 731 2428 stupra
766 2355 876 2428 scripti
908 2354 1071 2413 dabuntur.
1126 2355 1227 2432 itaque

99 2455 271 2535 transpositis
298 2459 390 2538 notis,
424 2477 499 2538 quae
527 2477 616 2538 pravo
646 2458 733 2518 modo
761 2460 792 2519 in
820 2456 905 2518 libris
933 2476 1021 2519 manu
1050 2461 1170 2538 scriptis
1198 2468 1228 2521 et

95 2589 234 2673 inpressis
263 2602 377 2679 positae
405 2610 503 2683 erant,
531 2601 723 2662 scribendum
751 2608 797 2661 est
820 2605 1010 2663 accessiones
1034 2606 1065 2663 in
1089 2562 1130 2662 dl.
1143 2605 1232 2663 Mcc

85 2743 227 2804 accedent
257 2747 342 2805 oleae
369 2747 469 2804 salsae
498 2707 578 2819 dolis,
607 2749 667 2805 olei
684 2748 761 2821 pieri
779 2762 809 2820 p.
828 2744 935 2818 VIIII,
964 2747 994 2804 in
1019 2752 1081 2805 totu
1109 2749 1230 2806 oleitatc

76 2848 162 2902 aceti
177 2867 205 2925 p.
223 2850 253 2910 V.
290 2853 374 2926 quod
396 2854 482 2912 oleae
504 2843 605 2912 salsae
628 2869 687 2912 non
707 2853 892 2930 acceperint,
916 2852 987 2910 dnm
1006 2855 1102 2911 oleam
1122 2855 1229 2927 tepent,

66 2939 99 3000 ’ᾗ
135 2960 255 3017 modios
286 2960 423 3032 stapulas
449 2976 473 3018 s.
500 2977 524 3020 s.
553 2959 601 3018 SS
608 2959 631 3015 V
662 2959 825 3018 dabantur.
882 2959 1063 3017 accessionis
1096 2958 1160 3019 ioco
1193 2959 1228 3018 ad

58 3054 225 3123 sunlmam
254 3081 310 3142 pro
333 3080 424 3143 opere
452 3063 587 3124 iaciendo
616 3064 809 3124 constitutam
838 3065 867 3122 in
896 3081 983 3123 nsum
1010 3062 1175 3141 legniorum
1200 3076 1231 3126 et

52 3155 254 3230 strictutum
282 3188 299 3230 a
325 3170 444 3230 domino
469 3169 553 3231 fundi
578 3169 725 3230 addentur
748 3171 777 3229 in
803 3169 918 3229 modios
941 3168 1073 3229 olearum
1097 3168 1176 3229 mitio
1200 3181 1231 3231 et

49 3248 228 3337 ducentos
257 3276 339 3337 oleae
367 3277 461 3338 salsae
487 3278 578 3337 modii
602 3279 747 3357 quinque,
776 3276 834 3336 otei
857 3278 926 3355 puri
949 3276 1047 3355 pondo
1071 3294 1177 3337 novem
1200 3286 1230 3338 et

46 3371 116 3430 1³⁰¹·
144 3386 249 3444 totam
269 3383 418 3444 oteitatem
437 3386 514 3445 aceti
533 3383 735 3464 quadrantalia
754 3385 896 3463 quinque.
928 3384 1025 3461 siquid
1042 3383 1121 3444 oleae
1137 3384 1230 3445 salsae

44 3458 186 3551 dmum
209 3508 270 3551 non
293 3493 360 3572 erit,
383 3509 438 3570 pro
462 3509 495 3551 ea
519 3501 616 3571 parte,
641 3508 729 3570 quam
754 3508 813 3551 non
837 3492 1019 3572 acceperint,
1043 3491 1113 3551 dum
1137 3491 1231 3552 oleam

41 3561 191 3679 legem,
210 3599 241 3658 in
260 3596 395 3676 singulos
413 3597 526 3659 modios
542 3616 577 3658 ex
593 3615 682 3677 snpra
698 3599 818 3678 scriptis
834 3600 966 3676 quinque
982 3598 1087 3659 modiis
1102 3602 1232 3661 sestertii

40 3684 218 3784 quitlque
242 3703 402 3766 dabuntur.

172 3811 278 3872 CXLV
304 3810 320 3874 1
351 3810 475 3874 Facito
498 3820 598 3874 recte
622 3812 806 3874 arbitratu
831 3809 962 3870 domini
986 3794 1047 3869 aut
1069 3813 1233 3872 custodis

38 3900 122 4009 ‘iffi
164 3918 201 3978 id
225 3921 410 3998 negotium
433 3918 578 3980 curabit
601 3922 631 3980 si
655 3938 714 3980 sex
739 3920 835 3997 iugis
858 3919 956 3977 uasis
979 3934 1068 3995 opus
1091 3919 1162 3979 erit
1184 3919 1232 3978 sa·

39 4006 172 4104 01ῑῦ]
196 4026 232 4086 Si
257 4045 313 4088 sex
337 4030 417 4103 iupis
441 4026 607 4106 apographa
632 4038 662 4088 et
685 4026 777 4087 editio
801 4024 937 4104 Victorii,
968 4026 1038 4084 item
1062 4023 1234 4108 Pontianus,

42 4113 125 4177 ¹¹⁰⁰
172 4136 201 4193 si
226 4152 266 4195 ex
294 4137 388 4209 cipes,
418 4141 453 4195 ut
480 4133 630 4194 Gesnerus
659 4133 816 4194 adnotavit.
866 4137 894 4192 si
921 4151 960 4192 ec
987 4135 1083 4207 vireis
1111 4131 1234 4194 dederat

42 4198 208 4321 Mel‘ula‚
236 4244 266 4301 si
294 4259 334 4302 ce
361 4243 473 4318 circeis
501 4240 660 4302 iucundus.
708 4242 775 4320 iuga
805 4257 872 4300 vasa
900 4240 930 4298 in
956 4237 1034 4299 oleto
1057 4240 1233 4302 instruendo
