2874 4994
383 343 431 397 DE
455 343 545 399 AGRI
563 344 736 400 CVLTVRA
754 345 895 400 LIBRVM
919 346 947 401 C.
963 344 1048 401 4-5
1247 338 1285 402 19

137 499 204 558 lieri
238 518 255 559 a
283 517 369 559 servo
402 495 515 578 potest'
546 502 760 580 iuterpretatur
789 501 947 562 Gesnerus.
991 504 1080 562 imma
1110 502 1285 563 ltenelrainm

137 606 252 667 dieitur
275 606 348 668 illud
373 626 432 687 quo
456 627 560 668 servus
583 607 659 669 bene
682 612 799 671 meruit.

231 713 253 777 3
276 714 368 775 Duas
396 723 455 775 aut
483 724 558 776 tres
582 716 737 776 familias
761 716 891 779 habeat
913 718 1005 778 unde
1029 720 1161 780 utenda
1184 729 1288 798 roget

138 830 174 882 et
198 821 333 901 quibus
357 822 416 883 det
438 831 628 901 praeterea
652 823 797 901 nemini]
818 826 987 887 Praeterea
1011 826 1177 906 apographa
1201 835 1286 887 etex

138 930 207 1006 ipso
231 929 390 1008 archetypo
411 929 569 1010 Victorius,
589 939 717 1007 praeter
739 950 793 992 eas
815 930 893 992 edita
917 941 984 992 ante
1004 931 1167 994 Victoriam
1190 952 1288 994 exem-

140 1034 243 1116 plaria,
268 1035 347 1115 quad
366 1035 530 1097 Politianus
551 1038 581 1096 in
600 1039 735 1116 principe
755 1037 884 1098 editione
904 1057 963 1099 non
983 1039 1100 1100 videtur
1119 1043 1288 1101 mutavisse.

139 1159 211 1201 nam
234 1145 331 1203 errori
349 1143 475 1205 Gesneri
499 1142 689 1204 tribuendum
714 1152 768 1224 est,
792 1144 870 1224 quod
892 1166 944 1206 eas
963 1145 999 1206 ab
1018 1166 1054 1208 eo
1073 1146 1203 1208 deletum
1223 1167 1288 1207 esse

139 1247 292 1310 indicarit.
340 1259 505 1327 praeterea
533 1254 679 1312 neminem
707 1251 738 1312 Α.
763 1251 929 1313 Gronovius
958 1254 1035 1333 apud
1065 1254 1288 1316 Schneiderum.

139 1358 223 1416 riarde
246 1375 262 1416 a
282 1355 391 1417 Catone
415 1357 552 1418 similiter
575 1358 687 1418 dietum
708 1361 803 1419 estin
822 1362 955 1421 oratione
975 1378 1028 1438 pro
1048 1360 1080 1421 L.
1099 1360 1191 1422 'lurio
1211 1362 1288 1440 apud

140 1461 271 1523 Gellium
290 1461 354 1523 xlv
372 1462 407 1544 2,
426 1462 469 1526 26
498 1469 543 1526 illi
568 1469 651 1527 unde
675 1471 800 1543 petitur,
828 1471 859 1529 ei
881 1472 983 1544 potius
1008 1471 1193 1528 credendum
1217 1487 1288 1528 esse.

140 1587 210 1628 nam
235 1589 294 1630 non
318 1570 414 1632 solum
438 1571 475 1631 de
499 1571 563 1632 loco
587 1572 644 1633 hoe
668 1572 786 1654 dieitur,
814 1574 865 1635 sed
890 1594 944 1653 pro
968 1573 1090 1634 relativo
1113 1577 1288 1653 pronomine

140 1695 211 1736 eum
240 1680 460 1756 praepositione
488 1698 590 1759 saepe,
621 1677 713 1761 14,3
742 1689 858 1742 terram
886 1684 968 1743 ande
993 1686 1088 1742 latam
1112 1685 1182 1762 fiat,
1210 1679 1289 1740 ilud

141 1787 247 1857 tepula
274 1816 326 1857 —,
350 1789 432 1849 aride
459 1794 572 1862 quarto
597 1805 674 1863 para
703 1789 815 1864 aberit,
845 1784 941 1867 35,2
969 1792 1048 1850 coles
1073 1791 1188 1865 raptati
1209 1790 1290 1848 tende

137 1893 234 1963 fiant,
257 1888 352 1970 att
379 1901 498 1954 stercus
525 1895 607 1954 unde
629 1893 744 1969 facias,
772 1890 829 1968 38,
848 1892 870 1955 4
893 1913 990 1970 aeque
1013 1897 1143 1971 lapidem
1165 1896 1290 1955 habebis

140 1999 227 2058 ande
254 2002 370 2060 calcem
395 2017 521 2075 coquos,
550 1996 593 2061 58
617 2004 699 2062 aleas
722 2005 923 2078 tempestivae,
954 2003 1034 2062 ande
1057 2005 1209 2062 minimum
1233 2005 1290 2062 alei

138 2107 215 2177 fieri
234 2110 361 2182 poterit,
390 2102 433 2167 59
462 2114 591 2168 veterem
615 2111 759 2184 accipito,
788 2111 869 2168 unde
891 2115 1034 2169 centones
1052 2112 1144 2188 fiant,
1173 2105 1290 2189 112st

142 2214 227 2273 unde
250 2216 351 2273 vinam
379 2215 469 2274 Coum
490 2213 600 2289 faeere
623 2218 711 2295 aolea,
734 2233 809 2275 auos
832 2218 1004 2289 relinquito.

233 2316 256 2380 4
275 2314 487 2398 Operarium
507 2322 768 2380 mercenarium
782 2320 972 2399 politorem
988 2320 1127 2382 diutIua
1141 2322 1290 2382 eundem

143 2443 187 2486 ne
211 2424 339 2486 habeat
362 2425 432 2503 die]
455 2427 563 2489 Libeat
585 2446 639 2506 pro
661 2429 775 2489 lrabeat
792 2427 956 2488 Politianus
979 2447 1014 2488 ex
1033 2426 1165 2488 llledieeo
1188 2428 1290 2488 codiee

144 2552 174 2592 m
203 2533 367 2613 adnotavit,
400 2551 459 2593 non
491 2552 527 2594 ex
556 2543 656 2595 vetere
683 2533 844 2615 Marciano,
877 2544 911 2596 ut
938 2543 984 2595 est
1011 2535 1089 2616 apud
1117 2535 1291 2596 Gesnerum.

144 2639 181 2700 de
205 2640 348 2720 politione
372 2643 435 2719 agri
458 2643 599 2720 partiario
622 2641 716 2702 danda
740 2651 932 2722 praeceptum
956 2652 1001 2703 est
1024 2663 1049 2703 a.
1069 2639 1142 2704 136.
1179 2642 1215 2703 ab
1235 2644 1290 2703 hoc

143 2756 179 2808 nt
202 2747 312 2827 politor
334 2748 471 2809 mercede
492 2747 658 2810 conductus
677 2749 920 2830 distingueretur,
944 2749 1146 2811 Schneiderus
1170 2760 1290 2811 anctore

144 2853 312 2916 Pontedera
336 2858 454 2916 nomina
477 2857 507 2915 in
532 2855 611 2917 hune
635 2857 755 2917 modum
779 2859 941 2937 coniunxit,
965 2860 1153 2934 operarium,
1177 2875 1290 2917 merae-

144 2964 269 3022 nort'um
288 2966 457 3039 politorem.
498 2962 605 3023 deinde
629 2966 743 3024 diutius
766 2983 804 3025 ne
826 2965 938 3025 lrabeat
961 2942 1011 3025 die
1029 2964 1179 3024 Gesnerns
1201 2965 1290 3023 inter·

145 3074 283 3145 pretatur
316 3063 445 3130 ‘diutius
478 3088 514 3130 ne
547 3069 654 3130 habeat
681 3069 729 3131 die
757 3070 848 3150 dieta,
880 3088 918 3130 ne
946 3070 1043 3131 stadio
1072 3090 1146 3151 opus
1174 3070 1291 3130 trahant

144 3183 236 3254 atque
260 3176 370 3236 laeam
391 3171 594 3238 mercenarii'.
630 3179 720 3237 immo
743 3176 800 3238 hoe
822 3178 1013 3257 praecipitur,
1037 3195 1073 3237 ne
1098 3176 1203 3237 vilicus
1224 3193 1291 3256 ope-

146 3284 259 3343 rarium
279 3283 324 3343 vel
343 3287 580 3345 mercennarium
601 3284 646 3344 rel
662 3283 819 3364 politanam
838 3283 965 3344 eundem
984 3282 1052 3362 plus
1071 3302 1130 3344 uno
1149 3283 1197 3344 die
1216 3302 1291 3343 mer-

145 3388 219 3449 aede
239 3390 420 3452 conductum
438 3389 553 3471 haheat,
572 3390 601 3451 h.
615 3410 640 3451 e.
660 3409 697 3451 ne
716 3391 812 3452 eidem
831 3389 944 3451 homini
963 3391 994 3449 in
1013 3388 1130 3468 langius
1149 3391 1292 3469 temporis

144 3498 277 3577 spatium
300 3497 467 3559 mercedem
490 3499 651 3598 promittat
1367 3571 1370 3575 ,

241 3604 404 3682 Segetem
432 3624 473 3665 ne
498 3603 683 3683 detrudet]
710 3605 864 3690 Defendet
890 3606 980 3666 editio
1009 3605 1150 3683 princeps
1178 3621 1194 3662 a
1216 3601 1291 3662 Poli-

147 3714 229 3772 tiano
262 3731 322 3772 non
354 3720 489 3773 correcta
518 3720 548 3772 et
574 3711 693 3772 codices
715 3693 801 3792 Amo,
834 3712 995 3788 defraudet
1018 3711 1040 3790 l,
1073 3709 1238 3786 defraudet
1264 3708 1292 3789 h,

147 3817 293 3894 defrupet
319 3818 482 3880 Beroaldus
512 3838 548 3879 ex
575 3818 671 3879 Plinio
691 3817 780 3878 XVlll
800 3815 866 3879 200
892 3821 950 3880 loc
973 3821 1107 3895 pertinet
1133 3820 1293 3879 oraculum

145 3928 226 3987 illud
243 3944 352 4002 magno
371 3945 464 4003 opere
487 3929 724 3999 custodiendum,
749 3920 888 4000 ‘repetem
912 3945 950 3986 ne
968 3918 1138 4000 defrupes':
1162 3943 1230 3983 nam
1252 3926 1293 3983 ita

145 4033 190 4093 ibi
212 4035 244 4093 in
269 4033 422 4094 codicibus
440 4035 586 4112 seriptum
605 4041 658 4094 est.
696 4042 826 4112 segetem
845 4032 1002 4093 delrudare
1022 4030 1091 4110 quid
1112 4033 1159 4112 sit,
1183 4031 1294 4091 indicat

146 4139 264 4202 Nonius
291 4159 319 4219 p.
338 4137 434 4220 31,9
458 4139 636 4216 Desradore
657 4144 812 4216 sipnifieat
837 4139 974 4215 fructum
1002 4142 1139 4200 minuere
1166 4141 1214 4199 vel
1235 4157 1294 4214 per

143 4248 293 4325 fraudem
326 4250 443 4322 aliquia
472 4252 650 4329 exquirere,
680 4247 769 4326 gloss.
792 4246 993 4324 latino-graec.
1017 4265 1042 4305 v.
1065 4243 1091 4303 ll
1118 4263 1147 4324 p.
1170 4242 1226 4325 41,
1254 4241 1293 4305 16

146 4355 281 4432 defrudo
304 4349 464 4415 utalaam.
510 4355 680 4431 detrudere
703 4362 801 4415 autem
825 4373 840 4414 a
864 4351 1026 4413 fraudando
1050 4352 1163 4414 dietum
1186 4351 1294 4429 legitur

147 4462 228 4542 apud
251 4459 437 4522 Priscianum
460 4459 479 4520 l.
502 4460 515 4520 1
538 4481 566 4542 p.
585 4459 642 4544 39,
667 4460 706 4524 11
738 4459 774 4520 de
798 4478 834 4521 au
860 4458 1041 4540 diphthongo
1071 4463 1102 4519 in
1129 4478 1150 4518 a
1178 4476 1295 4533 qaoque

1046 4558 1082 4612 2‘
