2874 4994
149 335 212 401 174
487 343 677 398 COMMENT.
696 343 736 398 IN
754 341 942 399 VARRONIS

147 490 326 580 τριβόμενα
348 490 432 579 πρὸς
454 489 596 578 ἄλληλα,
622 490 728 570 πόδας
759 492 795 560 ἐν
822 494 868 584 τῷ
891 493 1041 577 βαδίζειν
1064 489 1112 579 μὴ
1133 498 1266 562 rienes

145 600 267 685 μένους
288 597 375 685 ἄγαν
398 598 483 685 μηδὲ
506 596 607 686 χηλὰς
630 599 883 685 ὃιεσιανμένας,
900 595 980 678 τοὺς
1003 595 1131 686 ὄνυχας
1150 604 1265 680 τελείοις

145 706 200 774 καὶ
223 713 328 791 ἴσους,
347 706 479 793 βύρσαν
502 703 611 792 sisso
637 704 692 772 καὶ
715 702 760 792 μὴ
779 701 1047 792 ἄπιξνλωμένην.
1082 704 1265 793 δοκιμάζουσι

150 811 187 880 dd
220 811 356 902 ἀρίστας
388 812 448 893 τὰς
478 826 548 892 τοῖς
583 810 734 899 χρώμασι
771 810 993 894 ξανθιζούσας
1027 811 1086 881 καὶ
1121 808 1161 880 τὰ
1193 814 1264 900 otiis

148 921 274 1006 μέλανα
306 917 446 1008 ἐχούσας
483 915 528 1009 ὡς
559 917 713 1004 εὐμενεῖς.
761 922 1020 1005 colum.v11,3
1053 928 1191 1002 parandi
1218 936 1264 988 uel

147 1034 235 1096 dones
258 1036 368 1095 novelli
389 1035 537 1108 quadrati
555 1034 728 1108 praedibus
751 1033 900 1105 membris,
923 1034 1072 1093 comibus
1091 1035 1223 1110 proceru
1236 1052 1261 1095 α

147 1141 343 1215 αι’μνοιιιιναο
371 1147 401 1201 ei
428 1141 574 1220 robustis,
594 1139 698 1213 fronte
728 1142 793 1199 loto
815 1145 846 1200 ei
867 1142 985 1216 crispo,
1008 1141 1138 1203 hirsutis
1158 1140 1262 1215 urrisu

149 1250 244 1308 oeulis
267 1255 298 1309 et
319 1248 415 1308 labris
437 1249 544 1322 nipris,
564 1248 693 1307 noricus
716 1249 834 1307 resimis
854 1249 1038 1328 patulisque,
1061 1249 1181 1309 ceruice
1199 1249 1260 1323 usp

150 1361 179 1416 et
202 1361 313 1428 torosa,
330 1354 509 1431 palearibus
528 1356 635 1429 amplis
653 1361 683 1414 et
692 1371 793 1430 poene
810 1355 854 1413 nd
868 1371 973 1428 μαινα
988 1356 1156 1431 promissis,
1168 1360 1260 1431 μιινιι

149 1478 267 1536 νιαμιιο,
287 1464 383 1538 armis
405 1464 506 1534 costis,
525 1463 638 1537 capaci
659 1467 688 1521 ei
707 1433 862 1535 dompnum
882 1463 1015 1536 implente
1032 1466 1131 1537 utero,
1148 1462 1258 1522 lusum

147 1571 308 1651 porrectis,
326 1570 433 1629 lumbis
456 1570 534 1640 lotis,
554 1570 644 1628 elorso
667 1574 752 1629 recto
772 1571 925 1644 planoque
943 1571 991 1628 vel
1012 1571 1104 1630 etium
1122 1568 1256 1629 subsidere

151 1677 291 1736 clunibus
313 1677 468 1755 rutundis,
496 1676 642 1736 cruribus
669 1678 825 1751 compactis
848 1692 887 1734 nc
909 1678 1011 1749 rectis,
1033 1677 1091 1736 sed
1107 1675 1256 1736 breuioribus

150 1785 252 1858 potius
275 1799 365 1857 quom
388 1785 493 1858 loupis,
512 1800 569 1843 uec
584 1783 715 1857 peribus
733 1783 877 1860 inprobis,
895 1785 1019 1857 uupulis
1041 1785 1167 1863 mopnr's,
1182 1784 1255 1842 condi

151 1891 331 1965 loupissimis
354 1897 385 1950 et
405 1891 518 1963 setosis,
538 1891 602 1966 pilo
625 1891 716 1950 totius
738 1892 878 1965 corporis
900 1891 993 1949 denso
1017 1890 1160 1965 breuique
1179 1891 1254 1950 οονιν

150 1997 232 2057 robii
254 1989 371 2079 (colore
391 1998 476 2057 rubii
497 1995 562 2059 cod.
583 1988 749 2076 Sangerm.)
772 1999 821 2056 rel
837 1993 930 2076 susci,
954 2003 1038 2057 tactu
1063 2000 1195 2074 corporis
1209 1998 1256 2056 ml·

150 2105 270 2164 tissime.

234 2208 460 2289 Compressis
483 2209 586 2271 malis
609 2208 760 2271 subsimi
788 2228 829 2270 ne
859 2208 1002 2289 gibberi
1029 2212 1133 2291 spina
1158 2210 1262 2272 leuiter

146 2320 297 2379 remissa
320 2319 458 2397 spuriis
481 2310 643 2401 neribus]
668 2319 850 2395 Compressis
868 2321 956 2378 molis
973 2313 1266 2395 superessemus

149 2429 239 2502 ομνια
261 2428 367 2486 leuiter
389 2428 517 2486 remisso
540 2443 604 2505 sqq.
627 2423 788 2507 Iucundos,
811 2429 993 2502 compressis
1015 2429 1113 2507 νιονο,
1135 2427 1275 2489 sumar,

146 2551 187 2594 ue
208 2534 438 2609 proheresius
458 2536 547 2610 spino
567 2535 673 2594 leuiter
696 2536 824 2594 remisso
842 2531 978 2614 Ursinus,
997 2536 1175 2610 compressis
1192 2530 1284 2595 moli&

144 2641 297 2718 subsimis,
315 2657 354 2700 ne
374 2640 519 2714 proberis,
539 2641 637 2715 μνιιια
660 2641 766 2700 leuiter
789 2641 919 2700 remisso
937 2643 1054 2716 opertis
1077 2642 1198 2702 moribus
1211 2638 1290 2699 uer

148 2762 240 2806 uerus
264 2746 400 2826 coniecit,
418 2747 538 2823 pinnam
562 2744 599 2804 de
623 2752 708 2824 septo
732 2748 848 2807 narium
872 2747 1097 2827 interpretatus,
1115 2742 1297 2826 compress&

146 2855 241 2925 mulis,
264 2853 397 2926 subsimi,
420 2870 459 2913 ue
479 2853 609 2932 elideri,
627 2855 683 2913 sed
703 2856 797 2930 ομνια
811 2856 917 2915 leuiter
936 2857 1065 2915 remisso
1083 2853 1301 2916 sunericus,

148 2959 198 3020 ubi
226 2958 358 3038 Georges
385 2957 489 3020 Philol.
516 2976 541 3019 v.
561 2956 604 3021 32
627 2977 655 3038 p.
674 2955 738 3020 697
766 2978 806 3021 ue
830 2961 961 3036 pindere
987 2963 1079 3038 spino
1104 2964 1161 3023 sed
1182 2962 1303 3024 imile?

146 3070 274 3128 remisso
302 3064 492 3127 scribendum
526 3068 662 3126 coniecit.
708 3066 852 3127 feminino
885 3077 1015 3148 genere,
1036 3067 1116 3147 qnod
1149 3069 1303 3149 scriptun¹

147 3183 192 3235 est
215 3191 314 3255 supra,
337 3175 533 3251 composilae,
555 3174 716 3254 ονὶοαμαα,
741 3176 871 3253 amplae,
900 3171 972 3234 haee
997 3191 1117 3254 quoque
1144 3169 1297 3237 ineunda

146 3298 211 3341 esse
239 3279 366 3342 Ursinus
397 3278 555 3360 intellexit3
588 3298 685 3359 neque
717 3279 882 3341 audiendus
916 3288 963 3340 est
998 3279 1207 3366 Schneiderus,
1228 3271 1289 3360 qui

146 3386 341 3448 masculinum
373 3404 481 3467 genus,
504 3385 582 3466 quod
614 3395 660 3447 esi
686 3389 717 3447 in
745 3385 911 3470 codicibus,
939 3388 1066 3449 subsimi
1095 3408 1136 3452 ue
1162 3384 1274 3466 ρι’ννιπζ

147 3498 187 3556 its
206 3494 347 3574 delendis,
365 3502 399 3554 ut
418 3496 547 3572 primum
567 3494 604 3555 de
623 3494 723 3555 vitulis
741 3493 893 3555 diceretur
912 3504 943 3555 et
961 3493 1081 3556 feminis
1099 3506 1131 3558 et
1148 3497 1271 3572 usuris,

144 3609 246 3681 postes
269 3600 307 3661 de
331 3599 470 3663 maribus.
519 3619 586 3661 narn
615 3620 683 3662 eum
713 3601 749 3662 ad
777 3601 925 3682 parandos
953 3610 1158 3666 armeniorum
1184 3616 1266 3686 peges
1306 3608 1309 3703 l

143 3708 216 3767 haec
244 3709 341 3767 omnia
374 3710 554 3788 pertineant,
584 3710 712 3788 primum
740 3709 852 3769 formae
880 3707 1094 3772 deseribunun
1122 3728 1267 3791 rasurum,
1307 3730 1309 3737 ·

143 3814 249 3875 deinde
273 3812 405 3875 breviter
428 3816 538 3876 dicitur
560 3815 597 3876 de
621 3819 723 3877 tauris.
769 3817 848 3877 idem
872 3815 945 3877 ordo
968 3825 1015 3878 est
1045 3819 1078 3878 in
1106 3820 1270 3899 geoponloiu

143 3919 307 3984 masculino
340 3941 449 4002 genere
484 3940 557 3983 usus
590 3932 635 3983 est
671 3920 831 3984 Columella
864 3921 901 3983 de
937 3922 1082 4002 eligendis
1120 3924 1215 3989 bubus
1246 3924 1274 3988 sd

140 4028 270 4090 laborem
290 4032 366 4110 aptis
385 4028 528 4091 scribens.
552 4031 652 4110 iisque
666 4032 773 4110 scripsi
786 4033 946 4106 sudsimue,
965 4034 1273 4114 meruissemus

140 4141 246 4197 leuiter
269 4139 405 4199 remisso.
450 4139 480 4198 in
503 4135 613 4217 quibus
634 4140 786 4200 sudsimoe
813 4137 849 4198 ad
873 4137 1147 4204 conformationem
1174 4145 1232 4206 oris
1252 4153 1282 4205 ei

143 4245 268 4321 narium,
289 4244 437 4316 pihderoe
460 4244 495 4304 sd
519 4243 641 4305 dorsum
665 4246 803 4324 pertinet.
839 4262 906 4305 nam
929 4247 959 4307 in
985 4245 1135 4311 membris
1157 4253 1284 4332 eorporis

143 4347 345 4409 describendis
368 4348 454 4429 plane
473 4360 588 4412 cerium
612 4350 747 4413 ordinem
766 4350 858 4412 Varro
881 4362 1003 4415 secutus
1027 4372 1091 4416 non
1117 4369 1177 4422 osu
1212 4378 1288 4442 prae⁴

145 4464 225 4516 teres
248 4458 357 4517 leniter
378 4459 478 4537 potins
501 4476 589 4537 quum
612 4462 718 4521 leuiter
741 4457 932 4522 scribendum
956 4467 1029 4522 ersi
