2874 4994
375 313 505 368 RERVM
523 312 763 369 Rvsricnuvsi
781 313 848 367 LIB.
868 313 906 367 111
928 311 966 367 16
1174 303 1236 368 291

108 467 192 552 dem,
212 468 362 530 adnotavit
382 468 522 549 Scaliger.
559 478 590 530 ct
608 470 740 529 diversas
763 469 927 529 sententias
947 466 983 528 dc
1006 467 1053 528 his
1077 466 1239 547 generibus

108 597 183 656 pum
212 577 303 638 luisse
335 576 423 637 docet
445 575 558 637 Plinius
582 575 622 636 xi
640 572 697 658 57,
728 593 910 652 quamquam
941 581 970 636 ct
999 576 1038 636 de
1067 577 1104 635 iis
1131 567 1239 657 (tucis)

108 687 180 746 ideo
209 687 349 745 dubitari
373 687 594 761 propriumque
624 687 661 744 iis
688 701 785 759 qenus
815 701 879 743 esse
908 685 1025 757 aliquos
1054 683 1240 756 existimare,

108 795 173 853 *cut
192 789 330 866 furibus,
351 793 566 866 prandissirnis
590 793 670 851 inter
697 794 779 870 illas,
806 791 862 851 sed
888 791 986 864 niqris
1013 792 1136 864 lataque
1164 792 1239 862 aluo,

108 916 133 958 u
161 901 330 978 appellatis,
353 900 428 973 quia
448 897 558 972 furtim
582 899 727 958 devorent
749 901 845 958 rnetla.

183 1021 253 1083 liae
276 1022 457 1083 diiierunt
480 1025 577 1083 inter
601 1040 637 1083 se
662 1041 750 1103 quae
780 1023 877 1082 ierae
906 1028 942 1082 et
969 1021 1113 1081 cicures
1142 1018 1237 1098 sunt]

108 1146 132 1190 'e
166 1129 339 1189 diversitate
367 1147 455 1214 apum
483 1129 614 1190 ierarum
641 1138 672 1190 et
699 1130 835 1190 cicurum
864 1128 938 1188 dixit
960 1127 1135 1189 Aristoteles
1164 1127 1181 1189 i.
1205 1147 1240 1209 a,

108 1255 164 1298 ,em
189 1235 302 1297 Plinius
325 1231 426 1297 x159
451 1254 523 1313 apes
545 1243 616 1297 sunt
638 1242 668 1296 et
690 1241 827 1297 rusticae
848 1239 1068 1311 silvestresque,
1091 1236 1241 1296 horridae

109 1347 254 1421 dspec'tu,
277 1347 369 1403 mutto
393 1345 619 1417 iracundiores,
642 1346 698 1403 sed
723 1361 815 1420 opere
842 1361 881 1405 ac
908 1343 1014 1404 lucore
1037 1348 1240 1419 praestantes.

108 1453 288 1511 troanarun
311 1452 371 1510 duo
392 1468 510 1524 qenera
529 1468 592 1528 sqq.
631 1449 683 1510 sed
707 1451 738 1510 in
757 1449 811 1510 hac
831 1451 977 1510 sententia
997 1448 1152 1509 relativum
1173 1466 1239 1528 pro·

108 1573 204 1617 omen
233 1574 313 1631 quae
340 1574 445 1636 parum
473 1565 574 1637 aptum
602 1575 668 1617 esse
696 1565 826 1636 apparet.
874 1574 970 1635 neque
1001 1557 1093 1635 magis
1120 1554 1242 1634 probari

108 1669 196 1723 otest
214 1663 292 1741 quod
313 1662 514 1723 Schneiderus
534 1663 724 1723 scribendum
743 1665 879 1744 coniecit,
898 1683 959 1738 quu
975 1664 1074 1739 ferae.
1111 1681 1166 1742 pro
1184 1661 1241 1722 hoc

108 1773 168 1830 'tria
189 1768 280 1843 ferae
303 1771 422 1851 scripsi,
439 1768 486 1830 rei
511 1772 609 1847 potius
632 1773 715 1845 quod
733 1770 825 1845 ferae
848 1769 1040 1831 scribendum
1063 1777 1135 1830 erat.
1173 1786 1242 1829 nam

108 1878 168 1936 ¹uio
187 1875 345 1936 admodum
365 1894 432 1936 raro
452 1893 468 1936 a
487 1873 617 1937 Varrone
637 1875 800 1941 adhibitum
819 1895 885 1937 esse
906 1876 1106 1956 disputatione
1127 1874 1238 1935 Reiteri

108 1990 209 2061 quaest.
240 1980 361 2043 Varrou.
392 2000 513 2061 gramm.
540 2000 567 2061 p.
587 1978 630 2044 98
660 1982 885 2062 comprobatum
916 1992 969 2044 est.
1015 1984 1046 2043 in
1076 1981 1124 2042 his
1156 1980 1242 2041 libris

108 2091 205 2168 egitur
228 2088 328 2170 semei,
352 2086 501 2170 11116,1
527 2107 567 2149 an
591 2093 664 2164 quia
687 2096 719 2150 tu
742 2094 847 2151 solitus
870 2109 909 2151 es.

186 2216 345 2275 Pascitant
373 2214 463 2275 editio
494 2216 633 2294 princeps
664 2233 680 2274 a
707 2214 852 2275 Politiano
884 2233 943 2275 non
976 2219 1111 2274 correcta
1142 2220 1173 2273 et
1205 2231 1241 2273 er

108 2340 184 2382 nanu
209 2323 328 2400 scriptis
356 2320 439 2381 libris
464 2339 493 2381 m
517 2330 547 2382 et
570 2321 728 2404 (laeseras,
758 2322 809 2383 sed
833 2324 984 2399 pastitant
1007 2319 1059 2381 ΑΒ
1088 2329 1119 2381 ei
1148 2319 1242 2381 codex

108 2427 296 2509 limentinus,
321 2427 399 2508 quod
425 2446 528 2488 verum
551 2437 605 2489 est.

185 2557 226 2622 21
254 2561 290 2621 Si
313 2562 587 2623 transferendae
611 2569 695 2622 sunt
719 2560 818 2621 aluos
842 2562 876 2621 in
896 2559 1004 2620 alium
1027 2557 1158 2637 locum]
1175 2560 1244 2620 Alai

108 2667 174 2729 dita
208 2667 277 2727 inde
310 2686 326 2728 a
358 2669 493 2748 principe
526 2668 655 2729 editione
687 2668 873 2747 exemplaria.
920 2666 1015 2727 delevi
1046 2671 1143 2728 aluos:
1176 2684 1243 2726 nam

108 2792 178 2855 psae
202 2791 274 2852 apes
297 2793 365 2835 oum
389 2773 461 2835 airis
486 2775 641 2836 transferri
664 2774 813 2837 dicuntur.

186 2897 284 2969 Quod
308 2899 422 2960 hieme
442 2900 648 2961 diiiieuiter
668 2908 915 2961 consuescunt
934 2897 1027 2978 quod
1047 2895 1243 2958 translatae

108 3005 255 3084 nanere]
279 3009 344 3080 Quo
367 3014 438 3068 sunt
461 3012 630 3068 translatae
653 3025 688 3066 ex
708 3005 811 3066 Aldina
836 3006 965 3065 editione
984 3011 1165 3084 receperunt
1183 3002 1244 3062 edi·
1339 3043 1342 3046 >

108 3131 191 3174 ores.
238 3115 269 3172 ia
304 3114 463 3193 archetypo
496 3117 579 3189 quod
610 3115 713 3172 vitiose
747 3113 907 3189 repetitum
941 3118 1012 3169 erat.
1059 3109 1114 3168 hoc
1147 3108 1244 3168 deleto

108 3222 208 3299 scripsi
231 3223 314 3295 quod
334 3223 431 3281 lrierne
453 3219 620 3294 difficulter
642 3225 843 3280 consuescunt
866 3221 1035 3278 translatae
1057 3233 1190 3276 manere.

192 3349 234 3413 22
268 3351 334 3412 Sed
368 3361 402 3413 et
432 3354 655 3414 transiturae
686 3353 760 3412 sint
790 3368 875 3430 apes
905 3368 943 3410 ea
974 3351 1133 3429 apiastro
1164 3366 1243 3427 per·

108 3457 282 3536 'ricanda]
309 3460 516 3535 Perfricanda
539 3459 598 3519 dm
621 3467 652 3520 et
674 3457 767 3520 codex
791 3457 989 3538 Florentinus,
1009 3454 1245 3533 perfricandum

108 3567 192 3627 editio
230 3568 370 3646 princeps
407 3585 422 3626 a
461 3565 603 3626 Politiano
640 3583 700 3625 non
737 3572 870 3625 correcta
903 3571 934 3625 et
966 3564 1058 3625 codex
1092 3561 1246 3624 (laeseras.

108 3675 252 3752 scriptura
271 3681 370 3734 autem
393 3673 544 3753 archetypi
567 3675 598 3733 in
617 3681 748 3733 extrema
771 3681 855 3752 parte
879 3670 947 3731 iibri
966 3689 1054 3751 saepe
1073 3670 1181 3732 detrita
1201 3668 1246 3730 vei

108 3780 223 3840 deiectu
248 3779 485 3840 membranarum
509 3778 603 3840 deleta
631 3781 668 3839 iis
692 3781 742 3858 qui
767 3780 870 3857 quinto
899 3778 1013 3838 decimo
1037 3777 1155 3838 saeculo
1179 3795 1246 3856 apo·

108 3885 214 3966 grapho
239 3887 375 3947 iecerunt
393 3889 539 3948 nonsatis
558 3885 669 3967 ubique
693 3885 865 3967 apparebat3
889 3903 986 3965 neque
1011 3882 1174 3944 Politianus
1203 3881 1246 3942 rei

108 3993 267 4074 Victorius,
295 3996 346 4074 qui
374 4002 442 4073 post
471 3993 538 4054 iilos
567 3993 700 4055 codicem
730 4001 963 4072 usurpaverunt,
987 3990 1071 4069 plura
1101 3988 1247 4068 legebant.

108 4104 159 4164 red
175 4105 204 4161 si
223 4105 413 4162 transiturae
425 4107 497 4161 sunt
510 4119 590 4178 apes,
605 4105 742 4178 apiastro
752 4100 989 4177 perfricandum
1008 4095 1128 4178 Merula,
1143 4094 1194 4156 ubi
1209 4114 1246 4156 ea

108 4216 176 4291 post
191 4226 263 4285 apes
277 4205 389 4267 addidit
405 4206 629 4289 iucundus‚sed
646 4213 675 4268 et
693 4225 730 4268 ea
745 4210 839 4286 alvus,
854 4208 885 4266 in
900 4223 960 4280 qua
976 4207 1166 4266 transiturae
1178 4210 1248 4263 sunt

108 4334 191 4397 apes,
210 4317 346 4391 apiastro
360 4314 567 4390 perfricanda
586 4314 734 4396 dageiius,
752 4316 807 4375 sed
827 4316 857 4375 si
876 4315 1067 4373 transiturae
1087 4316 1159 4372 sunt
1176 4327 1249 4386 apes

108 4441 152 4505 ea,
170 4425 309 4500 apiastro
328 4419 536 4498 perfricanda
558 4419 715 4482 Victorius.
752 4419 856 4481 iacuna
875 4425 1047 4497 corruptam
1069 4418 1247 4497 scripturam

981 4515 1036 4574 19*
