2874 4994
341 114 472 172 annun
494 68 916 173 uvsrrcsnrunm.1us
1136 106 1202 173 243

57 272 183 334 tabulae
200 274 361 335 literariae
378 275 508 349 speciem
527 289 596 334 cum
614 275 757 349 capituto,
773 271 877 349 [ormo
896 291 957 348 quc
976 279 1020 335 est
1037 274 1202 348 quadrato,

53 385 142 455 potet
165 381 196 440 in
214 382 403 442 latitudinem
417 399 449 458 p.
464 380 615 455 XLVIII,
639 383 669 441 in
692 382 911 455 longitudinem
929 399 960 458 p.
980 380 1123 450 LXXII;
1141 397 1203 455 qua
1263 378 1267 384 ’

56 487 103 546 nd
123 489 291 563 capitulum
312 490 462 549 rotundus
485 494 538 567 est,
558 505 589 563 ρ.
608 487 742 547 XXVII
762 485 971 548 Schneiderus.
1009 485 1098 548 verba
1126 505 1203 565 quiae

56 594 88 653 in
113 591 274 675 archetypo
292 593 339 655 bis
353 596 464 673 scripta
479 602 573 674 orant,
592 600 680 670 potet
697 596 729 655 in
744 596 935 655 latitudinem
945 597 1039 672 pedes
1049 593 1107 654 XL
1116 593 1201 673 VIII,

56 700 161 778 priore
175 698 241 761 loco
260 703 360 780 potius
379 719 466 781 quam
483 702 652 779 posteriore
672 698 795 761 delenda
815 718 881 762 esse
896 699 1022 762 Ursinus
1037 710 1067 763 et
1081 699 1202 761 Schnei-

55 805 149 867 derus
172 806 392 870 intellexerunt.
428 815 583 888 praeterea
605 809 712 883 quoad
728 806 895 884 'capitulum
918 810 1085 869 rutundum
1103 814 1148 869 est
1167 825 1202 867 ex

55 911 220 993 archetypo
243 916 376 997 restitui;
399 913 513 993 reliqua
536 923 618 975 recte
642 913 766 976 dederat
779 913 990 976 Schneiderus.
1032 932 1099 975 nem
1121 912 1204 975 locus

58 1020 238 1100 ornithonis,
266 1023 317 1101 qui
341 1030 387 1081 est
410 1022 489 1082 inter
517 1022 659 1082 macerias
683 1019 718 1081 ad
743 1023 874 1101 speciem
903 1020 1020 1083 tabulae
1043 1021 1204 1082 litterariae

60 1125 220 1208 formatus,
248 1127 321 1188 duas
350 1126 440 1190 habet
467 1137 579 1209 partes,
611 1127 733 1189 alteram
767 1127 940 1208 quadratam
967 1127 1012 1189 vel
1040 1126 1204 1210 oblongam,

56 1231 181 1294 alteram
205 1234 373 1296 rotundam.
408 1236 439 1296 in
458 1237 558 1314 priore
577 1243 670 1316 parte,
690 1233 741 1295 ubi
762 1235 856 1296 lorma
876 1233 1018 1314 quadrata
1037 1242 1092 1316 est,
1112 1251 1203 1315 quan·

58 1348 123 1401 tum
147 1341 178 1400 in
202 1338 389 1402 latitudinem
414 1350 443 1403 et
466 1343 497 1402 in
520 1341 735 1421 longitudinem
759 1341 842 1404 locus
865 1351 964 1422 pateat
986 1341 1148 1421 indicatum
1170 1343 1201 1402 in

55 1447 233 1530 posteriore,
248 1447 343 1527 quaad
358 1447 519 1510 rotundum
533 1447 695 1528 capitulum
715 1456 769 1529 est,
784 1447 911 1529 simplici
927 1466 1051 1510 numero
1071 1449 1203 1528 spatium

59 1551 210 1614 definitur.

149 1657 190 1721 ll
224 1659 271 1721 dd
294 1661 382 1723 haec
405 1665 454 1723 ita
478 1671 517 1724 ut
540 1664 575 1723 in
598 1664 760 1742 margine
784 1666 887 1743 quasi
909 1665 1035 1725 infimo
1058 1661 1203 1725 tabulae

57 1767 247 1848 descripta
280 1770 328 1830 sit
360 1767 553 1831 ambulatio
585 1768 626 1831 eb
654 1770 848 1833 ornithone
877 1769 1036 1851 plumula
1067 1771 1104 1831 in
1138 1788 1203 1850 qua

57 1874 173 1935 media
196 1884 281 1937 srtnt
304 1878 427 1938 caniac
452 1894 517 1955 qua
541 1878 716 1938 introitus
739 1879 814 1939 itur
837 1880 873 1939 in
897 1895 1014 1939 aream
1034 1875 1107 1954 est]
1136 1879 1203 1950 Qua

58 1984 202 2043 introitus
226 1985 257 2043 in
281 2001 387 2046 areum
411 1992 455 2045 est
477 1983 598 2064 blerula,
621 2002 682 2059 qua
706 1987 766 2045 iter
789 1988 950 2046 tauream
973 1991 1017 2046 est
1040 2003 1076 2045 ex
1099 1983 1202 2044 Aldina

58 2087 190 2149 editione
210 2086 367 2171 Victorius,
390 2109 452 2167 qua
475 2094 628 2153 introrsus
651 2093 710 2152 iter
734 2094 765 2152 in
789 2110 895 2153 aream
918 2099 963 2154 est
985 2086 1033 2152 ‘ex
1054 2089 1203 2171 liyclriano

57 2189 177 2255 codice’
197 2193 348 2257 Gesnerus
363 2197 464 2260 edidit.
500 2215 569 2258 vera
589 2215 653 2258 esse
669 2197 742 2258 baec
761 2196 833 2277 sola,
853 2217 927 2278 quiae
943 2199 972 2259 in
989 2199 1204 2277 antiquissimis

56 2300 239 2362 editionibus
270 2320 410 2382 expressa
434 2311 531 2384 erant,
558 2320 620 2378 gua
643 2305 786 2365 introitus
814 2305 845 2363 a'n
869 2321 975 2377 aream
1003 2310 1060 2377 est,
1089 2305 1204 2364 monuit

57 2405 198 2486 Scaliger.
244 2406 281 2468 de
314 2407 464 2487 llycliano
496 2416 596 2469 autem
628 2406 748 2490 codice,
781 2407 808 2469 Ιι.
832 2427 858 2470 e.
885 2408 1033 2491 Parisino,
1065 2428 1154 2491 quem
1187 2429 1203 2470 a

55 2512 170 2594 llyclrio
194 2513 331 2575 collatum
356 2514 574 2596 schoettgenus
596 2524 626 2577 et
645 2514 796 2577 Gesnerus
815 2515 994 2600 habuerunt,
1017 2515 1059 2583 illi
1087 2536 1203 2579 errave·

55 2629 138 2683 runt.
174 2622 205 2681 in
220 2640 246 2682 v.
261 2624 398 2699 glumula
417 2624 528 2684 frustra
546 2621 755 2685 laboraverunt
769 2621 928 2685 Turnebus
946 2623 1061 2687 advers.
1080 2622 1133 2706 21,
1148 2620 1201 2703 23,

56 2726 199 2809 Scaliger,
221 2727 364 2789 Pithoeus
388 2730 501 2791 advers.
521 2729 716 2812 subsecivxl,
734 2729 782 2812 12,
806 2729 969 2812 Gesnerus,
994 2750 1061 2793 cum
1084 2733 1115 2792 in
1139 2749 1203 2792 cor·

55 2843 147 2915 rupto
170 2833 313 2896 vocabulo
337 2844 421 2897 notas
444 2839 576 2917 numeri,
604 2855 663 2916 quo
690 2855 833 2898 mensura
855 2835 1063 2899 ambulationis
1091 2838 1201 2900 indice·

54 2950 150 3023 retur,
173 2941 265 3004 latere
288 2951 437 3023 putarent
483 2944 600 3005 videtur
626 2944 726 3022 potius
752 2945 868 3021 species
898 2943 1043 3023 quaedam
1066 2941 1201 3024 aedidcii,

55 3049 137 3130 quod
164 3050 200 3111 ad
223 3050 412 3112 ornithonem
435 3049 583 3111 adiectum
606 3057 683 3131 erat,
706 3049 874 3128 significari.
912 3066 979 3110 nam
1002 3048 1038 3110 ad
1065 3066 1099 3109 ea
1123 3068 1198 3129 quae

55 3157 95 3218 de
114 3157 179 3219 loco
194 3157 362 3220 ornithonis
380 3175 470 3238 supra
488 3159 599 3237 scripta
618 3163 689 3217 sunt
707 3154 782 3216 duae
801 3173 851 3216 res
867 3155 1023 3238 accedunt,
1041 3154 1202 3218 ambulatio

57 3267 143 3344 quasi
166 3266 198 3325 in
221 3265 321 3326 infimo
347 3264 461 3327 tabulae
490 3265 621 3344 margine
649 3262 798 3341 descripta
827 3271 857 3323 et
884 3282 899 3324 a
923 3272 1007 3343 parte
1031 3263 1199 3324 ornithonis

56 3369 230 3433 adstructus
253 3371 345 3452 locus,
368 3374 400 3433 in
424 3389 483 3451 quo
507 3371 604 3432 medio
628 3379 698 3432 sunt
721 3387 825 3431 caveae
849 3372 955 3453 arium,
982 3389 998 3430 a
1022 3369 1133 3451 quibus
1159 3371 1202 3431 in·

56 3479 167 3539 troitus
190 3479 220 3539 in
244 3496 342 3539 aream
365 3485 456 3558 patet.
493 3476 545 3539 sed
570 3496 603 3538 ea
627 3495 696 3556 pars
715 3495 770 3538 cur
788 3478 925 3554 glumula
944 3477 1060 3540 dicatur
1078 3478 1123 3539 vel
1143 3497 1202 3559 quo

59 3586 180 3646 nomine
204 3584 348 3666 appellata
372 3586 470 3660 luerit,
494 3586 653 3646 nescimus.
708 3577 711 3583 ’

148 3692 315 3755 Porticus
352 3700 437 3754 seint
473 3690 695 3781 primoribus
733 3688 912 3752 columnis
948 3688 1101 3767 lapideis
1138 3709 1203 3770 pro

59 3799 185 3862 mediis
208 3798 448 3861 artibusculis
471 3797 672 3860 humilibus
694 3794 902 3873 ordinatae]
935 3796 1129 3856 Intermediis
1151 3815 1203 3857 or·

58 3909 193 3969 buscuh's
211 3906 363 3969 iucundus
382 3915 412 3968 et
429 3905 536 3966 deinde
556 3905 665 3985 reliqui
682 3904 821 3966 editores.
855 3920 914 3980 pro
928 3905 1038 3965 mediis
1051 3921 1087 3963 ex
1101 3902 1203 3965 arche·

58 4025 128 4096 typo
153 4015 281 4096 restitui,
303 4013 332 4075 h.
351 4032 378 4076 e.
400 4031 455 4094 pro
479 4012 584 4074 mediis
607 4011 762 4073 columnis.
803 4028 871 4071 uam
894 4011 1029 4091 porticus
1052 4011 1083 4072 in
1106 4012 1203 4092 prima

58 4130 143 4202 parte
167 4119 320 4183 columnas
342 4119 471 4202 lapideas
498 4117 622 4202 hahent,
648 4120 679 4179 in
702 4118 799 4180 media
821 4125 919 4201 parte,
947 4135 1022 4197 quae
1051 4124 1097 4180 est
1126 4119 1204 4178 inter

58 4231 207 4315 primores
221 4227 373 4290 columnas
391 4234 422 4289 et
439 4228 607 4308 maceriem,
625 4222 787 4287 humilibus
805 4221 963 4286 arboribus
980 4240 1036 4302 pro
1055 4221 1201 4285 columnis

939 4322 992 4379 tt*
