<?xml version="1.0" encoding="UTF-8"?>
<!DOCTYPE html PUBLIC "-//W3C//DTD XHTML 1.0 Transitional//EN"
    "http://www.w3.org/TR/xhtml1/DTD/xhtml1-transitional.dtd">
<html xmlns="http://www.w3.org/1999/xhtml" xml:lang="en" lang="en">
 <head>
  <title>
</title>
<meta http-equiv="Content-Type" content="text/html;charset=utf-8" />
  <meta name='ocr-system' content='tesseract 3.04.00' />
  <meta name='ocr-capabilities' content='ocr_page ocr_carea ocr_par ocr_line ocrx_word'/>
</head>
<body>
  <div class='ocr_page' id='page_1' title='image "./mporcicatonisde00keilgoog_0367.png"; bbox 0 0 2874 4994; ppageno 0'>
   <div class='ocr_carea' id='block_1_1' title="bbox 215 291 1050 377">
    <p class='ocr_par' dir='ltr' id='par_1_1' title="bbox 215 291 1050 377">
     <span class='ocr_line' id='line_1_1' title="bbox 215 291 1050 377; baseline -0.004 -21"><span class='ocrx_word' id='word_1_1' title='bbox 215 368 220 377; x_wconf 43' lang='lat'><em>‚</em></span> <span class='ocrx_word' id='word_1_2' title='bbox 254 291 317 356; x_wconf 80' lang='lat'><strong>144</strong></span> <span class='ocrx_word' id='word_1_3' title='bbox 589 297 838 355; x_wconf 72' lang='lat' dir='ltr'><strong>connisum</strong></span> <span class='ocrx_word' id='word_1_4' title='bbox 862 296 1050 353; x_wconf 76' lang='lat' dir='ltr'><strong>vnnnoms</strong></span> 
     </span>
    </p>
   </div>
   <div class='ocr_carea' id='block_1_2' title="bbox 219 453 1432 4488">
    <p class='ocr_par' dir='ltr' id='par_1_2' title="bbox 250 453 1432 959">
     <span class='ocr_line' id='line_1_2' title="bbox 253 453 1432 539; baseline -0.003 -22"><span class='ocrx_word' id='word_1_5' title='bbox 253 456 391 517; x_wconf 77' lang='lat' dir='ltr'><strong>editionis</strong></span> <span class='ocrx_word' id='word_1_6' title='bbox 418 458 484 516; x_wconf 87' lang='lat' dir='ltr'><strong>sine</strong></span> <span class='ocrx_word' id='word_1_7' title='bbox 512 456 617 516; x_wconf 85' lang='lat' dir='ltr'><strong>labore</strong></span> <span class='ocrx_word' id='word_1_8' title='bbox 646 456 784 515; x_wconf 83' lang='lat' dir='ltr'><strong>correxit.</strong></span> <span class='ocrx_word' id='word_1_9' title='bbox 821 456 875 530; x_wconf 82' lang='lat' dir='ltr'><strong>qui</strong></span> <span class='ocrx_word' id='word_1_10' title='bbox 900 456 964 515; x_wconf 87' lang='lat' dir='ltr'><strong>siue</strong></span> <span class='ocrx_word' id='word_1_11' title='bbox 985 472 1026 515; x_wconf 84' lang='lat' dir='ltr'><strong>ex</strong></span> <span class='ocrx_word' id='word_1_12' title='bbox 1050 459 1139 515; x_wconf 90' lang='lat' dir='ltr'><strong>aestu</strong></span> <span class='ocrx_word' id='word_1_13' title='bbox 1161 453 1224 513; x_wconf 88' lang='lat' dir='ltr'><strong>siue</strong></span> <span class='ocrx_word' id='word_1_14' title='bbox 1247 453 1351 515; x_wconf 83' lang='lat' dir='ltr'><strong>etaim</strong></span> <span class='ocrx_word' id='word_1_15' title='bbox 1417 499 1432 539; x_wconf 44' lang='grc' dir='ltr'><em>ᾖ</em></span> 
     </span>
     <span class='ocr_line' id='line_1_3' title="bbox 250 557 1352 640; baseline -0.004 -16"><span class='ocrx_word' id='word_1_16' title='bbox 250 562 367 640; x_wconf 78' lang='lat' dir='ltr'><em>febrem</em></span> <span class='ocrx_word' id='word_1_17' title='bbox 390 564 509 637; x_wconf 77' lang='lat' dir='ltr'><strong>labent,</strong></span> <span class='ocrx_word' id='word_1_18' title='bbox 533 565 714 638; x_wconf 86' lang='lat' dir='ltr'><strong>adapertum</strong></span> <span class='ocrx_word' id='word_1_19' title='bbox 737 580 770 623; x_wconf 86' lang='lat' dir='ltr'><strong>os</strong></span> <span class='ocrx_word' id='word_1_20' title='bbox 793 563 915 622; x_wconf 77' lang='lat' dir='ltr'><strong>drrmido</strong></span> <span class='ocrx_word' id='word_1_21' title='bbox 938 564 1048 638; x_wconf 83' lang='lat' dir='ltr'><strong>spiritu</strong></span> <span class='ocrx_word' id='word_1_22' title='bbox 1078 579 1115 621; x_wconf 83' lang='lat' dir='ltr'><strong>ex</strong></span> <span class='ocrx_word' id='word_1_23' title='bbox 1138 558 1241 620; x_wconf 78' lang='lat' dir='ltr'><strong>Aldina</strong></span> <span class='ocrx_word' id='word_1_24' title='bbox 1262 557 1352 619; x_wconf 72' lang='lat' dir='ltr'><strong>editione</strong></span> 
     </span>
     <span class='ocr_line' id='line_1_4' title="bbox 254 665 1420 748; baseline -0.006 -20"><span class='ocrx_word' id='word_1_25' title='bbox 254 668 403 748; x_wconf 82' lang='lat' dir='ltr'><strong>vulgatum</strong></span> <span class='ocrx_word' id='word_1_26' title='bbox 425 678 496 730; x_wconf 92' lang='lat' dir='ltr'><strong>erat.</strong></span> <span class='ocrx_word' id='word_1_27' title='bbox 535 670 659 729; x_wconf 91' lang='lat' dir='ltr'><strong>remotis</strong></span> <span class='ocrx_word' id='word_1_28' title='bbox 682 667 806 729; x_wconf 89' lang='lat' dir='ltr'><strong>iucundi</strong></span> <span class='ocrx_word' id='word_1_29' title='bbox 832 666 1111 748; x_wconf 74' lang='lat' dir='ltr'><strong>interpolationibus</strong></span> <span class='ocrx_word' id='word_1_30' title='bbox 1133 670 1163 727; x_wconf 90' lang='lat' dir='ltr'><strong>si</strong></span> <span class='ocrx_word' id='word_1_31' title='bbox 1184 665 1284 743; x_wconf 75' lang='lat' dir='ltr'><strong>delevi,</strong></span> <span class='ocrx_word' id='word_1_32' title='bbox 1304 669 1352 726; x_wconf 86' lang='lat' dir='ltr'><strong>ada·</strong></span> <span class='ocrx_word' id='word_1_33' title='bbox 1417 717 1420 721; x_wconf 89' lang='lat'>.</span> 
     </span>
     <span class='ocr_line' id='line_1_5' title="bbox 250 773 1432 857; baseline -0.003 -21"><span class='ocrx_word' id='word_1_34' title='bbox 250 784 371 852; x_wconf 83' lang='lat' dir='ltr'><strong>partum</strong></span> <span class='ocrx_word' id='word_1_35' title='bbox 394 795 426 838; x_wconf 91' lang='lat' dir='ltr'><strong>os</strong></span> <span class='ocrx_word' id='word_1_36' title='bbox 450 777 558 857; x_wconf 80' lang='lat' dir='ltr'><strong>recepi,</strong></span> <span class='ocrx_word' id='word_1_37' title='bbox 584 783 618 836; x_wconf 87' lang='lat' dir='ltr'><strong>ut</strong></span> <span class='ocrx_word' id='word_1_38' title='bbox 641 793 744 837; x_wconf 88' lang='lat' dir='ltr'><strong>eorum</strong></span> <span class='ocrx_word' id='word_1_39' title='bbox 763 778 819 850; x_wconf 85' lang='lat' dir='ltr'><strong>qui</strong></span> <span class='ocrx_word' id='word_1_40' title='bbox 840 794 856 836; x_wconf 92' lang='lat' dir='ltr'><strong>e</strong></span> <span class='ocrx_word' id='word_1_41' title='bbox 875 777 981 836; x_wconf 84' lang='lat' dir='ltr'><strong>tabere</strong></span> <span class='ocrx_word' id='word_1_42' title='bbox 995 774 1113 852; x_wconf 74' lang='lat' dir='ltr'><strong>febrem</strong></span> <span class='ocrx_word' id='word_1_43' title='bbox 1133 773 1245 834; x_wconf 80' lang='lat' dir='ltr'><strong>habent</strong></span> <span class='ocrx_word' id='word_1_44' title='bbox 1261 774 1355 849; x_wconf 84' lang='lat' dir='ltr'><strong>adaper·</strong></span> <span class='ocrx_word' id='word_1_45' title='bbox 1419 816 1432 851; x_wconf 63' lang='lat' dir='ltr'><strong>e</strong></span> 
     </span>
     <span class='ocr_line' id='line_1_6' title="bbox 254 885 637 959; baseline -0.003 -15"><span class='ocrx_word' id='word_1_46' title='bbox 254 891 315 944; x_wconf 90' lang='lat' dir='ltr'><strong>tum</strong></span> <span class='ocrx_word' id='word_1_47' title='bbox 339 900 371 944; x_wconf 91' lang='lat' dir='ltr'><strong>os</strong></span> <span class='ocrx_word' id='word_1_48' title='bbox 394 886 495 944; x_wconf 85' lang='lat' dir='ltr'><strong>umido</strong></span> <span class='ocrx_word' id='word_1_49' title='bbox 518 885 637 959; x_wconf 85' lang='lat' dir='ltr'><strong>spiritu.</strong></span> 
     </span>
    </p>

    <p class='ocr_par' dir='ltr' id='par_1_3' title="bbox 251 984 1432 2226">
     <span class='ocr_line' id='line_1_7' title="bbox 342 984 1432 1066; baseline -0.006 -15"><span class='ocrx_word' id='word_1_50' title='bbox 342 986 385 1051; x_wconf 79' lang='lat'><strong>23</strong></span> <span class='ocrx_word' id='word_1_51' title='bbox 418 988 460 1048; x_wconf 86' lang='lat' dir='ltr'><strong>Et</strong></span> <span class='ocrx_word' id='word_1_52' title='bbox 487 991 570 1049; x_wconf 86' lang='lat' dir='ltr'><strong>item</strong></span> <span class='ocrx_word' id='word_1_53' title='bbox 600 988 679 1049; x_wconf 87' lang='lat' dir='ltr'><strong>cibo</strong></span> <span class='ocrx_word' id='word_1_54' title='bbox 712 987 935 1066; x_wconf 82' lang='lat' dir='ltr'><strong>sustinetur]</strong></span> <span class='ocrx_word' id='word_1_55' title='bbox 972 989 1044 1050; x_wconf 79' lang='lat' dir='ltr'><strong>Citra</strong></span> <span class='ocrx_word' id='word_1_56' title='bbox 1072 989 1243 1049; x_wconf 78' lang='lat' dir='ltr'><strong>abstinetur</strong></span> <span class='ocrx_word' id='word_1_57' title='bbox 1267 984 1358 1046; x_wconf 81' lang='lat' dir='ltr'><strong>Ursinus</strong></span> <span class='ocrx_word' id='word_1_58' title='bbox 1423 1025 1432 1059; x_wconf 69' lang='grc'><strong>,-</strong></span> 
     </span>
     <span class='ocr_line' id='line_1_8' title="bbox 254 1092 1432 1176; baseline -0.004 -20"><span class='ocrx_word' id='word_1_59' title='bbox 254 1099 381 1158; x_wconf 91' lang='lat' dir='ltr'><strong>coniecit</strong></span> <span class='ocrx_word' id='word_1_60' title='bbox 400 1094 513 1157; x_wconf 90' lang='lat' dir='ltr'><strong>collatis</strong></span> <span class='ocrx_word' id='word_1_61' title='bbox 531 1098 567 1157; x_wconf 92' lang='lat' dir='ltr'><strong>iis</strong></span> <span class='ocrx_word' id='word_1_62' title='bbox 583 1114 657 1176; x_wconf 92' lang='lat' dir='ltr'><strong>quae</strong></span> <span class='ocrx_word' id='word_1_63' title='bbox 678 1096 754 1175; x_wconf 93' lang='lat' dir='ltr'><strong>apud</strong></span> <span class='ocrx_word' id='word_1_64' title='bbox 771 1095 959 1157; x_wconf 83' lang='lat' dir='ltr'><strong>Columellam</strong></span> <span class='ocrx_word' id='word_1_65' title='bbox 976 1094 1012 1154; x_wconf 92' lang='lat' dir='ltr'><strong>Vl</strong></span> <span class='ocrx_word' id='word_1_66' title='bbox 1032 1092 1097 1175; x_wconf 81' lang='lat' dir='ltr'><strong>‘t‚2</strong></span> <span class='ocrx_word' id='word_1_67' title='bbox 1115 1093 1153 1155; x_wconf 91' lang='lat' dir='ltr'><strong>de</strong></span> <span class='ocrx_word' id='word_1_68' title='bbox 1167 1093 1267 1155; x_wconf 91' lang='lat' dir='ltr'><strong>dolore</strong></span> <span class='ocrx_word' id='word_1_69' title='bbox 1280 1094 1362 1154; x_wconf 79' lang='lat' dir='ltr'><strong>rentns</strong></span> <span class='ocrx_word' id='word_1_70' title='bbox 1428 1140 1432 1151; x_wconf 92' lang='lat'><em>.</em></span> 
     </span>
     <span class='ocr_line' id='line_1_9' title="bbox 255 1202 1364 1283; baseline -0.003 -20"><span class='ocrx_word' id='word_1_71' title='bbox 255 1205 364 1283; x_wconf 84' lang='lat' dir='ltr'><strong>scripta</strong></span> <span class='ocrx_word' id='word_1_72' title='bbox 388 1213 470 1282; x_wconf 75' lang='lat' dir='ltr'><strong>scint,</strong></span> <span class='ocrx_word' id='word_1_73' title='bbox 500 1221 670 1278; x_wconf 80' lang='lat' dir='ltr'><strong>quaecum</strong></span> <span class='ocrx_word' id='word_1_74' title='bbox 694 1207 848 1278; x_wconf 86' lang='lat' dir='ltr'><strong>accident,</strong></span> <span class='ocrx_word' id='word_1_75' title='bbox 873 1205 1084 1281; x_wconf 71' lang='lat' dir='ltr'><strong>prohibendus</strong></span> <span class='ocrx_word' id='word_1_76' title='bbox 1111 1205 1172 1263; x_wconf 88' lang='lat' dir='ltr'><strong>erit</strong></span> <span class='ocrx_word' id='word_1_77' title='bbox 1199 1202 1251 1262; x_wconf 83' lang='lat' dir='ltr'><strong>dos</strong></span> <span class='ocrx_word' id='word_1_78' title='bbox 1271 1203 1364 1277; x_wconf 87' lang='lat' dir='ltr'><strong>potione</strong></span> 
     </span>
     <span class='ocr_line' id='line_1_10' title="bbox 251 1307 1369 1388; baseline -0.004 -17"><span class='ocrx_word' id='word_1_79' title='bbox 251 1329 310 1387; x_wconf 89' lang='lat' dir='ltr'><strong>per</strong></span> <span class='ocrx_word' id='word_1_80' title='bbox 332 1312 456 1371; x_wconf 81' lang='lat' dir='ltr'><strong>biduum</strong></span> <span class='ocrx_word' id='word_1_81' title='bbox 475 1313 635 1387; x_wconf 82' lang='lat' dir='ltr'><strong>primoque</strong></span> <span class='ocrx_word' id='word_1_82' title='bbox 654 1313 703 1372; x_wconf 88' lang='lat' dir='ltr'><strong>die</strong></span> <span class='ocrx_word' id='word_1_83' title='bbox 722 1312 789 1372; x_wconf 83' lang='lat' dir='ltr'><strong>cibo</strong></span> <span class='ocrx_word' id='word_1_84' title='bbox 809 1312 1015 1373; x_wconf 80' lang='lat' dir='ltr'><strong>abstinendus.</strong></span> <span class='ocrx_word' id='word_1_85' title='bbox 1053 1310 1147 1388; x_wconf 82' lang='lat' dir='ltr'><strong>magis</strong></span> <span class='ocrx_word' id='word_1_86' title='bbox 1166 1307 1226 1369; x_wconf 88' lang='lat' dir='ltr'><strong>huc</strong></span> <span class='ocrx_word' id='word_1_87' title='bbox 1246 1309 1369 1388; x_wconf 88' lang='lat' dir='ltr'><strong>pertinent</strong></span> 
     </span>
     <span class='ocr_line' id='line_1_11' title="bbox 255 1413 1372 1498; baseline -0.004 -21"><span class='ocrx_word' id='word_1_88' title='bbox 255 1435 330 1496; x_wconf 88' lang='lat' dir='ltr'><strong>quae</strong></span> <span class='ocrx_word' id='word_1_89' title='bbox 363 1419 391 1477; x_wconf 92' lang='lat' dir='ltr'><strong>in</strong></span> <span class='ocrx_word' id='word_1_90' title='bbox 416 1419 588 1496; x_wconf 82' lang='lat' dir='ltr'><strong>geoponicis</strong></span> <span class='ocrx_word' id='word_1_91' title='bbox 606 1416 670 1477; x_wconf 86' lang='lat' dir='ltr'><strong>XVI</strong></span> <span class='ocrx_word' id='word_1_92' title='bbox 690 1415 720 1498; x_wconf 87' lang='lat'><strong>4,</strong></span> <span class='ocrx_word' id='word_1_93' title='bbox 752 1418 977 1496; x_wconf 88' lang='lat' dir='ltr'><strong>praecipiuntur</strong></span> <span class='ocrx_word' id='word_1_94' title='bbox 1010 1416 1045 1477; x_wconf 90' lang='lat' dir='ltr'><strong>de</strong></span> <span class='ocrx_word' id='word_1_95' title='bbox 1080 1416 1166 1495; x_wconf 85' lang='lat' dir='ltr'><strong>equis</strong></span> <span class='ocrx_word' id='word_1_96' title='bbox 1200 1416 1250 1493; x_wconf 93' lang='lat' dir='ltr'><strong>qui</strong></span> <span class='ocrx_word' id='word_1_97' title='bbox 1281 1413 1372 1474; x_wconf 86' lang='lat' dir='ltr'><strong>lebreu</strong></span> 
     </span>
     <span class='ocr_line' id='line_1_12' title="bbox 253 1513 1377 1605; baseline -0.001 -22"><span class='ocrx_word' id='word_1_98' title='bbox 253 1523 375 1604; x_wconf 86' lang='lat' dir='ltr'><strong>habeut,</strong></span> <span class='ocrx_word' id='word_1_99' title='bbox 403 1521 564 1605; x_wconf 80' lang='grc' dir='ltr'><strong><em>χειμῶνος</em></strong></span> <span class='ocrx_word' id='word_1_100' title='bbox 598 1517 634 1585; x_wconf 73' lang='grc' dir='ltr'><strong>δὲ</strong></span> <span class='ocrx_word' id='word_1_101' title='bbox 664 1518 849 1602; x_wconf 62' lang='lat' dir='ltr'><strong>dalmatae,</strong></span> <span class='ocrx_word' id='word_1_102' title='bbox 878 1514 923 1596; x_wconf 79' lang='grc' dir='ltr'><strong>ὡς</strong></span> <span class='ocrx_word' id='word_1_103' title='bbox 950 1515 994 1603; x_wconf 83' lang='grc' dir='ltr'><strong>μὴ</strong></span> <span class='ocrx_word' id='word_1_104' title='bbox 1024 1516 1146 1604; x_wconf 76' lang='grc' dir='ltr'><strong><em>ῥιγώρ,</em></strong></span> <span class='ocrx_word' id='word_1_105' title='bbox 1180 1515 1237 1583; x_wconf 77' lang='grc' dir='ltr'><strong>καὶ</strong></span> <span class='ocrx_word' id='word_1_106' title='bbox 1266 1513 1377 1600; x_wconf 69' lang='grc' dir='ltr'><strong><em>τροφὴν</em></strong></span> 
     </span>
     <span class='ocr_line' id='line_1_13' title="bbox 254 1620 1382 1714; baseline -0.002 -23"><span class='ocrx_word' id='word_1_107' title='bbox 254 1621 426 1711; x_wconf 76' lang='grc' dir='ltr'><em>ὀλιγίστην</em></span> <span class='ocrx_word' id='word_1_108' title='bbox 450 1622 581 1713; x_wconf 82' lang='grc' dir='ltr'><strong><em>ὀρόβων</em></strong></span> <span class='ocrx_word' id='word_1_109' title='bbox 605 1620 625 1710; x_wconf 78' lang='grc' dir='ltr'>ἢ</span> <span class='ocrx_word' id='word_1_110' title='bbox 649 1628 766 1714; x_wconf 75' lang='grc' dir='ltr'><strong><em>πυρῶν</em></strong></span> <span class='ocrx_word' id='word_1_111' title='bbox 791 1621 937 1711; x_wconf 78' lang='grc' dir='ltr'><strong><em>ἀλεύρου</em></strong></span> <span class='ocrx_word' id='word_1_112' title='bbox 960 1625 1079 1692; x_wconf 79' lang='grc' dir='ltr'><em>δοτέον</em></span> <span class='ocrx_word' id='word_1_113' title='bbox 1097 1622 1152 1690; x_wconf 82' lang='grc' dir='ltr'><strong>καὶ</strong></span> <span class='ocrx_word' id='word_1_114' title='bbox 1176 1620 1283 1691; x_wconf 78' lang='grc' dir='ltr'><strong><em>ποτὸν</em></strong></span> <span class='ocrx_word' id='word_1_115' title='bbox 1304 1620 1382 1705; x_wconf 74' lang='grc' dir='ltr'><strong>ὕδωρ</strong></span> 
     </span>
     <span class='ocr_line' id='line_1_14' title="bbox 253 1725 1385 1822; baseline -0.004 -24"><span class='ocrx_word' id='word_1_116' title='bbox 253 1730 392 1818; x_wconf 85' lang='grc' dir='ltr'><strong><em>χλιαρὸν</em></strong></span> <span class='ocrx_word' id='word_1_117' title='bbox 415 1735 687 1817; x_wconf 82' lang='grc' dir='ltr'><strong><em>προσκομιστλον,</em></strong></span> <span class='ocrx_word' id='word_1_118' title='bbox 712 1740 793 1822; x_wconf 73' lang='grc' dir='ltr'><strong><em>οϊνῳ</em></strong></span> <span class='ocrx_word' id='word_1_119' title='bbox 817 1757 851 1799; x_wconf 83' lang='grc' dir='ltr'><strong>τε</strong></span> <span class='ocrx_word' id='word_1_120' title='bbox 875 1731 943 1817; x_wconf 80' lang='grc' dir='ltr'><strong>ἅμα</strong></span> <span class='ocrx_word' id='word_1_121' title='bbox 966 1732 1065 1822; x_wconf 76' lang='grc' dir='ltr'><strong><em>ἐλαίῳ</em></strong></span> <span class='ocrx_word' id='word_1_122' title='bbox 1088 1731 1288 1817; x_wconf 78' lang='grc' dir='ltr'><strong><em>χλιανθέντι</em></strong></span> <span class='ocrx_word' id='word_1_123' title='bbox 1314 1725 1385 1795; x_wconf 74' lang='grc' dir='ltr'><strong><em>ἀλα·</em></strong></span> 
     </span>
     <span class='ocr_line' id='line_1_15' title="bbox 253 1831 1390 1925; baseline -0.003 -20"><span class='ocrx_word' id='word_1_124' title='bbox 253 1840 353 1906; x_wconf 75' lang='grc' dir='ltr'><strong><em>πνέον</em></strong></span> <span class='ocrx_word' id='word_1_125' title='bbox 377 1842 443 1905; x_wconf 81' lang='grc' dir='ltr'><strong>πᾶν</strong></span> <span class='ocrx_word' id='word_1_126' title='bbox 465 1837 503 1905; x_wconf 86' lang='grc' dir='ltr'><strong>τὸ</strong></span> <span class='ocrx_word' id='word_1_127' title='bbox 528 1850 622 1925; x_wconf 79' lang='grc' dir='ltr'><strong><em>σῶμα</em></strong></span> <span class='ocrx_word' id='word_1_128' title='bbox 645 1838 700 1906; x_wconf 87' lang='lat' dir='ltr'><strong>nul</strong></span> <span class='ocrx_word' id='word_1_129' title='bbox 724 1837 781 1906; x_wconf 80' lang='lat' dir='ltr'><strong>dui</strong></span> <span class='ocrx_word' id='word_1_130' title='bbox 804 1843 932 1917; x_wconf 77' lang='grc' dir='ltr'><strong><em>κοιλίας</em></strong></span> <span class='ocrx_word' id='word_1_131' title='bbox 957 1837 1160 1921; x_wconf 81' lang='grc' dir='ltr'><strong><em>καθαρτέον,</em></strong></span> <span class='ocrx_word' id='word_1_132' title='bbox 1193 1831 1277 1923; x_wconf 80' lang='grc' dir='ltr'><strong><em>αἷμά</em></strong></span> <span class='ocrx_word' id='word_1_133' title='bbox 1307 1861 1339 1903; x_wconf 87' lang='grc' dir='ltr'><strong>τε</strong></span> <span class='ocrx_word' id='word_1_134' title='bbox 1361 1839 1390 1903; x_wconf 79' lang='grc' dir='ltr'><strong>ἐν</strong></span> 
     </span>
     <span class='ocr_line' id='line_1_16' title="bbox 257 1937 1432 2033; baseline -0.003 -22"><span class='ocrx_word' id='word_1_135' title='bbox 257 1949 318 2012; x_wconf 86' lang='grc' dir='ltr'><strong>τοῦ</strong></span> <span class='ocrx_word' id='word_1_136' title='bbox 341 1948 506 2031; x_wconf 76' lang='grc' dir='ltr'><strong><em>τραχήλου</em></strong></span> <span class='ocrx_word' id='word_1_137' title='bbox 533 1941 554 2031; x_wconf 81' lang='grc' dir='ltr'><em>ἢ</em></span> <span class='ocrx_word' id='word_1_138' title='bbox 577 1955 646 2013; x_wconf 79' lang='grc' dir='ltr'><strong>τῶν</strong></span> <span class='ocrx_word' id='word_1_139' title='bbox 674 1945 748 2033; x_wconf 83' lang='grc' dir='ltr'><strong><em>περὶ</em></strong></span> <span class='ocrx_word' id='word_1_140' title='bbox 772 1944 929 2031; x_wconf 79' lang='grc' dir='ltr'><strong><em>φάρυγγα</em></strong></span> <span class='ocrx_word' id='word_1_141' title='bbox 954 1939 973 2030; x_wconf 80' lang='grc' dir='ltr'><em>ἢ</em></span> <span class='ocrx_word' id='word_1_142' title='bbox 996 1943 1034 2012; x_wconf 83' lang='grc' dir='ltr'><strong>τὸ</strong></span> <span class='ocrx_word' id='word_1_143' title='bbox 1064 1948 1193 2030; x_wconf 79' lang='grc' dir='ltr'><strong><em>στῆθος</em></strong></span> <span class='ocrx_word' id='word_1_144' title='bbox 1221 1937 1393 2031; x_wconf 68' lang='lat' dir='ltr'><strong>pisticis]</strong></span> <span class='ocrx_word' id='word_1_145' title='bbox 1430 1992 1432 2007; x_wconf 91' lang='grc'>.</span> 
     </span>
     <span class='ocr_line' id='line_1_17' title="bbox 255 2047 1398 2138; baseline -0.001 -21"><span class='ocrx_word' id='word_1_146' title='bbox 255 2061 316 2119; x_wconf 83' lang='grc' dir='ltr'><strong>τοῦ</strong></span> <span class='ocrx_word' id='word_1_147' title='bbox 344 2050 450 2129; x_wconf 79' lang='grc' dir='ltr'><strong><em>ποδὸς</em></strong></span> <span class='ocrx_word' id='word_1_148' title='bbox 477 2047 687 2138; x_wconf 71' lang='grc' dir='ltr'><strong><em>ἀφαιρετέον.</em></strong></span> <span class='ocrx_word' id='word_1_149' title='bbox 729 2068 758 2120; x_wconf 90' lang='lat' dir='ltr'><strong>et</strong></span> <span class='ocrx_word' id='word_1_150' title='bbox 782 2076 884 2136; x_wconf 88' lang='lat' dir='ltr'><strong>pauca</strong></span> <span class='ocrx_word' id='word_1_151' title='bbox 912 2060 980 2120; x_wconf 81' lang='lat' dir='ltr'><strong>ciba</strong></span> <span class='ocrx_word' id='word_1_152' title='bbox 1007 2060 1176 2119; x_wconf 82' lang='lat' dir='ltr'><strong>sustinetur</strong></span> <span class='ocrx_word' id='word_1_153' title='bbox 1201 2055 1398 2119; x_wconf 86' lang='lat' dir='ltr'><strong>Schneiderus</strong></span> 
     </span>
     <span class='ocr_line' id='line_1_18' title="bbox 253 2167 389 2226; baseline -0.007 -1"><span class='ocrx_word' id='word_1_154' title='bbox 253 2167 389 2226; x_wconf 89' lang='lat' dir='ltr'><strong>coniecit.</strong></span> 
     </span>
    </p>

    <p class='ocr_par' dir='ltr' id='par_1_4' title="bbox 254 2271 1401 2564">
     <span class='ocr_line' id='line_1_19' title="bbox 342 2271 1399 2352; baseline -0.001 -20"><span class='ocrx_word' id='word_1_155' title='bbox 342 2271 553 2333; x_wconf 84' lang='lat' dir='ltr'><strong>llemittitur</strong></span> <span class='ocrx_word' id='word_1_156' title='bbox 576 2275 724 2352; x_wconf 86' lang='lat' dir='ltr'><strong>sanguis</strong></span> <span class='ocrx_word' id='word_1_157' title='bbox 753 2275 940 2334; x_wconf 82' lang='lat' dir='ltr'><strong>maximoe</strong></span> <span class='ocrx_word' id='word_1_158' title='bbox 971 2271 1108 2352; x_wconf 89' lang='lat' dir='ltr'><strong>capite]</strong></span> <span class='ocrx_word' id='word_1_159' title='bbox 1138 2274 1287 2334; x_wconf 80' lang='lat' dir='ltr'><strong>Demitur</strong></span> <span class='ocrx_word' id='word_1_160' title='bbox 1316 2271 1399 2333; x_wconf 83' lang='lat' dir='ltr'><strong>codes</strong></span> 
     </span>
     <span class='ocr_line' id='line_1_20' title="bbox 254 2377 1400 2460; baseline 0.001 -21"><span class='ocrx_word' id='word_1_161' title='bbox 254 2377 407 2460; x_wconf 85' lang='lat' dir='ltr'><strong>Caeseuas,</strong></span> <span class='ocrx_word' id='word_1_162' title='bbox 431 2381 525 2440; x_wconf 89' lang='lat' dir='ltr'><strong>etita</strong></span> <span class='ocrx_word' id='word_1_163' title='bbox 550 2379 641 2440; x_wconf 90' lang='lat' dir='ltr'><strong>edidit</strong></span> <span class='ocrx_word' id='word_1_164' title='bbox 665 2378 875 2440; x_wconf 87' lang='lat' dir='ltr'><strong>Schneiderus.</strong></span> <span class='ocrx_word' id='word_1_165' title='bbox 913 2399 930 2441; x_wconf 93' lang='lat' dir='ltr'><strong>e</strong></span> <span class='ocrx_word' id='word_1_166' title='bbox 952 2383 1053 2456; x_wconf 88' lang='lat' dir='ltr'><strong>capite</strong></span> <span class='ocrx_word' id='word_1_167' title='bbox 1072 2379 1201 2458; x_wconf 89' lang='lat' dir='ltr'><strong>plurima</strong></span> <span class='ocrx_word' id='word_1_168' title='bbox 1227 2379 1400 2460; x_wconf 72' lang='lat' dir='ltr'><strong>apograplu,</strong></span> 
     </span>
     <span class='ocr_line' id='line_1_21' title="bbox 255 2485 1401 2564; baseline 0 -18"><span class='ocrx_word' id='word_1_169' title='bbox 255 2504 314 2546; x_wconf 93' lang='lat' dir='ltr'><strong>non</strong></span> <span class='ocrx_word' id='word_1_170' title='bbox 339 2504 357 2546; x_wconf 87' lang='grc' dir='ltr'><strong><em>α</em></strong></span> <span class='ocrx_word' id='word_1_171' title='bbox 381 2489 490 2562; x_wconf 88' lang='lat' dir='ltr'><strong>capite,</strong></span> <span class='ocrx_word' id='word_1_172' title='bbox 514 2485 593 2564; x_wconf 88' lang='lat' dir='ltr'><strong>quod</strong></span> <span class='ocrx_word' id='word_1_173' title='bbox 617 2489 647 2546; x_wconf 91' lang='lat' dir='ltr'><strong>iu</strong></span> <span class='ocrx_word' id='word_1_174' title='bbox 672 2489 807 2564; x_wconf 80' lang='lat' dir='ltr'><strong>principe</strong></span> <span class='ocrx_word' id='word_1_175' title='bbox 831 2487 960 2548; x_wconf 86' lang='lat' dir='ltr'><strong>editione</strong></span> <span class='ocrx_word' id='word_1_176' title='bbox 986 2486 1148 2547; x_wconf 90' lang='lat' dir='ltr'><strong>Politianus</strong></span> <span class='ocrx_word' id='word_1_177' title='bbox 1174 2504 1238 2547; x_wconf 89' lang='lat' dir='ltr'><strong>non</strong></span> <span class='ocrx_word' id='word_1_178' title='bbox 1267 2489 1401 2547; x_wconf 82' lang='lat' dir='ltr'><strong>correxit</strong></span> 
     </span>
    </p>

    <p class='ocr_par' dir='ltr' id='par_1_5' title="bbox 255 2590 1401 2881">
     <span class='ocr_line' id='line_1_22' title="bbox 342 2590 1401 2672; baseline 0 -19"><span class='ocrx_word' id='word_1_179' title='bbox 342 2590 386 2653; x_wconf 78' lang='lat'><strong>24</strong></span> <span class='ocrx_word' id='word_1_180' title='bbox 419 2592 516 2662; x_wconf 79' lang='lat' dir='ltr'><strong>Oirod</strong></span> <span class='ocrx_word' id='word_1_181' title='bbox 541 2591 668 2672; x_wconf 87' lang='lat' dir='ltr'><strong>epulae</strong></span> <span class='ocrx_word' id='word_1_182' title='bbox 696 2595 771 2653; x_wconf 91' lang='lat' dir='ltr'><strong>sint</strong></span> <span class='ocrx_word' id='word_1_183' title='bbox 799 2592 1028 2672; x_wconf 82' lang='lat' dir='ltr'><strong>alienandae]</strong></span> <span class='ocrx_word' id='word_1_184' title='bbox 1062 2595 1140 2666; x_wconf 82' lang='lat' dir='ltr'><strong>Quot</strong></span> <span class='ocrx_word' id='word_1_185' title='bbox 1168 2597 1329 2656; x_wconf 87' lang='lat' dir='ltr'><strong>reiieutae</strong></span> <span class='ocrx_word' id='word_1_186' title='bbox 1351 2593 1401 2654; x_wconf 80' lang='lat' dir='ltr'><strong>lle</strong></span> 
     </span>
     <span class='ocr_line' id='line_1_23' title="bbox 255 2695 1401 2780; baseline 0.004 -23"><span class='ocrx_word' id='word_1_187' title='bbox 255 2698 332 2758; x_wconf 79' lang='lat' dir='ltr'><strong>rida:</strong></span> <span class='ocrx_word' id='word_1_188' title='bbox 355 2695 432 2779; x_wconf 85' lang='lat'><strong>115,</strong></span> <span class='ocrx_word' id='word_1_189' title='bbox 449 2696 487 2759; x_wconf 85' lang='lat' dir='ltr'><strong>lt</strong></span> <span class='ocrx_word' id='word_1_190' title='bbox 512 2703 649 2761; x_wconf 86' lang='lat' dir='ltr'><strong>reiculae</strong></span> <span class='ocrx_word' id='word_1_191' title='bbox 672 2703 863 2775; x_wconf 68' lang='lat' dir='ltr'><strong>reiciendum,</strong></span> <span class='ocrx_word' id='word_1_192' title='bbox 887 2700 960 2761; x_wconf 89' lang='lat' dir='ltr'><strong>Non.</strong></span> <span class='ocrx_word' id='word_1_193' title='bbox 980 2719 1007 2778; x_wconf 91' lang='lat' dir='ltr'><strong>p.</strong></span> <span class='ocrx_word' id='word_1_194' title='bbox 1029 2696 1137 2780; x_wconf 79' lang='lat'><strong>168,2</strong></span> <span class='ocrx_word' id='word_1_195' title='bbox 1163 2700 1321 2762; x_wconf 84' lang='lat' dir='ltr'><strong>Reirutas</strong></span> <span class='ocrx_word' id='word_1_196' title='bbox 1343 2719 1401 2762; x_wconf 82' lang='lat' dir='ltr'><strong>ores</strong></span> 
     </span>
     <span class='ocr_line' id='line_1_24' title="bbox 255 2807 1400 2881; baseline 0.004 -16"><span class='ocrx_word' id='word_1_197' title='bbox 255 2813 309 2865; x_wconf 76' lang='lat' dir='ltr'><strong>atet</strong></span> <span class='ocrx_word' id='word_1_198' title='bbox 332 2813 433 2866; x_wconf 88' lang='lat' dir='ltr'><strong>aetate</strong></span> <span class='ocrx_word' id='word_1_199' title='bbox 460 2813 515 2866; x_wconf 87' lang='lat' dir='ltr'><strong>aut</strong></span> <span class='ocrx_word' id='word_1_200' title='bbox 541 2807 643 2867; x_wconf 80' lang='lat' dir='ltr'><strong>morbo</strong></span> <span class='ocrx_word' id='word_1_201' title='bbox 669 2825 797 2881; x_wconf 83' lang='lat' dir='ltr'><strong>praees,</strong></span> <span class='ocrx_word' id='word_1_202' title='bbox 829 2807 927 2869; x_wconf 91' lang='lat' dir='ltr'><strong>Varro</strong></span> <span class='ocrx_word' id='word_1_203' title='bbox 955 2808 1027 2867; x_wconf 85' lang='lat' dir='ltr'><strong>Cato</strong></span> <span class='ocrx_word' id='word_1_204' title='bbox 1056 2810 1103 2867; x_wconf 86' lang='lat' dir='ltr'><strong>vel</strong></span> <span class='ocrx_word' id='word_1_205' title='bbox 1129 2808 1169 2866; x_wconf 89' lang='lat' dir='ltr'><strong>de</strong></span> <span class='ocrx_word' id='word_1_206' title='bbox 1198 2809 1311 2870; x_wconf 82' lang='lat' dir='ltr'><strong>tibera&#39;s</strong></span> <span class='ocrx_word' id='word_1_207' title='bbox 1338 2811 1400 2870; x_wconf 90' lang='lat' dir='ltr'><strong>edu·</strong></span> 
     </span>
    </p>

    <p class='ocr_par' dir='ltr' id='par_1_6' title="bbox 219 2907 1432 3420">
     <span class='ocr_line' id='line_1_25' title="bbox 219 2907 1432 3011; baseline 0.003 -40"><span class='ocrx_word' id='word_1_208' title='bbox 219 2915 223 2943; x_wconf 82' lang='lat'><strong>¹</strong></span> <span class='ocrx_word' id='word_1_209' title='bbox 255 2914 363 2973; x_wconf 85' lang='lat' dir='ltr'><strong>caudis</strong></span> <span class='ocrx_word' id='word_1_210' title='bbox 386 2907 432 2973; x_wconf 72' lang='lat' dir='ltr'><strong>‘et</strong></span> <span class='ocrx_word' id='word_1_211' title='bbox 456 2921 489 2973; x_wconf 89' lang='lat' dir='ltr'><strong>ut</strong></span> <span class='ocrx_word' id='word_1_212' title='bbox 513 2916 543 2973; x_wconf 87' lang='lat' dir='ltr'><strong>in</strong></span> <span class='ocrx_word' id='word_1_213' title='bbox 560 2931 656 2987; x_wconf 79' lang='lat' dir='ltr'><strong>prepe</strong></span> <span class='ocrx_word' id='word_1_214' title='bbox 679 2917 771 2989; x_wconf 86' lang='lat' dir='ltr'><strong>opilio</strong></span> <span class='ocrx_word' id='word_1_215' title='bbox 790 2933 859 2976; x_wconf 82' lang='lat' dir='ltr'><strong>ores</strong></span> <span class='ocrx_word' id='word_1_216' title='bbox 878 2917 976 2975; x_wconf 88' lang='lat' dir='ltr'><strong>minus</strong></span> <span class='ocrx_word' id='word_1_217' title='bbox 1000 2916 1124 2975; x_wconf 87' lang='lat' dir='ltr'><strong>idoneas</strong></span> <span class='ocrx_word' id='word_1_218' title='bbox 1143 2932 1311 2976; x_wconf 85' lang='lat' dir='ltr'><strong>remouere</strong></span> <span class='ocrx_word' id='word_1_219' title='bbox 1328 2919 1401 2995; x_wconf 85' lang='lat' dir='ltr'><strong>solet,</strong></span> <span class='ocrx_word' id='word_1_220' title='bbox 1429 2920 1432 3011; x_wconf 68' lang='lat' dir='ltr'><strong>p</strong></span> 
     </span>
     <span class='ocr_line' id='line_1_26' title="bbox 254 3023 1401 3098; baseline 0.002 -19"><span class='ocrx_word' id='word_1_221' title='bbox 254 3038 331 3095; x_wconf 72' lang='lat' dir='ltr'><strong>queas</strong></span> <span class='ocrx_word' id='word_1_222' title='bbox 354 3023 488 3080; x_wconf 85' lang='lat' dir='ltr'><strong>reiculas</strong></span> <span class='ocrx_word' id='word_1_223' title='bbox 512 3024 675 3096; x_wconf 75' lang='lat' dir='ltr'><strong>appeliant.</strong></span> <span class='ocrx_word' id='word_1_224' title='bbox 711 3040 802 3097; x_wconf 83' lang='lat' dir='ltr'><strong>saepe</strong></span> <span class='ocrx_word' id='word_1_225' title='bbox 830 3024 909 3081; x_wconf 83' lang='lat' dir='ltr'><strong>enim</strong></span> <span class='ocrx_word' id='word_1_226' title='bbox 935 3040 1014 3082; x_wconf 82' lang='lat' dir='ltr'><strong>arnus</strong></span> <span class='ocrx_word' id='word_1_227' title='bbox 1038 3039 1119 3096; x_wconf 88' lang='lat' dir='ltr'><strong>puer</strong></span> <span class='ocrx_word' id='word_1_228' title='bbox 1143 3025 1297 3096; x_wconf 84' lang='lat' dir='ltr'><strong>petulans</strong></span> <span class='ocrx_word' id='word_1_229' title='bbox 1320 3032 1401 3098; x_wconf 78' lang='lat' dir='ltr'><strong>atoue</strong></span> 
     </span>
     <span class='ocr_line' id='line_1_27' title="bbox 254 3122 1399 3208; baseline 0.001 -22"><span class='ocrx_word' id='word_1_230' title='bbox 254 3131 381 3203; x_wconf 83' lang='lat' dir='ltr'><strong>inpurus</strong></span> <span class='ocrx_word' id='word_1_231' title='bbox 414 3130 553 3201; x_wconf 82' lang='lat' dir='ltr'><strong>inquinat</strong></span> <span class='ocrx_word' id='word_1_232' title='bbox 573 3145 698 3202; x_wconf 81' lang='lat' dir='ltr'><strong>prepem</strong></span> <span class='ocrx_word' id='word_1_233' title='bbox 732 3146 899 3204; x_wconf 89' lang='lat' dir='ltr'><strong>puerorum</strong></span> <span class='ocrx_word' id='word_1_234' title='bbox 908 3122 926 3188; x_wconf 87' lang='lat'><strong>&#39;.</strong></span> <span class='ocrx_word' id='word_1_235' title='bbox 969 3145 1090 3206; x_wconf 91' lang='lat' dir='ltr'><strong>operam</strong></span> <span class='ocrx_word' id='word_1_236' title='bbox 1120 3127 1326 3205; x_wconf 86' lang='lat' dir='ltr'><strong>perdiderunt</strong></span> <span class='ocrx_word' id='word_1_237' title='bbox 1357 3130 1399 3208; x_wconf 84' lang='lat' dir='ltr'><strong>qui</strong></span> 
     </span>
     <span class='ocr_line' id='line_1_28' title="bbox 254 3232 1399 3314; baseline 0.003 -22"><span class='ocrx_word' id='word_1_238' title='bbox 254 3243 321 3311; x_wconf 89' lang='lat' dir='ltr'><strong>post</strong></span> <span class='ocrx_word' id='word_1_239' title='bbox 337 3241 448 3293; x_wconf 88' lang='lat' dir='ltr'><strong>certam</strong></span> <span class='ocrx_word' id='word_1_240' title='bbox 458 3232 590 3293; x_wconf 84' lang='lat' dir='ltr'><strong>Merulae</strong></span> <span class='ocrx_word' id='word_1_241' title='bbox 605 3233 842 3295; x_wconf 88' lang='lat' dir='ltr'><strong>emendationem</strong></span> <span class='ocrx_word' id='word_1_242' title='bbox 855 3235 925 3295; x_wconf 89' lang='lat' dir='ltr'><strong>alias</strong></span> <span class='ocrx_word' id='word_1_243' title='bbox 940 3234 1113 3294; x_wconf 84' lang='lat' dir='ltr'><strong>emendandi</strong></span> <span class='ocrx_word' id='word_1_244' title='bbox 1129 3235 1270 3295; x_wconf 87' lang='lat' dir='ltr'><strong>rationes</strong></span> <span class='ocrx_word' id='word_1_245' title='bbox 1286 3244 1399 3314; x_wconf 77' lang='lat' dir='ltr'><strong>tempta</strong></span> 
     </span>
     <span class='ocr_line' id='line_1_29' title="bbox 255 3341 824 3420; baseline 0.009 -23"><span class='ocrx_word' id='word_1_246' title='bbox 255 3349 373 3401; x_wconf 86' lang='lat' dir='ltr'><strong>verunt:</strong></span> <span class='ocrx_word' id='word_1_247' title='bbox 394 3344 507 3416; x_wconf 87' lang='lat' dir='ltr'><strong>petitae</strong></span> <span class='ocrx_word' id='word_1_248' title='bbox 531 3342 660 3401; x_wconf 83' lang='lat' dir='ltr'><strong>coniecit</strong></span> <span class='ocrx_word' id='word_1_249' title='bbox 684 3341 824 3420; x_wconf 83' lang='lat' dir='ltr'><strong>Scaliger.</strong></span> 
     </span>
    </p>

    <p class='ocr_par' dir='ltr' id='par_1_7' title="bbox 344 3443 1260 3525">
     <span class='ocr_line' id='line_1_30' title="bbox 344 3443 1260 3525; baseline 0.004 -18"><span class='ocrx_word' id='word_1_250' title='bbox 344 3443 386 3508; x_wconf 81' lang='lat'><strong>25</strong></span> <span class='ocrx_word' id='word_1_251' title='bbox 418 3445 465 3506; x_wconf 91' lang='lat' dir='ltr'><strong>Ne</strong></span> <span class='ocrx_word' id='word_1_252' title='bbox 489 3456 523 3506; x_wconf 91' lang='lat' dir='ltr'><strong>te</strong></span> <span class='ocrx_word' id='word_1_253' title='bbox 548 3446 668 3525; x_wconf 81' lang='lat' dir='ltr'><strong>sallat]</strong></span> <span class='ocrx_word' id='word_1_254' title='bbox 694 3451 737 3508; x_wconf 89' lang='lat' dir='ltr'><strong>Ne</strong></span> <span class='ocrx_word' id='word_1_255' title='bbox 763 3457 791 3510; x_wconf 90' lang='lat' dir='ltr'><strong>te</strong></span> <span class='ocrx_word' id='word_1_256' title='bbox 813 3466 957 3510; x_wconf 90' lang='lat' dir='ltr'><strong>numerus</strong></span> <span class='ocrx_word' id='word_1_257' title='bbox 976 3446 1069 3524; x_wconf 79' lang='lat' dir='ltr'><strong>saltat</strong></span> <span class='ocrx_word' id='word_1_258' title='bbox 1092 3447 1260 3512; x_wconf 88' lang='lat' dir='ltr'><strong>lucundus.</strong></span> 
     </span>
    </p>

    <p class='ocr_par' dir='ltr' id='par_1_8' title="bbox 254 3551 1399 3954">
     <span class='ocr_line' id='line_1_31' title="bbox 344 3551 1399 3636; baseline 0.001 -23"><span class='ocrx_word' id='word_1_259' title='bbox 344 3551 387 3614; x_wconf 78' lang='grc'><strong>26</strong></span> <span class='ocrx_word' id='word_1_260' title='bbox 419 3551 461 3612; x_wconf 84' lang='lat' dir='ltr'><strong>Et</strong></span> <span class='ocrx_word' id='word_1_261' title='bbox 493 3552 526 3612; x_wconf 90' lang='lat' dir='ltr'><strong>id</strong></span> <span class='ocrx_word' id='word_1_262' title='bbox 556 3555 744 3632; x_wconf 86' lang='lat' dir='ltr'><strong>pertinere</strong></span> <span class='ocrx_word' id='word_1_263' title='bbox 773 3562 900 3634; x_wconf 89' lang='lat' dir='ltr'><strong>putant</strong></span> <span class='ocrx_word' id='word_1_264' title='bbox 929 3571 996 3633; x_wconf 90' lang='lat' dir='ltr'><strong>quc</strong></span> <span class='ocrx_word' id='word_1_265' title='bbox 1025 3553 1173 3614; x_wconf 79' lang='lat' dir='ltr'><strong>facilius</strong></span> <span class='ocrx_word' id='word_1_266' title='bbox 1201 3555 1247 3617; x_wconf 91' lang='lat' dir='ltr'><strong>ad</strong></span> <span class='ocrx_word' id='word_1_267' title='bbox 1278 3571 1399 3636; x_wconf 77' lang='lat' dir='ltr'><strong>greges</strong></span> 
     </span>
     <span class='ocr_line' id='line_1_32' title="bbox 255 3659 1399 3739; baseline 0.002 -20"><span class='ocrx_word' id='word_1_268' title='bbox 255 3670 420 3739; x_wconf 89' lang='lat' dir='ltr'><strong>pastores</strong></span> <span class='ocrx_word' id='word_1_269' title='bbox 443 3662 627 3720; x_wconf 88' lang='lat' dir='ltr'><strong>retineant</strong></span> <span class='ocrx_word' id='word_1_270' title='bbox 650 3670 685 3721; x_wconf 91' lang='lat' dir='ltr'><strong>et</strong></span> <span class='ocrx_word' id='word_1_271' title='bbox 707 3662 904 3739; x_wconf 89' lang='lat' dir='ltr'><strong>puerperio</strong></span> <span class='ocrx_word' id='word_1_272' title='bbox 929 3659 1103 3721; x_wconf 87' lang='lat' dir='ltr'><strong>l&#39;amiliam</strong></span> <span class='ocrx_word' id='word_1_273' title='bbox 1127 3661 1277 3723; x_wconf 87' lang='lat' dir='ltr'><strong>iaciunt</strong></span> <span class='ocrx_word' id='word_1_274' title='bbox 1301 3664 1399 3724; x_wconf 89' lang='lat' dir='ltr'><strong>maio-</strong></span> 
     </span>
     <span class='ocr_line' id='line_1_33' title="bbox 255 3765 1399 3848; baseline 0 -22"><span class='ocrx_word' id='word_1_275' title='bbox 255 3766 344 3844; x_wconf 88' lang='lat' dir='ltr'><strong>rem]</strong></span> <span class='ocrx_word' id='word_1_276' title='bbox 368 3768 500 3827; x_wconf 84' lang='lat' dir='ltr'><strong>Fuciaut</strong></span> <span class='ocrx_word' id='word_1_277' title='bbox 523 3765 600 3826; x_wconf 87' lang='lat' dir='ltr'><strong>edita</strong></span> <span class='ocrx_word' id='word_1_278' title='bbox 624 3767 691 3827; x_wconf 91' lang='lat' dir='ltr'><strong>inde</strong></span> <span class='ocrx_word' id='word_1_279' title='bbox 711 3786 726 3826; x_wconf 88' lang='lat' dir='ltr'><strong>a</strong></span> <span class='ocrx_word' id='word_1_280' title='bbox 746 3769 880 3847; x_wconf 90' lang='lat' dir='ltr'><strong>principe</strong></span> <span class='ocrx_word' id='word_1_281' title='bbox 901 3769 1030 3830; x_wconf 88' lang='lat' dir='ltr'><strong>editione</strong></span> <span class='ocrx_word' id='word_1_282' title='bbox 1050 3767 1247 3848; x_wconf 82' lang='lat' dir='ltr'><strong>exemplaria.</strong></span> <span class='ocrx_word' id='word_1_283' title='bbox 1288 3768 1399 3831; x_wconf 86' lang='lat' dir='ltr'><strong>restitui</strong></span> 
     </span>
     <span class='ocr_line' id='line_1_34' title="bbox 254 3873 738 3954; baseline 0 -20"><span class='ocrx_word' id='word_1_284' title='bbox 254 3874 407 3954; x_wconf 81' lang='lat' dir='ltr'><strong>archetypi</strong></span> <span class='ocrx_word' id='word_1_285' title='bbox 429 3873 587 3933; x_wconf 85' lang='lat' dir='ltr'><strong>lectionem</strong></span> <span class='ocrx_word' id='word_1_286' title='bbox 608 3873 738 3948; x_wconf 79' lang='lat' dir='ltr'><strong>sariunt.</strong></span> 
     </span>
    </p>

    <p class='ocr_par' dir='ltr' id='par_1_9' title="bbox 251 3979 1404 4488">
     <span class='ocr_line' id='line_1_35' title="bbox 344 3979 1401 4059; baseline 0.006 -19"><span class='ocrx_word' id='word_1_287' title='bbox 344 3980 379 4040; x_wconf 92' lang='lat' dir='ltr'><strong>Si</strong></span> <span class='ocrx_word' id='word_1_288' title='bbox 407 3983 549 4059; x_wconf 87' lang='lat' dir='ltr'><strong>inquam</strong></span> <span class='ocrx_word' id='word_1_289' title='bbox 580 3998 749 4039; x_wconf 88' lang='lat' dir='ltr'><strong>numerus</strong></span> <span class='ocrx_word' id='word_1_290' title='bbox 778 3998 845 4040; x_wconf 93' lang='lat' dir='ltr'><strong>non</strong></span> <span class='ocrx_word' id='word_1_291' title='bbox 874 3991 930 4041; x_wconf 88' lang='lat' dir='ltr'><strong>cst</strong></span> <span class='ocrx_word' id='word_1_292' title='bbox 959 3990 995 4041; x_wconf 91' lang='lat' dir='ltr'><strong>ut</strong></span> <span class='ocrx_word' id='word_1_293' title='bbox 1023 3982 1070 4041; x_wconf 90' lang='lat' dir='ltr'><strong>sit</strong></span> <span class='ocrx_word' id='word_1_294' title='bbox 1098 3979 1137 4041; x_wconf 92' lang='lat' dir='ltr'><strong>ad</strong></span> <span class='ocrx_word' id='word_1_295' title='bbox 1170 3986 1401 4045; x_wconf 89' lang='lat' dir='ltr'><strong>amussim·-</strong></span> 
     </span>
     <span class='ocr_line' id='line_1_36' title="bbox 255 4085 1401 4168; baseline 0 -19"><span class='ocrx_word' id='word_1_296' title='bbox 255 4107 364 4168; x_wconf 86' lang='lat' dir='ltr'><strong>quarc</strong></span> <span class='ocrx_word' id='word_1_297' title='bbox 388 4087 487 4147; x_wconf 91' lang='lat' dir='ltr'><strong>deme</strong></span> <span class='ocrx_word' id='word_1_298' title='bbox 511 4088 540 4146; x_wconf 95' lang='lat' dir='ltr'><strong>si</strong></span> <span class='ocrx_word' id='word_1_299' title='bbox 565 4088 619 4146; x_wconf 91' lang='lat' dir='ltr'><strong>uis</strong></span> <span class='ocrx_word' id='word_1_300' title='bbox 639 4085 726 4146; x_wconf 91' lang='lat' dir='ltr'><strong>duas</strong></span> <span class='ocrx_word' id='word_1_301' title='bbox 749 4086 825 4166; x_wconf 89' lang='lat' dir='ltr'><strong>res]</strong></span> <span class='ocrx_word' id='word_1_302' title='bbox 857 4089 965 4149; x_wconf 80' lang='lat' dir='ltr'><strong>Demes</strong></span> <span class='ocrx_word' id='word_1_303' title='bbox 988 4086 1110 4150; x_wconf 81' lang='lat' dir='ltr'><strong>Merula.</strong></span> <span class='ocrx_word' id='word_1_304' title='bbox 1147 4091 1180 4149; x_wconf 86' lang='lat' dir='ltr'><strong>si</strong></span> <span class='ocrx_word' id='word_1_305' title='bbox 1202 4092 1333 4166; x_wconf 79' lang='lat' dir='ltr'><strong>inquam</strong></span> <span class='ocrx_word' id='word_1_306' title='bbox 1353 4107 1401 4151; x_wconf 86' lang='lat' dir='ltr'><strong>nu·</strong></span> 
     </span>
     <span class='ocr_line' id='line_1_37' title="bbox 254 4195 1404 4267; baseline -0.001 -12"><span class='ocrx_word' id='word_1_307' title='bbox 254 4212 354 4255; x_wconf 85' lang='lat' dir='ltr'><strong>merus</strong></span> <span class='ocrx_word' id='word_1_308' title='bbox 378 4213 437 4253; x_wconf 83' lang='grc' dir='ltr'><strong>νον</strong></span> <span class='ocrx_word' id='word_1_309' title='bbox 462 4201 505 4254; x_wconf 88' lang='lat' dir='ltr'><strong>est</strong></span> <span class='ocrx_word' id='word_1_310' title='bbox 528 4195 571 4253; x_wconf 86' lang='lat' dir='ltr'><strong>ud</strong></span> <span class='ocrx_word' id='word_1_311' title='bbox 592 4196 742 4267; x_wconf 82' lang='lat' dir='ltr'><strong>amussim,</strong></span> <span class='ocrx_word' id='word_1_312' title='bbox 766 4227 802 4236; x_wconf 93' lang='lat'>—</span> <span class='ocrx_word' id='word_1_313' title='bbox 826 4197 912 4256; x_wconf 86' lang='lat' dir='ltr'><strong>derne</strong></span> <span class='ocrx_word' id='word_1_314' title='bbox 938 4198 967 4255; x_wconf 88' lang='lat' dir='ltr'><strong>si</strong></span> <span class='ocrx_word' id='word_1_315' title='bbox 988 4198 1032 4254; x_wconf 85' lang='lat' dir='ltr'><strong>vis</strong></span> <span class='ocrx_word' id='word_1_316' title='bbox 1060 4197 1137 4255; x_wconf 86' lang='lat' dir='ltr'><strong>duas</strong></span> <span class='ocrx_word' id='word_1_317' title='bbox 1168 4215 1222 4258; x_wconf 90' lang='lat' dir='ltr'><strong>res</strong></span> <span class='ocrx_word' id='word_1_318' title='bbox 1247 4196 1404 4260; x_wconf 79' lang='lat' dir='ltr'><strong>lucendus</strong></span> 
     </span>
     <span class='ocr_line' id='line_1_38' title="bbox 251 4298 1402 4377; baseline 0.003 -18"><span class='ocrx_word' id='word_1_319' title='bbox 251 4305 296 4360; x_wconf 83' lang='lat' dir='ltr'><strong>sic</strong></span> <span class='ocrx_word' id='word_1_320' title='bbox 321 4304 443 4374; x_wconf 77' lang='lat' dir='ltr'><strong>trapetum</strong></span> <span class='ocrx_word' id='word_1_321' title='bbox 466 4318 611 4361; x_wconf 77' lang='lat' dir='ltr'><strong>naimarus</strong></span> <span class='ocrx_word' id='word_1_322' title='bbox 634 4308 665 4360; x_wconf 93' lang='lat' dir='ltr'><strong>et</strong></span> <span class='ocrx_word' id='word_1_323' title='bbox 683 4298 788 4360; x_wconf 88' lang='lat' dir='ltr'><strong>deinde</strong></span> <span class='ocrx_word' id='word_1_324' title='bbox 812 4321 912 4377; x_wconf 79' lang='lat' dir='ltr'><strong>quare</strong></span> <span class='ocrx_word' id='word_1_325' title='bbox 935 4304 1037 4363; x_wconf 87' lang='lat' dir='ltr'><strong>demas</strong></span> <span class='ocrx_word' id='word_1_326' title='bbox 1060 4303 1089 4362; x_wconf 87' lang='lat' dir='ltr'><strong>si</strong></span> <span class='ocrx_word' id='word_1_327' title='bbox 1110 4304 1157 4362; x_wconf 86' lang='lat' dir='ltr'><strong>ais</strong></span> <span class='ocrx_word' id='word_1_328' title='bbox 1183 4301 1328 4367; x_wconf 78' lang='lat' dir='ltr'><strong>Ursinus</strong></span> <span class='ocrx_word' id='word_1_329' title='bbox 1360 4305 1402 4363; x_wconf 85' lang='lat' dir='ltr'><strong>sie</strong></span> 
     </span>
     <span class='ocr_line' id='line_1_39' title="bbox 254 4405 1404 4488; baseline 0.005 -21"><span class='ocrx_word' id='word_1_330' title='bbox 254 4427 288 4467; x_wconf 82' lang='lat' dir='ltr'><strong>ex</strong></span> <span class='ocrx_word' id='word_1_331' title='bbox 309 4409 478 4467; x_wconf 85' lang='lat' dir='ltr'><strong>coniectura</strong></span> <span class='ocrx_word' id='word_1_332' title='bbox 499 4405 598 4467; x_wconf 89' lang='lat' dir='ltr'><strong>Ursini</strong></span> <span class='ocrx_word' id='word_1_333' title='bbox 618 4408 716 4483; x_wconf 89' lang='lat' dir='ltr'><strong>recepi</strong></span> <span class='ocrx_word' id='word_1_334' title='bbox 736 4415 766 4467; x_wconf 89' lang='lat' dir='ltr'><strong>et</strong></span> <span class='ocrx_word' id='word_1_335' title='bbox 784 4426 890 4483; x_wconf 83' lang='lat' dir='ltr'><strong>quare,</strong></span> <span class='ocrx_word' id='word_1_336' title='bbox 910 4407 989 4488; x_wconf 91' lang='lat' dir='ltr'><strong>quod</strong></span> <span class='ocrx_word' id='word_1_337' title='bbox 1010 4407 1046 4468; x_wconf 85' lang='lat' dir='ltr'><strong>ab</strong></span> <span class='ocrx_word' id='word_1_338' title='bbox 1066 4406 1242 4471; x_wconf 87' lang='lat' dir='ltr'><strong>editoribus</strong></span> <span class='ocrx_word' id='word_1_339' title='bbox 1265 4414 1404 4473; x_wconf 84' lang='lat' dir='ltr'><strong>omissum</strong></span> 
     </span>
    </p>
   </div>
   <div class='ocr_carea' id='block_1_3' title="bbox 0 0 1444 4994">
    <p class='ocr_par' dir='ltr' id='par_1_10' title="bbox 0 0 1444 4994">
     <span class='ocr_line' id='line_1_40' title="bbox 0 0 1444 4994; baseline 0 0"><span class='ocrx_word' id='word_1_340' title='bbox 0 0 1444 4994; x_wconf 95' lang='lat' dir='ltr'><strong> </strong></span> 
     </span>
    </p>
   </div>
  </div>
 </body>
</html>
