2874 4994
10 24 281 139 WWFW

347 343 478 400 RERVM
495 345 735 402 avsuwultvu
752 347 822 401 LIB.
842 347 865 402 ll
885 345 904 401 4
1135 340 1196 405 167
1314 355 1319 364 ’

54 508 145 561 rent
169 497 298 578 iamne]
317 501 475 578 Apparent
492 499 616 563 Lauinii
636 502 757 581 scripsit
775 499 923 563 Victorius
941 500 1020 563 l'acili
1042 520 1112 563 sane
1131 520 1201 563 con·

48 607 180 668 iectura.
213 605 264 668 sed
282 605 466 686 probabilius
485 608 580 667 visum
600 615 647 670 est
664 616 835 688 corruptam
850 607 1002 690 archetypi
1021 611 1199 689 scripturam

46 714 156 775 iamne
178 731 215 774 ex
238 731 274 773 eo
298 713 377 793 quod
405 723 436 776 et
464 714 612 777 antecedit
639 722 670 775 et
698 716 834 795 sequitur
857 719 1032 778 etiamnunc
1055 726 1199 779 consueto

45 820 79 881 iu
106 818 157 881 his
180 820 263 881 libris
287 822 357 882 vitio
381 819 495 883 librarii
518 830 617 883 ortum
640 840 715 884 asse.

146 923 186 989 19
219 926 405 990 Nutricari
432 937 581 990 octonos
609 947 740 1010 porcos
767 929 940 1010 paruulos
972 933 1088 1011 primo
1118 951 1197 1012 pos·

43 1032 152 1111 suut]
186 1035 354 1097 Nutrieare
386 1053 421 1096 ex
453 1037 589 1117 principe
622 1036 752 1098 editione
783 1045 938 1115 receptum
971 1046 1030 1100 est:
1061 1043 1199 1100 nutricat

45 1157 145 1220 supra
168 1139 190 1219 ἕ
211 1138 251 1203 14
282 1151 314 1203 et
340 1143 453 1221 passiva
481 1145 600 1205 notione
629 1147 828 1207 nutricantur
850 1142 933 1226 123,
952 1141 973 1206 5
996 1153 1026 1206 et
1049 1143 1196 1227 112,1t.

47 1247 105 1308 sed
126 1248 221 1309 forma
240 1248 417 1329 deponentis
436 1247 558 1332 1113,4
580 1254 738 1313 nutricare
756 1255 946 1328 sapinesque,
967 1251 1017 1314 uhi
1037 1257 1199 1315 nutricare

47 1356 82 1415 iu
107 1354 269 1436 archetypo
292 1356 358 1418 luit.

142 1462 241 1534 Quod
274 1463 388 1543 neque
421 1473 534 1525 mater
564 1473 686 1544 potest
717 1466 875 1527 sullerre
907 1464 980 1543 lac]
1019 1468 1106 1539 Quod
1140 1486 1198 1529 nec

48 1579 152 1631 mater
174 1574 239 1632 sala
257 1578 357 1648 potest
379 1572 514 1646 sufferre
536 1575 587 1633 lac
606 1570 727 1651 Merula,
745 1569 797 1632 ubi
819 1590 918 1647 neque
936 1571 1019 1634 dedit
1037 1571 1199 1654 Iucundos,

49 1679 135 1752 quad
166 1684 265 1739 mater
291 1684 390 1754 potest
420 1679 555 1752 sufferre
586 1682 636 1740 lac
666 1676 828 1760 Victorius,
860 1681 943 1753 quod
971 1687 1070 1741 mater
1101 1699 1199 1755 neque

45 1791 149 1862 potest
180 1784 314 1858 sufferre
341 1787 391 1847 lac
420 1784 510 1847 editio
538 1783 776 1846 commeliniana.
821 1784 967 1863 sufficere
993 1790 1043 1848 lac
1071 1789 1199 1848 coniecit

52 1889 215 1952 Gesnerus.
251 1893 370 1953 restitui
392 1889 552 1955 lectionem
575 1892 737 1973 archetypi,
755 1894 785 1954 in
805 1910 863 1972 qua
884 1893 1019 1968 sufferre
1037 1893 1074 1953 de
1093 1896 1198 1956 scrolls

50 1997 166 2059 dictum
199 2007 259 2079 est,
293 2000 371 2060 sicut
401 2003 598 2078 suppeditare
629 2010 731 2079 postca
755 1998 836 2078 §21
869 2003 898 2061 si
926 1999 1032 2077 scrofa
1060 1992 1109 2064 lac
1137 2020 1198 2064 nan

43 2112 148 2184 potest
168 2109 372 2183 suppeditare.

142 2210 184 2273 Ut
207 2211 338 2273 crebro
361 2213 482 2275 reditu
505 2215 599 2276 laete
627 2213 725 2275 alere
751 2215 894 2294 possint
921 2213 1068 2293 porcos]
1092 2214 1197 2291 Lacte,

47 2318 132 2398 quod
157 2321 186 2379 in
210 2321 424 2399 antiquissimis
448 2320 628 2383 editionibus
652 2323 794 2382 omissum
818 2329 891 2402 erat,
911 2319 1043 2400 Scaliger
1066 2329 1097 2382 et
1114 2321 1195 2383 Ursi·

45 2445 109 2488 nus
129 2437 278 2506 tamquam
296 2426 441 2507 glossema
460 2427 553 2490 deleri
573 2427 739 2510 voluerunt,
758 2427 878 2489 inclusit
896 2427 1056 2489 Gesnerus.
1089 2428 1195 2489 deiude

39 2536 145 2611 possit
167 2551 203 2594 ex
226 2532 329 2594 Aldina
353 2534 483 2596 editione
503 2535 599 2596 adhuc
622 2543 776 2615 receptum
799 2543 871 2596 erat.
909 2536 1027 2596 restitui
1051 2534 1195 2615 pluralem

42 2657 223 2724 numerum,
259 2659 318 2721 quo
354 2643 442 2703 etiam
478 2640 675 2721 praecedente
712 2640 854 2721 singulari
892 2643 1065 2703 universum
1101 2660 1196 2722 genus

43 2747 243 2826 significatur.
853 2735 859 2751 ’

142 2850 186 2916 20
213 2853 295 2915 Cum
319 2867 517 2918 creuerunt
540 2859 734 2936 capiuntur
758 2858 862 2935 sequi
886 2863 1032 2917 matrem
1055 2866 1194 2936 pastum

36 2961 218 3040 ,domique
252 2972 448 3024 secernunt
475 2982 491 3024 a
519 2963 694 3025 matribus
721 2982 759 3023 ao
788 2980 949 3023 seorsum
977 2974 1130 3041 pascunt
1158 2974 1196 3025 ut

43 3068 272 3131 desiderium
302 3070 398 3131 ierre
426 3072 570 3150 possint
597 3072 760 3150 parentis
788 3066 968 3145 nutrices]
996 3071 1069 3130 Cant
1092 3089 1195 3132 areae·

43 3178 123 3250 rint,
146 3179 273 3254 cupiunt
294 3181 382 3253 sequi
402 3186 529 3239 matrem
549 3186 680 3255 pastum,
699 3179 838 3252 damiane
859 3184 1023 3239 secernunt
1046 3195 1066 3236 a
1089 3181 1194 3239 matri-

43 3286 106 3345 bus
139 3301 178 3345 aa
205 3301 340 3345 seorsum
359 3293 504 3362 pascunt,
532 3294 565 3344 ut
582 3285 772 3345 ‘desideriunt
792 3282 880 3358 ferre
905 3284 1021 3357 possint
1046 3287 1193 3359 parentis.

46 3384 202 3452 Nutriees‘
221 3389 347 3471 Merula,
379 3409 446 3452 eum
480 3398 656 3464 creuerunt,
689 3392 816 3466 eupiunt
845 3390 933 3464 sequi
962 3396 1103 3468 matrem,
1132 3397 1193 3449 tum

46 3501 133 3560 darni
157 3507 322 3560 secernunt
347 3519 367 3561 a
390 3501 539 3560 matribus
561 3516 600 3560 aa
627 3515 762 3559 seorsum
782 3502 927 3578 pascunt,
950 3503 984 3557 ut
1007 3498 1192 3557 desiderium

41 3605 137 3682 serre
165 3609 282 3682 possint
309 3610 449 3683 parentis
476 3605 640 3687 iucundus,
664 3606 715 3682 qui
742 3607 877 3665 nutrices
910 3601 1027 3662 delevit.
1070 3610 1193 3679 pastam

47 3715 190 3787 domique
213 3710 360 3773 Victorius
383 3731 420 3773 ex
444 3711 545 3774 codice
568 3712 713 3792 restituit,
737 3709 850 3790 reliqua
873 3727 909 3769 ex
933 3707 1038 3769 Aldina
1062 3710 1192 3771 editione

47 3820 197 3898 repetivit.
242 3821 273 3878 iu
306 3820 454 3899 scriptura
490 3818 656 3899 archetypi,
688 3835 775 3897 quam
809 3815 955 3876 Victorius
992 3816 1192 3897 adnotaverat,

48 3929 216 4004 capiuntur
239 3929 326 4000 sequi
347 3917 429 4008 (uam
454 3928 621 4002 cupiuntur
644 3905 739 3985 errori
763 3921 886 3983 Gesneri
915 3919 1106 3983 tribuendum
1130 3918 1190 4004 est)

49 4033 162 4094 lrustra
190 4031 399 4093 laboraverunt
425 4030 584 4093 Turnebus
612 4031 724 4091 advers.
749 4024 817 4108 8,8
842 4036 872 4088 et
895 4026 1039 4108 Scaliger,
1064 4032 1114 4108 qui
1137 4048 1189 4091 ea·

45 4144 176 4218 piantur
199 4139 236 4200 de
260 4112 372 4220 impetu
396 4146 518 4199 naturae
542 4138 600 4199 dici
623 4155 710 4217 posse
734 4135 791 4198 sibl
813 4145 1035 4219 persuaserunt,
1054 4144 1088 4198 ut
1111 4147 1190 4198 esset

49 4244 193 4310 ‘naturali
223 4256 305 4307 motu
337 4240 545 4327 impelluntur'
574 4245 619 4306 vel
646 4240 789 4324 ‘cupiunt
820 4252 963 4322 expetunt
995 4238 1190 4305 desiderant'.

49 4356 201 4419 contrario
234 4352 321 4414 modo
353 4352 432 4415 idem
463 4351 584 4414 verbum
618 4353 831 4431 interpretatus
863 4359 909 4411 est
937 4349 1092 4412 Fruterius
1122 4370 1189 4413 con·

47 4466 157 4532 iectan.
176 4459 257 4523 1114
284 4460 418 4538 (Gruter.
440 4459 526 4539 lamp.
549 4477 575 4520 v.
594 4456 617 4518 V
640 4477 669 4537 p.
687 4451 783 4542 358),
813 4453 1024 4538 ‘prohibentur
1047 4465 1079 4519 et
1101 4459 1189 4518 inter·
