2874 4994
338 319 469 374 RERVM
487 318 724 375 RVSTIOARVM
743 320 812 374 LIB.
831 320 844 373 Ι
862 317 904 375 40
1149 311 1191 376 99

142 471 161 536 6
193 473 227 535 Si
252 473 412 535 eiusdem
436 477 581 553 generis
605 483 660 536 est
682 474 869 536 dumtaxat
897 482 935 536 ut
962 475 1010 535 sit
1037 482 1191 554 utraque

120 580 178 659 lus]
198 583 301 644 Malus
319 580 411 642 codex
436 580 635 663 Florentium,
654 585 751 643 maius
770 582 884 661 reliqua
903 580 1077 662 apographa.
1110 584 1193 643 dum·

120 696 151 768 ut,
171 698 203 750 ut
225 694 253 750 st
274 698 406 766 utreque
429 694 526 751 malus
549 688 674 751 Ursinus
699 699 729 750 et
752 688 961 750 Schneiderus.

144 794 186 855 Er
210 795 339 857 arbore
363 815 429 876 qua
453 796 532 857 uult
560 795 693 857 habere
717 796 900 859 surculum
927 797 961 856 in
991 814 1063 857 earn
1092 815 1193 876 qnam

123 921 215 963 erere
239 903 319 964 uult
342 903 514 964 ramulum
546 904 705 964 traducit
735 912 770 965 et
797 905 832 964 in
861 904 939 964 eius
967 921 1062 964 ramo
1092 922 1197 983 prae·

121 1028 195 1070 cae
223 1010 369 1071 dillisso
402 1009 565 1090 implicat
592 1028 669 1071 eum
702 1010 816 1072 locum
850 1013 912 1090 qui
944 1012 1124 1090 contingit
1153 1030 1193 1071 ex

120 1135 203 1196 ‘aqrre
232 1128 332 1197 parte
361 1117 452 1197 quod
481 1120 578 1178 intro
607 1126 661 1177 est
689 1117 779 1178 lalce
810 1126 1040 1180 extenuatum
1073 1120 1123 1179 ita
1156 1126 1194 1179 ut

126 1240 183 1282 una
206 1226 299 1302 parti
323 1224 416 1302 quod
439 1224 574 1284 caelum
598 1226 760 1285 uisurum
781 1233 834 1284 est
853 1226 990 1284 cortice
1014 1243 1091 1286 cum
1114 1243 1194 1286 cor·

125 1347 139 1388 e
166 1339 399 1408 exaequatum
430 1328 573 1407 habeat]
597 1334 642 1391 Ac
666 1328 781 1407 diffisso
805 1340 835 1393 et
858 1330 964 1392 deinde
988 1334 1102 1392 cortice
1125 1348 1194 1392 curn

120 1437 177 1496 dice
204 1435 329 1514 plurima
358 1437 537 1516 apographa:
571 1438 668 1497 minus
697 1446 832 1499 accurate
861 1436 1024 1498 Politianus
1051 1439 1194 1518 principis

120 1543 194 1603 tionis
217 1542 373 1604 lectionem
397 1545 535 1606 correxit.
581 1562 621 1606 ex
648 1547 761 1606 arbore
788 1547 881 1619 enim,
905 1563 924 1605 α
951 1563 1012 1619 qua
1040 1547 1108 1620 quis
1134 1522 1200 1605 vell

120 1667 169 1710 rere
194 1654 362 1725 surculum,
387 1654 418 1711 in
450 1669 529 1726 cum,
560 1669 651 1726 quam
680 1655 816 1713 inserere
847 1654 922 1725 uult,
950 1655 1101 1713 ramulum
1134 1660 1196 1712 tra·

120 1760 193 1818 utet
215 1761 246 1818 in
269 1761 334 1819 eius
357 1776 444 1819 ramo
463 1762 607 1835 praeciso
631 1778 669 1820 cc
692 1762 794 1832 difisso
825 1761 972 1835 implicat,
996 1766 1058 1819 tum
1085 1762 1199 1819 ramuli

120 1880 151 1935 rs,
167 1868 218 1938 qui
240 1868 388 1940 continuit
412 1883 451 1926 ex
474 1874 606 1940 utruque
624 1873 725 1942 parte,
744 1884 805 1941 qua
825 1869 969 1939 fissuram
994 1869 1097 1939 intrat,
1113 1864 1197 1941 falce

120 1980 252 2045 eduntur,
276 1975 321 2032 ita
344 1980 378 2033 ut
401 1991 441 2034 ex
463 1992 526 2033 una
546 1980 650 2050 perte,
673 1992 736 2048 que
757 1976 874 2034 coelum
902 1977 1022 2033 visurus
1049 1981 1106 2047 est,
1130 1990 1197 2033 cor-

120 2093 146 2136 ·nt
175 2097 241 2138 cum
279 2082 394 2140 cortice
432 2088 637 2154 exaequatum
667 2081 779 2140 debeat
814 2078 974 2141 lucundus.
1019 2081 1196 2158 scripturam

120 2181 204 2264 letypi
233 2184 381 2247 Victorius
410 2188 558 2248 restistuit
587 2193 706 2266 praeter
734 2204 841 2267 pauca,
869 2189 899 2247 in
930 2185 1039 2265 quibus
1062 2185 1195 2247 Aldinam

120 2291 215 2352 ionem
239 2303 361 2354 secutus
389 2303 447 2368 est,
471 2314 511 2355 ex
535 2296 660 2369 arbore,
684 2313 701 2354 e
724 2312 784 2368 qua
808 2297 875 2368 quis
898 2296 961 2354 vult
987 2295 1102 2354 habere
1129 2312 1196 2354 sur·

120 2413 165 2473 tm,
184 2404 215 2460 in
239 2419 314 2476 eum,
334 2420 424 2476 quam
448 2405 584 2463 inserere
608 2404 677 2483 uult,
696 2405 848 2462 ramulum
871 2403 1008 2462 traducit
1030 2410 1059 2461 et
1083 2404 1198 2462 ineius

120 2519 144 2562 m
162 2510 303 2582 praecise
327 2527 366 2569 ee
390 2511 491 2581 elisisse
518 2511 665 2584 implicat,
689 2511 890 2581 canineam,
913 2511 967 2582 qui
988 2510 1136 2582 continete
1159 2526 1199 2568 ex

120 2625 187 2683 tque
205 2621 306 2694 purte,
330 2617 411 2688 quud
433 2617 513 2675 intro
538 2621 582 2675 est
606 2613 690 2688 falce
713 2620 911 2688 extenuatur,
935 2618 979 2675 itu
1006 2621 1040 2675 ut
1067 2632 1107 2676 ex
1136 2632 1198 2674 unu

120 2723 153 2792 te,
176 2724 258 2795 qued
281 2723 395 2781 coelum
418 2724 553 2782 uisurum
576 2730 628 2798 est,
650 2724 794 2783 corticem
818 2739 886 2783 cum
909 2725 1024 2783 cortice
1047 2737 1198 2795 exaequa-

150 2829 270 2888 huheat.
315 2826 400 2907 plura
430 2827 630 2889 Schneiderus
663 2830 764 2889 novari
796 2827 901 2909 voluit,
930 2846 997 2889 cum
1027 2828 1198 2908 impeditam

121 2947 136 2989 e
157 2933 298 2994 Varronis
322 2937 562 2996 coniunctionem
585 2934 745 2996 verborum
769 2953 827 2995 nnn
852 2934 1046 3014 intellegeret
1088 2934 1198 2995 descri-

120 3053 135 3094 Γ
168 3050 266 3102 autem
300 3061 394 3121 genus
426 3045 574 3103 insitionis
606 3042 702 3103 simile
731 3044 759 3102 ei
786 3040 864 3120 quod
893 3042 924 3100 in
952 3040 1062 3101 vitibus
1089 3040 1200 3101 indicat

120 3176 121 3188 κ
149 3145 203 3227 41,
223 3146 243 3209 2
268 3154 367 3211 altera
391 3153 491 3211 irzsltlo
514 3158 573 3211 est:
601 3154 629 3209 si
655 3152 723 3210 uitis
746 3151 833 3209 uitem
857 3151 1017 3229 contineat,
1040 3151 1200 3222 utriusque

120 3269 142 3313 n
176 3265 312 3316 tenerum
341 3259 536 3332 praecedite,
570 3257 689 3329 obliquo
722 3257 802 3314 inter
837 3271 901 3343 sese
937 3254 1098 3314 medullam
1130 3271 1199 3313 cum

120 3367 187 3423 ulla
211 3363 289 3422 libro
313 3366 473 3437 continete.
513 3363 680 3421 accuratius
704 3358 864 3421 Columella
887 3356 1039 3440 V11,13
1062 3360 1093 3418 in
1117 3377 1198 3419 ramo

120 3486 149 3528 le
173 3471 202 3528 in
228 3470 316 3529 ficum
340 3468 498 3530 inserendo
522 3486 586 3528 rem
610 3469 754 3546 exposuit.
792 3484 828 3526 ex
852 3484 886 3526 ea
909 3467 1000 3546 igitur
1024 3464 1138 3546 arbore,
1162 3483 1198 3525 ex
1270 3457 1272 3459 ’

147 3575 300 3637 surculum
333 3575 441 3636 habere
476 3574 590 3654 volunt,
617 3573 764 3635 ramulum
796 3572 957 3634 traducunt
985 3575 1014 3632 in
1047 3570 1140 3651 illam,
1170 3573 1199 3630 in

120 3696 147 3742 n
170 3701 237 3743 eurn
262 3700 375 3742 ramum
404 3684 537 3742 inserere
561 3680 662 3741 volunt
686 3689 715 3742 et
742 3682 773 3741 in
802 3698 882 3741 ramo
911 3680 976 3739 eius
1003 3680 1137 3758 praeciso
1165 3696 1199 3739 ac

120 3804 170 3850 sso
193 3788 351 3870 ramulum,
370 3790 421 3868 qui
444 3807 480 3848 ex
499 3787 590 3849 altera
610 3787 716 3849 arbore
739 3787 894 3848 traductus
918 3804 984 3847 eum
1009 3785 1107 3846 locum
1131 3804 1198 3846 con-

120 3905 159 3979 lt,
179 3897 336 3976 inplicant,
360 3904 515 3975 postquam
539 3897 578 3978 is,
601 3904 744 3976 quantum
770 3893 888 3973 quidem
919 3895 996 3953 intro
1025 3890 1199 3969 inplicatnm

144 4004 215 4066 lalce
239 4023 275 4065 ex
300 4012 425 4082 utraque
448 4011 531 4083 parte
556 4011 731 4063 extenuatus
755 4010 808 4062 est.
855 3998 996 4079 inplicant
1024 4006 1122 4057 autem
1150 3999 1199 4077 ita,

120 4127 152 4171 tx
174 4130 232 4173 una
256 4114 320 4172 eius
350 4108 455 4170 ramuli
483 4120 566 4188 parte
595 4108 623 4169 id
652 4107 730 4187 quod
760 4105 872 4167 caelum
901 4107 1034 4166 visurum
1063 4112 1109 4163 est
1136 4122 1200 4164 cor·

120 4231 146 4276 11
181 4226 377 4298 exaequatum
410 4235 477 4278 curn
510 4217 621 4276 cortice
656 4213 777 4275 alterius
811 4214 885 4274 rami
923 4210 1038 4272 haheat.
1084 4209 1137 4271 sed
1170 4213 1200 4271 in

147 4344 219 4404 quae
248 4327 305 4405 sic,
333 4335 366 4385 ut
393 4327 423 4384 in
452 4323 553 4385 codice
582 4323 691 4400 scripta
720 4328 816 4401 erant,
840 4318 974 4400 exhibui,
1004 4319 1134 4398 primum
1162 4337 1201 4380 ecc

120 4446 171 4494 are
198 4451 259 4509 qua
291 4435 353 4493 vult
385 4432 499 4492 tradere
525 4432 682 4492 surculum
709 4446 768 4488 non
796 4428 921 4507 repetita
950 4433 1018 4486 ante
1046 4425 1199 4487 relativum

954 4523 990 4581 72
