2874 4994
632 1407 646 1468 l

154 1549 286 1632 Capitula
310 1550 380 1611 libri
402 1553 492 1631 primi
515 1554 545 1611 in
569 1552 729 1633 archetypo
753 1562 822 1615 ante
846 1557 943 1635 ipsum
966 1554 1077 1616 librum
1100 1557 1209 1635 scripta

118 1666 149 1717 nt
172 1658 337 1738 eodemque
361 1659 425 1720 loco
449 1663 479 1719 in
502 1659 640 1740 plurimis
663 1660 840 1741 apographis
863 1661 1012 1742 leguntur.
1054 1661 1126 1722 haec
1150 1661 1208 1722 lle·

118 1783 122 1821 ι
152 1766 288 1845 plurimis
312 1766 385 1827 locis
405 1776 515 1828 mutata
535 1768 627 1828 edidit
647 1778 676 1827 et
695 1767 762 1828 libri
782 1768 906 1830 secundi
926 1778 956 1829 et
975 1771 1055 1830 tertii
1073 1768 1210 1848 capitula,

118 1891 135 1930 e
165 1877 194 1933 in
219 1892 306 1934 manu
331 1876 450 1954 scriptis
474 1873 558 1934 libris
577 1894 637 1936 non
655 1874 805 1956 leguntur,
828 1875 963 1937 subiecit.
998 1876 1077 1937 idem
1097 1879 1127 1936 iu
1145 1878 1209 1955 ipsa

118 1981 194 2040 ione
218 1984 411 2061 praescriptis
435 1980 539 2041 iisdem
570 1980 664 2042 titulis
688 1982 777 2043 verba
806 1985 835 2042 in
864 1985 974 2064 capita,
1002 1985 1079 2044 sicut
1105 1994 1209 2064 postea

118 2104 134 2144 a
162 2098 239 2167 sunt,
259 2087 401 2150 distinxit.
440 2087 588 2149 Victorius
603 2091 692 2168 primi
714 2087 783 2149 libri
797 2089 925 2169 capitula
939 2091 975 2150 ad
996 2090 1083 2151 iidem
1098 2089 1209 2150 codicis

118 2198 205 2268 *erin
230 2194 353 2255 secundi
377 2205 407 2255 et
427 2198 508 2256 tertii
530 2195 599 2255 libri
622 2195 737 2257 indices
762 2215 797 2256 ex
816 2195 920 2256 Aldina
939 2197 1068 2258 editione
1088 2199 1210 2278 recepit,

136 2314 209 2362 ante
233 2302 288 2362 hos
312 2300 404 2362 libros
428 2302 582 2364 collocarit
605 2311 635 2363 et
654 2313 803 2383 tamquam
823 2322 839 2363 a
859 2303 1075 2364 recentioribus
1095 2304 1209 2364 additos

118 2407 309 2489 idulterinoq
334 2418 367 2470 ut
390 2413 443 2491 ait,
470 2411 604 2489 adposita
627 2421 695 2469 nota
720 2411 902 2489 significavit.
948 2410 1055 2490 reliqui
1079 2410 1209 2471 editores

118 2532 165 2575 en
192 2520 394 2596 antiquiorum
422 2518 584 2579 editionum
616 2520 761 2578 rationem
790 2520 874 2597 sequi
908 2516 1088 2598 maluerunt,
1121 2536 1209 2597 qnam

124 2625 175 2682 ris
198 2623 309 2684 codicis
333 2623 421 2684 fidem
445 2622 609 2685 aVictorio
629 2626 805 2686 restitutam.
829 2643 933 2704 parum
953 2634 1090 2686 accurate
1110 2634 1209 2684 autern

118 2746 162 2789 eo
185 2734 234 2810 qui
258 2730 332 2791 haec
352 2731 479 2811 capitula
500 2733 629 2792 coniecit
648 2742 820 2811 argumenta
840 2751 950 2813 rerum,
969 2733 1005 2792 de
1025 2732 1133 2811 quibus
1152 2732 1209 2791 dis·

118 2846 201 2897 rtum
225 2850 284 2919 est,
306 2838 432 2899 indicata
461 2857 525 2898 esse
551 2838 635 2899 iacile
659 2850 788 2919 apparet.
812 2842 955 2900 terminos
979 2839 1109 2920 dierum,
1135 2857 1209 2919 quos

118 2940 242 3007 ‘ut-36
267 2948 297 3005 in
322 2944 482 3006 intervallis
506 2946 671 3007 indicandis
695 2945 819 3028 addidit,
843 2965 911 3006 cum
932 2945 1071 3007 Varronis
1090 2964 1208 3026 compu-

118 3066 176 3112 )ne
200 3072 259 3113 non
283 3056 441 3113 convenire
466 3056 495 3113 iu
519 3053 706 3114 adnotatione
731 3073 755 3114 c.
774 3051 862 3133 28,2
886 3055 955 3114 dixi.

157 3158 228 3220 05
261 3158 359 3230 Quod
387 3170 510 3239 partes
542 3160 670 3221 habeat
698 3159 915 3240 disciplinae
944 3158 1086 3219 cultura
1114 3157 1207 3239 agri]

118 3275 150 3324 η
172 3274 277 3344 partes
304 3269 416 3328 iubent
444 3270 606 3344 disciplina
635 3271 776 3328 culturae
809 3270 881 3342 apri
908 3267 1022 3344 scripsi.
1059 3267 1210 3343 pertinent

118 3386 148 3431 n
165 3375 235 3436 haec
254 3373 289 3434 ad
310 3374 484 3434 divisionem
504 3394 528 3435 c.
548 3371 610 3456 5,1
631 3373 798 3455 indicatam,
817 3375 958 3448 quonium
977 3375 1050 3448 apri
1069 3375 1210 3432 culturae

118 3483 246 3542 desset
270 3485 387 3543 initium
411 3490 440 3542 et
459 3484 532 3555 finis
556 3484 632 3563 dixi,
655 3483 839 3558 relinquitur
866 3487 938 3556 quot
961 3486 1068 3556 partes
1091 3496 1127 3539 ea
1150 3480 1208 3537 dis·

120 3588 179 3647 ina
197 3591 309 3650 habeut
331 3598 364 3648 ut
386 3592 425 3649 sit
447 3590 617 3649 videndum.

157 3694 185 3754 C.
210 3693 251 3755 14
289 3694 334 3755 lle
367 3697 480 3774 septis
513 3714 601 3774 quae
639 3694 741 3756 lundi
775 3694 916 3755 tutandi
953 3710 1058 3753 cansa
1096 3689 1208 3767 liunt]

118 3811 159 3861 ru
180 3802 355 3883 Pontianus,
379 3805 509 3882 itemque
533 3812 635 3883 postea
659 3805 814 3864 commoda
836 3805 915 3875 fiunt
938 3803 967 3860 in
991 3801 1125 3879 principe
1150 3798 1209 3858 cdi·
1310 3880 1313 3885 .

118 3925 149 3967 re
171 3929 230 3970 non
253 3911 393 3992 correxit,
416 3909 468 3970 sed
484 3914 565 3983 siunt
583 3918 711 3989 utroque
734 3909 799 3970 loco
819 3908 967 3969 Victorius
986 3915 1015 3966 et
1034 3904 1209 3984 apographa.

157 4016 185 4078 C.
207 4013 247 4078 18
280 4016 326 4076 lle
356 4035 501 4077 numero
530 4019 754 4079 rusticorum
778 4015 946 4094 quotiens
969 4012 1090 4091 operis
1114 4013 1209 4088 quis·

118 4139 137 4182 e
158 4127 232 4204 agri
252 4124 374 4185 modus
393 4123 464 4184 coli
483 4123 617 4202 possit]
642 4126 783 4197 Quotenis
802 4125 902 4198 operis
925 4119 1041 4201 scripsi,
1065 4136 1139 4196 quae
1160 4134 1209 4176 no·

118 4235 154 4292 ris
177 4232 270 4292 iorma
293 4234 324 4290 in
348 4250 435 4292 manu
461 4234 580 4312 scriptis
603 4230 687 4291 libris
710 4230 818 4310 legitur
841 4228 896 4308 bis,
919 4229 948 4287 in
978 4225 1095 4286 rubrica
1124 4243 1150 4285 c.
1168 4221 1210 4285 28

118 4347 209 4399 rtenos
233 4341 296 4399 dies
319 4340 431 4400 iaceat
453 4342 592 4414 quodque
615 4347 728 4416 ternpus
751 4347 781 4398 et
800 4356 825 4397 c.
843 4334 887 4397 44
910 4337 1033 4410 quoteni
1051 4334 1145 4394 modii
1166 4351 1209 4393 se·

118 4454 180 4507 itur.

964 4548 977 4594 1
984 4542 999 4577 t
