2874 4994
268 110 318 165 DE
337 111 426 166 adiu
444 111 618 167 GVLTVRA
636 112 777 168 LIBRVM
797 113 826 168 C.
844 113 1014 171 139-141
1149 108 1212 171 145

157 265 252 326 CXLI
273 266 289 328 1
316 265 440 327 blando
464 267 533 328 tibi
556 271 648 328 mani
671 271 723 329 uti
746 268 807 328 illa
826 288 863 329 es
884 269 1119 331 uouitaurilia
1138 270 1216 330 lun-

64 372 147 433 dum
168 392 289 453 agrurn
309 381 516 453 terramque
536 395 644 436 meam
664 385 770 456 quota
791 395 831 437 ex
851 386 951 456 parte
972 379 1049 438 siue
1065 379 1216 437 circum·

64 481 123 559 agi
152 481 232 541 siue
260 482 550 543 circumferenda
579 501 727 544 censeas
755 487 806 544 uti
834 503 941 545 cures
969 482 1140 561 lustrare]
1170 485 1220 545 Uti

65 590 159 649 illaec
176 591 395 649 suouituurilia
414 591 444 649 in
464 591 596 667 margine
617 590 770 669 archetypi
786 590 902 650 ridetur
917 591 1101 671 adscriptum
1115 592 1219 673 luisse,

65 693 147 773 quod
182 703 213 754 et
238 693 400 756 Politianus
434 699 464 756 in
499 699 630 775 margine
664 698 808 776 principis
841 696 980 759 editionis
1009 698 1158 759 adnotavit
1186 708 1217 758 et

47 798 218 862 'Victorius
245 820 281 862 ex
310 803 413 864 eodem
442 804 544 864 codice
571 804 671 865 edidit,
719 823 785 865 nam
809 812 877 865 ante
901 805 981 866 hunc
1004 810 1051 866 uti
1073 810 1125 867 illu
1148 809 1217 866 soli-

64 912 198 969 taurilia
222 910 277 969 luit
300 911 331 969 in
354 909 546 972 editionibus,
583 910 713 972 Manium
737 929 846 972 nomen
870 930 936 973 esse
960 912 1048 992 vilici,
1071 913 1106 974 ad
1127 931 1217 993 quem

64 1017 153 1076 iussu
173 1016 285 1077 domini
302 1020 473 1096 procuratio
488 1018 663 1080 ambarralis
678 1021 755 1080 sacri
769 1021 943 1100 pertineret,
962 1019 1071 1098 l'opma
1087 1019 1218 1100 putabat,

64 1121 221 1183 Gesnerus
249 1123 437 1202 haruspicem
466 1134 517 1186 aut
545 1126 743 1200 sacerdotem,
770 1129 820 1187 cui
849 1135 933 1206 pater
962 1127 1084 1188 familias
1112 1129 1218 1189 lustra·

63 1231 182 1290 tionem
212 1230 377 1310 mandaret,
405 1231 465 1292 dici
493 1231 714 1314 suspicabatur,
742 1233 820 1294 idem
849 1242 947 1294 tamen
974 1234 1073 1294 Manlii
1101 1254 1218 1314 nomen,

62 1337 146 1416 quod
172 1337 281 1416 legitur
305 1336 414 1419 144‚2
438 1360 478 1401 ex
498 1338 597 1415 suedo
621 1341 654 1401 L.
671 1341 772 1402 Manli
793 1349 823 1401 et
842 1343 997 1402 arbitratu
1018 1342 1051 1401 L.
1067 1344 1168 1403 Manli
1185 1352 1215 1403 et

66 1441 131 1505 152
158 1445 271 1506 Manlii
296 1454 554 1521 monstraverunt,
586 1447 635 1507 hic
664 1467 783 1527 quoque
812 1446 954 1508 substitui
983 1447 1088 1530 voluit,
1117 1468 1217 1528 quam·

14 1600 25 1613 .
64 1569 158 1631 quam
191 1569 280 1613 causa
310 1571 369 1614 non
399 1562 463 1614 erat
491 1572 545 1614 cur
574 1554 610 1614 de
639 1557 758 1615 nomine
786 1554 982 1615 dubitaretur.
1034 1556 1217 1636 intellegitur

64 1666 169 1718 autem
192 1657 281 1719 homo
304 1661 417 1721 rituum
441 1672 471 1721 et
494 1648 741 1722 caerimoniarum
760 1663 884 1742 peritus,
909 1665 959 1723 cui
976 1663 1113 1724 lustratio
1134 1683 1217 1742 agro-

63 1783 135 1825 rum
159 1784 176 1825 a
199 1765 318 1826 domino
342 1766 427 1827 tundi
452 1767 616 1828 mandatur.
654 1768 706 1828 scd
730 1772 793 1829 siue
814 1772 988 1845 circumuqz'
1004 1774 1066 1832 siue
1086 1774 1214 1832 circum-

58 1871 200 1948 ferenda
222 1891 348 1935 censeor
371 1892 431 1934 non
454 1874 553 1935 addito
578 1874 667 1935 verbo
687 1876 770 1935 linito
790 1876 824 1936 ad
845 1876 1024 1936 infinitivum
1044 1880 1220 1952 circumupc'

63 1978 128 2040 dici
153 1998 213 2040 non
236 1983 345 2063 potuit,
374 1981 425 2041 sed
449 1985 624 2057 circumdet
645 1968 730 2043 iubes
755 1981 799 2041 vel
822 1986 996 2059 circumeat
1018 1988 1062 2044 uis
1087 1984 1219 2044 scriben-

64 2087 141 2148 dum
161 2097 216 2149 est.
251 2106 318 2149 uam
338 2091 365 2148 ei
385 2090 433 2149 cui
452 2107 501 2149 res
521 2090 656 2149 mandata
676 2098 740 2150 erat
760 2091 952 2170 permittitur,
972 2099 1072 2150 utrum
1092 2093 1218 2151 circum-

63 2197 116 2275 agi
140 2194 255 2257 hostias
280 2194 363 2275 velit,
386 2214 423 2256 an
448 2215 498 2257 eas
522 2196 778 2257 circumferendas
800 2215 865 2256 esse
890 2205 1018 2258 censeat.

159 2300 296 2364 2blars
323 2313 425 2381 pater
452 2304 493 2363 de
522 2322 652 2382 precor
680 2302 767 2382 sqq]
798 2301 951 2364 Formulas
980 2306 1159 2383 precationis
1187 2307 1218 2365 iu

64 2410 196 2470 formam
222 2395 363 2470 carminis
387 2410 547 2490 rhythmici
569 2410 705 2490 redigere
729 2411 845 2472 studuit
869 2410 1070 2490 Westphalius
1094 2411 1130 2471 de
1155 2420 1217 2472 arte

63 2517 194 2577 metrica
218 2515 398 2578 Graecorum
428 2537 453 2578 u.
481 2516 521 2577 111
546 2515 614 2597 tp.
639 2515 681 2580 67
710 2518 755 2578 ed.
784 2526 851 2578 tert.
881 2526 911 2577 et
939 2517 974 2578 de
1003 2526 1066 2577 arte
1096 2519 1216 2578 metrica

61 2623 202 2703 generali
225 2642 249 2684 a.
273 2621 359 2686 1892
378 2645 405 2705 p.
420 2622 493 2685 223.
531 2623 674 2684 iambicos
698 2634 728 2684 et
751 2624 920 2685 trochaicus
944 2643 1048 2685 versus
1069 2624 1218 2684 Zauderus

64 2749 148 2792 vers.
171 2730 234 2792 ltal.
258 2734 348 2810 antiq.
371 2751 399 2811 p.
419 2729 462 2794 36
485 2733 648 2792 constituit.

161 2835 183 2898 2
219 2837 349 2919 Utique
387 2844 424 2898 tu
461 2837 585 2916 fruges
618 2838 796 2899 frumenta
830 2840 952 2898 uineta
986 2839 1218 2918 uirgultaque

64 2945 242 3024 grandire
266 2945 428 3025 beneque
452 2948 600 3005 euenire
625 2944 725 3022 siris]
751 2947 886 3006 Euenire
908 2949 991 3006 sinos
1015 2944 1166 3006 iucundus
1190 2954 1220 3005 et

65 3051 180 3112 deiude
204 3050 312 3131 reliqui
335 3052 490 3117 editores..
511 3048 663 3130 ‘beneque
682 3054 802 3112 evenire
823 3054 916 3112 sinas:
940 3051 1097 3130 Receptam
1119 3052 1218 3112 lectio-

67 3177 142 3220 nem
170 3161 295 3239 retinui,
323 3177 420 3238 neque
444 3167 542 3219 tamen
567 3158 645 3238 quod
670 3160 701 3218 in
724 3161 845 3237 optimis
869 3157 1087 3236 exemplaribus
1111 3159 1220 3218 otlendi

67 3268 202 3328 reticere
225 3265 305 3326 volo:
328 3267 450 3326 memini
473 3268 553 3326 enim
573 3284 618 3325 mc
638 3265 675 3326 Μ.
695 3264 836 3327 Catonem
855 3284 926 3344 prae
947 3263 1083 3324 manibus
1102 3264 1220 3346 habere,

68 3377 123 3454 qui
154 3375 374 3434 vetustissimus
401 3375 529 3452 scriptor
553 3373 609 3433 tuit
633 3380 663 3433 et
687 3372 778 3432 multa
803 3391 878 3452 quae
902 3372 1111 3433 obsoleverunt
1135 3390 1220 3432 usur·

68 3483 162 3560 pavit.
198 3499 253 3559 pre
278 3480 365 3542 Sinas
387 3482 480 3558 igitur
503 3482 534 3539 in
557 3479 615 3539 illis
640 3479 715 3539 Siris
739 3482 885 3559 scriptum
909 3476 966 3540 est'
985 3478 1145 3540 Victorius.
1186 3479 1222 3538 dc

55 3587 165 3649 uerbo
182 3590 335 3662 qroodire
349 3588 426 3666 apud
441 3586 570 3647 Nonium
585 3605 613 3664 p.
630 3583 703 3666 115,
720 3586 736 3647 1
753 3588 863 3664 scripta
879 3595 948 3645 sunt
964 3586 1046 3665 haec,
1069 3588 1224 3646 Groudtre

71 3703 117 3757 est
142 3694 387 3771 qraodcsocerc:
418 3694 517 3754 Varro
544 3711 649 3754 rerum
677 3696 850 3753 divinarum
878 3694 928 3751 lto.
953 3693 993 3750 ΙΙ
1013 3688 1092 3752 ‘cum
1116 3695 1223 3750 latemus

72 3810 130 3862 aut
151 3804 269 3863 semina
293 3799 433 3878 recipere
452 3818 511 3861 nou
528 3803 625 3877 possit
644 3807 698 3860 aut
716 3807 841 3874 recepto
860 3816 920 3858 oen
939 3799 1050 3857 reddet
1069 3804 1122 3855 cut
1141 3800 1223 3856 edita

72 3911 227 3984 praudire
250 3903 407 3983 nequeat’:
432 3909 561 3968 Plautus
580 3909 744 3968 Aulularia
764 3898 805 3987 (v.
825 3896 883 3985 49)
904 3898 1115 3964 ‘testudineum
1136 3907 1224 3963 istum

76 4018 131 4077 tibi
152 4034 210 4092 eqo
230 4016 385 4091 oranutbo
402 4011 564 4091 produm':
588 4015 752 4074 Lucretius
771 4014 820 4073 lto.
840 4013 878 4072 II
894 4004 1011 4091 (1160)
1035 4005 1125 4085 ‘quoe
1144 4030 1225 4070 ouoc

77 4126 127 4184 estc
149 4131 255 4184 nostro
272 4123 484 4197 prondeecuut
503 4128 596 4181 auctu
615 4113 732 4180 luborc’
749 4151 790 4159 -
807 4118 960 4176 Pacuuius
975 4118 1133 4178 Duloreste
1152 4114 1221 4179 ‘nec

81 4232 224 4302 pranderi
241 4228 370 4304 sruqum
388 4232 482 4304 fetum
498 4246 587 4305 porse
607 4244 663 4287 uec
682 4217 859 4286 mitescere’.
896 4221 966 4282 hinc
985 4223 1063 4302 apud
1083 4223 1223 4284 Catonem

131 4339 186 4382 (tar.
199 4352 232 4383 nn
247 4350 309 4381 aum
323 4349 390 4380 oran.
417 4340 449 4380 Π.
976 4329 1009 4377 10
