2874 4994
250 329 315 394 214
596 333 786 389 continno.
805 333 846 387 IN
864 330 1053 388 VARRONIS

251 491 360 572 quibus
390 489 523 572 aluntur,
554 491 635 569 ipsae
666 506 784 567 quoqne
815 505 940 567 corpora
969 504 1097 567 purgare
1125 483 1248 547 soleant
1286 486 1362 564 ittam

251 598 366 679 expleta
390 597 493 659 lacuna
522 607 691 676 corruptam
721 594 872 675 archetypi
900 596 1079 674 scripturam
1105 595 1139 654 in
1166 591 1246 654 hunc
1270 590 1363 653 moion

252 707 378 779 correxi,
398 723 417 766 a
437 705 638 782 pastionibus,
657 705 740 778 qaod
756 705 800 764 ad
820 704 962 764 alendam
980 703 1053 764 atita
1071 703 1156 777 qaod
1167 702 1206 774 fit
1223 700 1261 761 ad
1275 701 1364 761 λαλαο
1389 710 1393 717 ·

252 820 281 874 at
303 816 403 890 stapla
426 819 456 873 et
478 815 597 873 omnino
621 813 711 871 arido
734 817 764 871 et
784 813 875 883 firmo
897 811 965 872 ct'bo
985 811 1105 886 pecude
1124 813 1234 886 pasta,·
1261 808 1299 867 ad
1312 824 1365 883 pcr-

248 923 446 997 parpaadam
469 920 508 979 ab
531 937 583 993 aa,
607 935 686 992 qaae
709 935 729 978 a
752 919 847 978 oirc'dt'
864 923 975 994 pasta„
994 933 1029 978 eo
1050 918 1163 994 macto,
1184 915 1215 975 εἰ
1234 912 1322 990 frod
1337 930 1367 975 cr

252 1029 367 1100 herbis,
396 1044 475 1101 qaae
503 1029 587 1102 ipsae
613 1032 750 1100 sumptae
775 1040 972 1100 perparoarc
997 1025 1095 1084 solent
1120 1028 1367 1100 corporascere

254 1133 358 1194 similia
379 1140 535 1213 praecepta
554 1131 590 1190 de
610 1139 715 1191 natura
735 1129 820 1190 lactis
839 1139 910 1191 sunt
928 1129 1006 1210 apud
1021 1127 1225 1190 dioscoridem
1242 1127 1369 1189 tamea.

255 1240 331 1300 med.
354 1235 442 1301 1175
464 1235 532 1300 πᾶν
557 1230 594 1300 δὲ
617 1229 701 1317 γάλα
724 1237 852 1310 κοιλίας
874 1229 928 1299 καὶ
952 1227 1123 1317 στομάχου
1144 1223 1370 1316 ἀνατρεπτικόν,

256 1337 341 1408 ὅπου
365 1339 432 1406 ἐστὶ
456 1336 542 1425 νομὴ
563 1342 758 1424 σκαμμωνία
784 1332 801 1423 ἢ
823 1338 999 1424 ἐλλέβορος
1021 1331 1042 1423 ἢ
1066 1335 1260 1418 tractaretur
1278 1329 1298 1422 ἢ
1314 1341 1372 1422 etp

255 1451 359 1533 ματίς,
383 1442 494 1532 ὥσπερ
516 1444 571 1511 καὶ
596 1446 632 1512 ἐν
654 1457 724 1523 τοῖς
749 1440 946 1524 Οὐεστίνοις
969 1441 1082 1531 ὄρεσιν
1104 1437 1166 1530 ὑφ’
1192 1439 1286 1530 ἡμῶν
1306 1440 1371 1510 iaco

256 1577 361 1639 ρηται.
406 1561 506 1633 stapla
530 1574 566 1617 ex
590 1555 750 1636 archetypo
771 1527 900 1618 restitui.
947 1556 1049 1617 eadem
1074 1554 1210 1617 vocabuli
1237 1555 1322 1616 torma
1340 1567 1375 1617 ett

257 1668 286 1726 in
315 1663 480 1742 monologio
514 1665 625 1724 rustico
653 1662 722 1724 att
756 1662 815 1725 v.1
840 1685 867 1743 p.
887 1660 951 1726 359
981 1661 1060 1724 xxtt
1075 1662 1107 1743 B,
1131 1659 1174 1725 15
1202 1666 1326 1743 stoptae,
1347 1661 1376 1723 tt.

257 1770 337 1832 xxtt
352 1772 384 1853 A,
406 1769 447 1832 14
469 1775 616 1848 stupratae.
654 1775 752 1833 viride
775 1771 812 1831 de
836 1770 943 1850 pabulo
967 1767 1378 1852 tegitur131,4exsatatt

259 1886 359 1955 scpctc
382 1881 480 1939 atride
501 1886 624 1952 sectam,
647 1877 685 1939 ib.
706 1875 726 1939 5
745 1881 857 1956 poholt
876 1896 972 1941 caasa
996 1881 1102 1940 atride.

346 1984 583 2063 dm'ulgendo
607 1985 721 2064 adque
744 1993 825 2046 ortu
849 1986 1019 2065 optimum
1038 1995 1092 2046 est
1115 1985 1150 2046 id
1168 1985 1262 2065 qnod
1286 2002 1380 2064 nepae

192 2126 197 2137 ι
258 2094 350 2155 enim
379 2110 456 2153 cnm
484 2091 588 2170 longe
617 2091 718 2152 abest
741 2110 757 2152 a
781 2091 893 2154 mulso
917 2110 1031 2171 neque
1055 2110 1070 2152 a
1099 2100 1206 2173 partu
1229 2094 1382 2154 continno

258 2208 313 2260 cst
345 2196 537 2277 sumptum]
575 2200 663 2272 Quod
687 2218 785 2274 nepae
812 2207 982 2261 emunctam
1013 2203 1101 2277 tortae
1128 2202 1216 2262 abest
1242 2198 1383 2262 lncandm.

258 2308 436 2367 sententiam
468 2306 681 2367 demonstravit
714 2308 884 2368 coniectura
918 2306 1030 2386 Ursini,
1063 2325 1084 2368 a
1115 2311 1290 2384 mulcendo,
1320 2309 1384 2384 qaod

259 2418 400 2491 optimam
424 2422 468 2475 est
490 2416 532 2493 id,
555 2417 637 2489 qaod
658 2432 755 2489 nequa
777 2417 866 2489 torace
889 2416 974 2475 abest
992 2432 1088 2489 raeque
1109 2423 1241 2492 aportat
1261 2418 1385 2478 contincta

260 2532 303 2584 est
326 2524 477 2583 mulctam.
516 2520 603 2583 verba
623 2521 700 2581 taciii
719 2521 924 2582 emendatione
943 2520 1076 2600 egebant,
1095 2538 1115 2582 a
1134 2525 1297 2598 mulcendo
1314 2530 1387 2598 atqu

260 2637 329 2690 orta
353 2632 495 2705 optimam
518 2637 562 2688 est
590 2631 624 2689 ta
649 2631 732 2703 qaod
757 2646 855 2703 neque
882 2631 1006 2688 nimiam
1033 2631 1122 2704 lonae
1150 2629 1237 2689 abest
1264 2645 1285 2689 a
1310 2631 1407 2688 mrtso'

261 2753 358 2809 nepae
381 2753 401 2794 α
421 2741 515 2810 porta
544 2737 686 2796 continuo
714 2742 758 2795 cst
785 2742 942 2812 sumptam.
989 2733 1116 2796 muisnm
1148 2744 1251 2796 antem
1283 2742 1389 2814 propter
1425 2792 1429 2821 Ι

261 2840 447 2901 dnlcedinem
471 2839 581 2900 dicitur
603 2839 647 2900 lac
671 2841 749 2919 quod
773 2859 789 2901 a
813 2850 899 2921 partu
923 2843 1051 2920 primum
1075 2849 1133 2902 est:
1162 2840 1238 2903 Ptin.
1259 2839 1389 2905 attae
1427 2834 1429 2839 ’

261 2949 359 3008 iecore
383 2949 497 3007 anseris
521 2955 689 3025 exemptam
712 2967 830 3024 qaoque
852 2953 932 3010 lacte
954 2952 1048 3010 malso
1070 2956 1213 3024 aaoatar.

350 3052 370 3117 3
395 3053 436 3115 Et
455 3057 560 3116 etiam
580 3062 635 3115 est
653 3053 864 3133 discrimen]
880 3056 934 3116 Est
952 3059 1043 3116 etiam
1062 3059 1227 3119 discrimen
1246 3054 1392 3118 incanam

262 3171 292 3223 et
310 3165 400 3223 ctiam
420 3161 527 3240 iegitur
547 3160 559 3221 Ι
575 3160 660 3242 lta
680 3171 708 3224 ct
726 3166 817 3224 ettam
835 3181 917 3224 nanc
935 3170 1005 3224 sant
1024 3166 1054 3224 λα
1074 3164 1156 3237 Asia,
1175 3159 1259 3243 48,1
1280 3168 1392 3225 oraton

263 3276 292 3331 et
310 3273 410 3343 etiam,
425 3273 568 3346 primitas
586 3273 672 3347 spica
692 3288 759 3330 cam
779 3273 888 3350 oritur,
907 3273 1058 3348 copinam,
1076 3265 1128 3349 59,
1146 3265 1168 3331 3
1188 3275 1309 3348 punica
1325 3273 1395 3331 mata

265 3409 303 3420 -
324 3387 446 3437 matura
470 3383 499 3436 et
522 3380 612 3438 attam
637 3381 799 3452 inmatura,
823 3375 849 3437 11
868 3376 959 3459 praei.
978 3373 1000 3439 5
1023 3379 1395 3457 disciplinam—pecoris

259 3486 411 3560 pascendi
433 3492 461 3543 et
484 3486 575 3543 ctiam
598 3486 751 3545 villaticae
769 3487 932 3560 pastiones,
958 3481 1026 3559 tn
1049 3491 1135 3545 aetas
1157 3490 1396 3562 connascituret

263 3606 409 3663 equorum
435 3621 472 3631 -
499 3587 1132 3672 ctett'amcornataram,1119,9qaac
1158 3602 1235 3654 ante
1262 3602 1318 3656 out
1339 3600 1397 3671 pott

264 3703 339 3756 nata
361 3704 432 3756 sant
454 3704 484 3757 et
506 3700 595 3758 ctiam
612 3700 718 3774 prima
742 3716 776 3759 eo
804 3705 937 3774 tempore
964 3716 1023 3760 rtoa
1050 3701 1261 3775 supponenda.
1306 3708 1398 3762 conat

265 3806 355 3863 etiam
379 3823 432 3884 per
456 3823 487 3864 sc
512 3807 541 3864 in
566 3787 721 3883 iangendis
746 3805 843 3867 verbis
866 3808 996 3885 positum
1020 3814 1066 3866 est
1086 3803 1097 3864 t
1117 3803 1159 3868 47
1186 3824 1277 3869 omne
1298 3810 1399 3869 tm·

265 3920 327 3972 tom
349 3915 441 3973 attam
460 3915 617 3988 hominem,
641 3909 666 3970 ΙΙ
684 3909 715 3991 4,
738 3910 777 3972 10
797 3916 898 3988 pra'sct
914 3930 1031 3988 qaoque
1049 3912 1156 3974 Latini
1174 3917 1269 3975 ettam
1290 3915 1400 3984 Graeci,

264 4016 412 4098 11112,1
438 4025 547 4094 tapcra
572 4021 780 4094 quadrapt'nta
805 4051 846 4061 —
869 4022 960 4080 ctiam
983 4020 1171 4080 mamacas.

352 4122 375 4184 4
407 4123 535 4184 Tamen
558 4127 588 4185 si
611 4125 688 4187 loca
711 4134 862 4205 propter
885 4136 919 4188 ct
942 4123 1111 4205 pabulum
1133 4125 1316 4208 disparile
1344 4144 1403 4189 oon

264 4248 375 4309 nsque
400 4248 537 4310 quaque
561 4233 652 4294 idem
677 4233 720 4294 iit
746 4233 852 4295 lactis
875 4233 964 4294 daos
987 4235 1139 4313 congios
1164 4234 1306 4297 addant
1327 4254 1404 4296 coa·

265 4334 399 4414 guium]
417 4337 548 4400 Tametsi
561 4350 689 4418 propter
708 4345 775 4403 loco
790 4341 867 4402 edita
886 4341 955 4401 inde
974 4359 990 4400 a
1010 4341 1144 4420 principe
1164 4341 1302 4405 editione
1316 4361 1408 4405 exem

267 4442 366 4523 plaria.
403 4448 584 4525 postpositae
603 4455 670 4526 post
689 4466 796 4508 nomen
816 4448 1043 4528 praepositionis
1057 4455 1192 4526 propter
1206 4449 1266 4513 aih
1283 4448 1411 4530 exempla
