2874 4994
150 333 216 400 260
492 339 683 399 COMMENT.
700 340 741 398 IN
764 336 951 399 VARRONIS

87 476 92 486 ¹
150 498 395 561 vindemiatorum
409 499 532 561 ‘relictis
555 507 657 581 postea
681 497 854 579 colligendis
876 497 990 560 fficium
1005 508 1080 560 'esse
1103 495 1257 582 mlelrtin·

149 606 248 668 audita
281 607 311 667 in
342 625 377 668 eo
405 605 495 667 verbo
528 606 741 686 significatione
773 624 870 686 neque
902 614 970 687 apta
1002 604 1040 667 ad
1063 602 1151 666 ‘hune
1177 603 1258 668 loson.

149 721 279 775 veterem
304 712 461 775 lectionem
483 717 670 776 ratiocinari
698 715 824 775 restitui.
868 731 936 774 nam
958 713 1095 792 exposita
1116 710 1257 793 gallinarum

148 822 282 900 pastione
302 819 338 882 de
358 821 481 902 reliquis
500 821 612 905 avibus,
631 821 728 901 siquid
748 821 889 883 idoneum
908 821 1008 904 luerit,
1028 817 1178 882 subductis
1192 822 1257 882 ratio

148 926 236 989 nibus
260 926 358 1007 colligi
380 946 468 1008 posse
492 930 584 990 Axius
607 929 761 1009 significat
1089 930 1094 938 ’

237 1032 258 1096 2
290 1033 336 1095 De
359 1035 415 1095 his
443 1037 503 1115 qni
526 1035 831 1098 ornithoboscion
855 1037 1053 1098 instituere
1076 1031 1155 1097 nult
1172 1033 1203 1096 id
1221 1041 1259 1096 est

147 1140 307 1202 adhibita
340 1143 494 1203 scientia
527 1161 565 1203 ac
598 1161 683 1203 cura
716 1143 859 1224 capiant
890 1158 1037 1222 magnos
1072 1142 1206 1204 tructus
1232 1148 1259 1203 nt

148 1250 294 1310 maxime
336 1249 601 1311 lactitanernnt
641 1248 773 1311 deliaci
814 1249 900 1311 haec
940 1250 1101 1330 quinque
1141 1249 1260 1310 maxine

147 1355 438 1422 animaduertant
476 1354 639 1436 oportet]
678 1358 842 1418 Instituere
878 1359 982 1418 volant
1022 1359 1115 1418 iidem
1149 1358 1262 1418 calum

147 1465 276 1524 scientia
309 1462 428 1524 Merula.
475 1467 634 1524 instituere
665 1467 768 1525 volunt
799 1466 889 1525 iidem
921 1464 1061 1524 adhibita
1090 1466 1212 1525 scientia
1235 1481 1262 1523 ac

146 1587 226 1630 cura
248 1576 283 1630 vt
304 1572 431 1646 capiant
456 1601 492 1612 -
518 1571 596 1631 laec
618 1573 751 1646 quinque
774 1572 1025 1631 animadvertant
1046 1577 1163 1648 oportet
1178 1569 1263 1630 lucun-

147 1676 217 1760 dus,
246 1676 297 1738 nbi
325 1681 457 1739 maxime
483 1686 551 1758 post
579 1681 711 1753 quinque
739 1696 775 1739 ex
802 1678 962 1758 archetypo
991 1676 1104 1740 addidit
1131 1676 1264 1759 Victorias,

146 1784 260 1864 reliqua
288 1803 324 1846 ex
355 1783 458 1846 Aldina
488 1785 615 1846 editione
644 1787 790 1865 repetivit.
836 1788 871 1847 r'cl
895 1793 940 1847 est
967 1790 1001 1847 ut
1027 1786 1133 1848 habita
1159 1787 1264 1848 scientio

146 1909 185 1953 ac
214 1910 293 1954 cura
325 1896 452 1970 capiant
484 1910 519 1953 es
552 1894 699 1972 scriptura
732 1891 844 1953 codicis
871 1909 900 1952 m
933 1891 1066 1953 delendit
1098 1891 1266 1954 Zahlleldtios

147 2007 259 2079 quaest.
279 2001 344 2060 crit.
363 2001 394 2061 in
413 1998 494 2061 Varr.
514 2018 571 2061 rer.
591 2008 664 2061 rust.
683 1998 749 2059 libr.
769 2019 796 2079 p.
811 1997 863 2062 33.
901 2002 982 2061 unde
1004 2001 1145 2061 adhibita
1160 2001 1266 2061 scama

147 2125 186 2169 ac
209 2125 288 2169 cura
311 2109 438 2185 capiant
459 2104 528 2167 olim
553 2108 675 2168 conieci.
714 2105 765 2166 sed
790 2114 872 2167 recte
891 2104 1044 2166 Iucundos
1066 2114 1102 2167 at
1124 2105 1266 2167 addiderat:

146 2214 235 2276 simili
258 2213 384 2275 lormnla
407 2231 480 2276 usus
504 2221 551 2275 est
572 2212 664 2274 Varro
688 2209 812 2294 138,5
835 2217 1039 2292 praeparatio
1066 2216 1173 2290 siquae
1190 2214 1266 2287 ntia

142 2325 258 2401 pratis,
282 2324 382 2383 idest
404 2328 439 2383 ut
461 2319 667 2398 defendantur
689 2339 709 2381 α
733 2323 883 2398 pastione.
928 2320 1006 2381 idem
1037 2324 1181 2396 mansne,
1207 2316 1267 2400 qnod

146 2449 182 2491 en
202 2428 410 2509 superioribus
429 2431 590 2509 repetitum
609 2436 681 2510 erat,
700 2427 826 2489 delevit·
853 2446 951 2508 neque
970 2428 1027 2489 hoc
1046 2427 1153 2509 legisse
1172 2428 1268 2489 videtur

145 2535 319 2617 Columella,
342 2538 394 2616 (lul
416 2535 556 2597 Varronis
579 2543 736 2615 praecepta
760 2534 796 2596 de
820 2534 936 2615 gallinis
960 2537 1110 2615 expressit
1135 2534 1197 2596 Vlll
1212 2530 1266 2614 2,4

144 2646 235 2706 leuius
258 2647 353 2719 ipitur
376 2646 507 2704 villatici
525 2646 648 2718 pencris
672 2660 731 2704 non
754 2645 943 2720 spernendas
966 2650 1019 2705 est·
1033 2645 1160 2719 reditus,
1181 2641 1265 2703 stad

144 2753 288 2814 libratur
311 2752 467 2812 educandi
487 2753 628 2823 scicntia,
651 2766 743 2825 quam
760 2752 903 2827 plerique
929 2750 1120 2811 Graecorum
1146 2757 1176 2813 et
1192 2765 1264 2827 prac-

145 2861 234 2936 cipue
253 2859 447 2920 celebravere
466 2857 587 2918 Deliaci
604 2875 667 2936 sqq.
688 2865 717 2917 et
736 2855 842 2917 deinde
866 2852 940 2918 ib.6
964 2859 1060 2933 igitur
1085 2860 1139 2919 cvi
1151 2855 1262 2935 placebit

143 2970 231 3042 sequi
251 2973 356 3029 nostra
376 2971 554 3044 praecepta,
577 2967 749 3026 consideret
771 2970 888 3042 oportet
906 2967 1040 3041 primam
1062 2982 1154 3041 qaam
1175 2966 1261 3024 multas

144 3083 173 3137 et
196 3077 367 3136 cuiusmodi
384 3091 503 3151 parcre
527 3075 634 3134 debeat
657 3075 808 3148 matrices,
828 3075 939 3133 deinde
960 3075 1094 3148 qualiter
1117 3090 1168 3133 eas
1189 3069 1262 3132 tutari

144 3188 174 3242 et
192 3200 331 3262 pascere,
354 3198 425 3242 mox
447 3182 557 3256 quidus
576 3183 652 3241 anni
668 3181 853 3258 temporibus
876 3196 983 3240 earam
1002 3186 1115 3257 portus
1136 3181 1260 3256 excipere,

144 3295 206 3349 tum
228 3291 345 3350 demum
368 3294 402 3348 ut
425 3289 568 3349 incubent
590 3294 620 3348 et
641 3290 798 3349 excutiant
820 3285 953 3363 efficere,
974 3294 1128 3364 postremo
1151 3293 1183 3348 ut
1202 3299 1259 3348 con·

100 3380 103 3387 ⁴
144 3398 230 3456 mode
245 3399 323 3473 pulli
340 3398 510 3456 educentur
527 3412 651 3472 operum
670 3397 754 3456 dare.
787 3395 887 3473 itaque
906 3393 983 3474 apud
999 3393 1159 3456 Varronem
1177 3388 1258 3469 scripsi

144 3505 183 3563 de
205 3504 252 3563 leis
275 3505 328 3576 qui
350 3503 592 3563 ornituodoscion
612 3504 770 3563 instituere
788 3505 859 3579 vult,
879 3504 974 3563 idest
996 3503 1135 3563 cottona
1155 3497 1256 3562 scientio

144 3625 182 3668 ac
210 3624 288 3668 cura
315 3613 349 3667 ut
375 3611 502 3684 capiant
523 3626 647 3685 magnos
668 3608 803 3690 fructus,
824 3627 868 3652 ·-
891 3611 969 3670 lvaec
992 3612 1127 3685 quinque
1148 3603 1256 3670 animi·

143 3720 264 3774 vertant
282 3720 407 3791 oportet.
441 3733 506 3776 nam
526 3714 684 3796 singularis
705 3735 847 3778 numerus
865 3720 999 3793 quivult
1018 3727 1161 3797 sequente
1176 3706 1256 3796 plurali

143 3822 268 3896 capiant
291 3828 321 3882 et
344 3824 589 3885 animadvertant
611 3823 762 3886 offendere
782 3823 911 3885 editores
931 3842 990 3884 non
1010 3822 1145 3885 debebat
1176 3821 1217 3901 qui
1230 3813 1255 3873 dt

143 3927 277 3989 villaticis
305 3927 420 4008 gallinis
449 3929 690 3992 ornithoboscion
719 3932 875 3992 instituere
905 3930 981 4013 vrtlt,
1009 3930 1038 3992 id
1072 3940 1119 3994 est
1150 3921 1255 3991 undat'o

142 4054 239 4119 causa,
258 4055 316 4096 non
341 4044 374 4097 ut
396 4038 422 4097 is
446 4039 498 4117 qui
521 4046 636 4118 spectat
659 4047 692 4100 ut
715 4037 957 4100 ornithohosaion
980 4038 1148 4118 perlectum
1167 4033 1255 4108 lavat

141 4143 177 4204 de
201 4161 261 4223 quo
284 4151 386 4223 postea
409 4142 527 4225 dicitnr,
551 4147 578 4207 el
602 4149 733 4227 quinque
757 4164 806 4208 res
829 4146 1105 4208 animadvertendae
1128 4151 1199 4207 sant

230 4247 251 4310 3
284 4251 333 4310 Εα
360 4253 469 4325 quidus
497 4255 594 4314 tribas
622 4253 715 4315 codex
743 4252 933 4316 Florentinus
961 4261 992 4315 ct
1018 4253 1109 4316 editio
1136 4255 1254 4334 prinups,

142 4354 191 4415 ubi
216 4359 283 4431 qais
305 4376 359 4438 pro
383 4362 491 4436 quidus
514 4359 677 4422 Politianus
700 4361 867 4443 adnotavit,
890 4370 919 4424 et
941 4364 1167 4438 quidus'tridus
1185 4351 1252 4419 codex

141 4461 294 4548 Cacseuas,
317 4485 334 4527 e
356 4471 424 4544 qais
447 4466 623 4530 tribunalia
646 4467 822 4551 apographa.
