2874 4994
238 317 300 381 146
576 324 766 380 COMMENT.
786 325 826 379 IN
845 322 1033 379 VARRONIS

239 477 415 557 irrictnrn]
440 481 515 553 Iuro,
541 479 618 558 quod
644 498 701 540 una
721 497 787 540 oum
808 481 940 541 noudum
960 479 1029 558 poni
1048 495 1109 538 non
1132 484 1259 557 poteret,
1280 478 1360 557 priore

238 586 303 647 loco
327 586 428 647 delevi.
468 586 540 647 aliae
570 597 640 648 sunt
668 605 736 646 oves
763 605 837 666 quae
862 585 1008 667 nondum,
1036 584 1109 645 aliae
1134 601 1211 663 quse
1237 583 1291 643 hm
1315 600 1361 644 non

237 691 366 772 amplius
389 693 520 754 fructum
543 694 613 754 darc
638 702 771 773 possunt.

326 798 347 861 3
379 800 508 880 Apicas
531 799 783 881 appellabant]
813 799 894 861 Paul.
914 818 975 861 exc.
995 799 1073 860 Fest.
1091 816 1121 877 p.
1141 794 1194 880 25,
1216 793 1256 859 13
1281 797 1362 875 Apios

241 910 356 968 dicitur
379 911 441 969 ouis
464 916 694 983 praevenirem
716 909 978 983 praemunisset.
1017 924 1084 967 nam
1103 923 1139 965 ex
1158 903 1287 965 Varrone
1303 902 1362 964 haee

241 1016 332 1093 petita
361 1024 445 1097 sunt,
473 1034 532 1076 non
560 1017 658 1076 minus
687 1033 774 1094 quam
801 1033 875 1094 qnae
904 1011 1087 1093 praecedunt
1110 1012 1227 1071 Arnum
1253 1011 1364 1071 dicimus

237 1140 345 1196 aprum
369 1126 496 1184 necdum
520 1132 617 1184 sutum
642 1141 677 1183 ex
702 1119 783 1184 129.

326 1228 455 1290 Candis
479 1229 672 1290 obseruate
696 1239 734 1289 ut
757 1231 830 1289 sint
853 1230 888 1288 in
911 1224 1012 1289 italia
1042 1225 1199 1308 prolixis
1227 1225 1263 1284 in
1285 1224 1368 1303 syria

235 1334 428 1413 breuibus]
459 1338 628 1399 Observare
647 1335 739 1397 codex
761 1335 950 1396 Florentinus
969 1343 1000 1395 et
1022 1333 1168 1395 Caesones
1188 1338 1221 1392 et
1238 1332 1371 1410 impressa

237 1442 306 1503 inde
331 1462 346 1502 a
370 1445 505 1524 principe
534 1443 663 1504 editione
688 1442 873 1522 exemplaria.
913 1460 966 1521 pro
994 1441 1051 1501 hoc
1074 1442 1241 1503 obserarunt
1267 1438 1375 1517 scripsi

237 1567 304 1609 nam
326 1552 356 1609 in
375 1549 429 1610 hac
449 1550 649 1631 descriptione
666 1566 763 1627 neque
777 1549 969 1627 imperativus
984 1565 1081 1626 neque
1100 1545 1270 1607 infinitivus
1287 1544 1379 1605 locum
1427 1544 1429 1559 '

235 1655 357 1717 habent.

322 1758 344 1823 4
375 1762 412 1823 ld
433 1763 518 1824 lieri
537 1781 576 1823 ex
596 1762 734 1823 duabus
754 1761 862 1822 rebus
881 1770 1002 1841 potest
1020 1757 1284 1837 animadverti]
1304 1760 1386 1820 Fieri

237 1867 304 1929 libri
329 1871 540 1949 manuscripti
565 1887 681 1948 omnes3
707 1869 898 1948 neglegenter
922 1867 1033 1928 codicis
1061 1870 1245 1945 scripturam
1271 1865 1385 1927 Politia·

235 1993 291 2035 nus
316 1975 474 2037 adnotavit.
510 1977 561 2039 sod
587 1984 667 2037 recte
692 1974 802 2037 Merula
828 1978 862 2035 id
880 1975 950 2050 sere
973 1993 1013 2035 ex
1036 1975 1155 2035 duobus
1175 1975 1293 2035 relius:
1321 1992 1385 2034 uem

230 2081 423 2156 perideus
447 2085 497 2163 qui
523 2081 632 2144 habent
659 2100 752 2162 pecus
781 2081 850 2142 boni
879 2083 1000 2142 seminis
1027 2096 1132 2160 parum
1162 2087 1236 2161 apte
1268 2079 1388 2142 dicitnr.

230 2187 304 2265 fere
327 2199 424 2249 autem
449 2189 485 2249 de
507 2191 545 2263 iis
568 2207 643 2269 quae
668 2188 753 2268 vulgo
781 2189 856 2249 liunt
883 2207 898 2247 a
923 2186 1052 2248 Varrone
1080 2186 1195 2247 dictum
1226 2196 1276 2249 est
1301 2206 1387 2268 saepe

235 2303 264 2356 et
285 2297 315 2355 in
335 2294 423 2355 simili
444 2298 591 2357 sententia
612 2291 739 2378 114,13
759 2297 1005 2356 animadvertunt
1019 2293 1089 2370 sere
1108 2312 1148 2355 ex
1163 2297 1273 2371 primo
1285 2302 1388 2372 portu.

325 2401 448 2463 Tortis
468 2401 641 2463 cornibus
660 2405 797 2482 promis
816 2401 855 2462 ad
871 2409 1028 2463 rostrum
1047 2401 1145 2461 rauis
1165 2401 1293 2462 oculis
1312 2401 1387 2462 lana

236 2490 377 2588 opertis
406 2509 555 2577 aricibns
583 2509 690 2589 ampli
717 2518 865 2590 pectore
893 2517 929 2570 et
956 2506 1113 2587 scapulis
1141 2515 1178 2568 et
1212 2506 1385 2570 clunibus

231 2613 333 2692 latis]
353 2618 479 2676 Intortis
505 2619 648 2677 cornibus
663 2617 741 2677 edita
756 2624 823 2677 ante
839 2615 1001 2677 victorium
1020 2613 1200 2693 exemplaria
1216 2634 1254 2676 ex
1271 2614 1385 2676 Colum

236 2720 285 2781 Vll
305 2719 334 2802 3,
349 2721 379 2783 3.
420 2727 507 2784 tortis
535 2743 568 2783 ex
594 2725 695 2785 codice
724 2722 872 2784 Victorius
900 2724 1040 2783 restituit.
1078 2725 1189 2799 pronis
1217 2730 1249 2783 et
1281 2721 1385 2783 deinde

235 2831 363 2889 auribus
392 2832 499 2906 amplis
525 2829 651 2910 Merula,
680 2835 778 2907 amplo
801 2838 928 2908 pectore
952 2827 1091 2908 Ursinus,
1116 2827 1197 2908 qnod
1228 2827 1332 2890 deleto
1358 2838 1386 2889 et

236 2934 436 2996 Schneiderns
468 2940 595 3018 recepit,
623 2943 721 3015 amplo
746 2944 884 3017 pectore,
912 2939 1046 3013 scopulis
1074 2943 1104 2996 et
1131 2938 1280 2997 clunibus
1308 2938 1383 2997 tntu.

237 3041 315 3103 huno
340 3045 369 3103 in
394 3042 483 3104 altera
508 3043 638 3104 editione
658 3055 779 3105 secutus
798 3063 875 3124 snm,
894 3045 963 3124 qnia
982 3052 1011 3104 et
1030 3042 1206 3103 concinnior
1226 3041 1383 3104 videbatur

237 3149 324 3211 lectio
344 3159 374 3211 et
398 3153 489 3231 magis
513 3154 671 3213 convenire
696 3170 763 3212 cum
788 3152 956 3230 praeceptis
980 3147 1156 3210 Columellas
1182 3147 1200 3209 1.
1220 3166 1248 3208 c.
1269 3156 1301 3209 et
1319 3168 1382 3229 geo·

233 3259 405 3335 punicorum
426 3257 518 3319 XVlll
538 3257 565 3320 t.
603 3257 653 3318 sed
676 3277 744 3318 vera
765 3277 830 3318 esse
850 3267 922 3338 puto
942 3257 1066 3337 quaein
1087 3253 1251 3335 archetypo
1272 3258 1380 3336 scripta

232 3373 330 3442 erant,
364 3369 467 3441 ampli,
497 3373 623 3442 pectore
652 3373 681 3426 et
708 3369 841 3442 scopulis
873 3373 901 3425 et
929 3365 1070 3425 clunibus
1096 3365 1176 3423 lutis.
1219 3381 1293 3423 narn
1327 3380 1380 3423 non

232 3469 328 3530 solnm
351 3489 461 3549 corpus
486 3482 516 3532 et
540 3471 671 3532 membra
691 3473 826 3550 corporis
850 3469 944 3549 ampla
964 3470 1114 3549 dicuntur,
1135 3467 1190 3528 sed
1210 3471 1305 3530 etiam
1324 3472 1381 3530 ani·

233 3576 316 3637 malia
351 3579 413 3655 ipsa
447 3595 523 3656 quae
558 3577 654 3657 amplo
687 3596 812 3657 corpore
845 3587 929 3658 sunt,
962 3576 1086 3656 gallinae
1109 3572 1243 3657 1119,4
1274 3586 1306 3637 et
1335 3573 1381 3657 19,

233 3701 353 3742 anseres
377 3682 416 3742 lll
437 3681 486 3764 10,
501 3683 530 3762 2,
554 3684 691 3744 cochleae
716 3683 757 3744 tlt
780 3682 828 3765 14,
841 3682 873 3744 4.

322 3785 342 3851 5
375 3788 455 3850 lure
480 3793 615 3852 utimur
633 3810 673 3850 eo
693 3810 764 3870 qno
784 3790 838 3851 lex
859 3787 1114 3870 praescripsit]
1138 3791 1232 3863 Quod
1250 3793 1284 3852 in
1303 3793 1381 3871 prin·

239 3895 304 3973 ripe
332 3894 460 3956 editione
487 3895 649 3957 Politianus
677 3915 735 3957 non
765 3899 907 3978 correxil3
940 3914 998 3971 quo
1025 3899 1055 3956 in
1088 3895 1255 3978 archetypo
1291 3898 1381 3960 inisse

236 4019 399 4063 conscissus
412 4003 647 4082 apographorum
659 4002 753 4063 docet.
785 4022 881 4083 neque
896 4013 994 4064 umen
1008 4002 1084 4064 hanc
1098 4003 1222 4065 dicendi
1233 4008 1383 4067 rationem

234 4107 358 4168 Vamoui
378 4110 563 4172 trilnrendam
584 4131 649 4171 esse
674 4122 756 4192 puto,
775 4121 807 4172 nt
827 4129 885 4170 non
905 4113 1031 4191 repetito
1050 4110 1140 4171 verto
1161 4110 1200 4172 ad
1221 4112 1383 4176 ablativum

234 4217 360 4274 nominis
380 4234 481 4276 casum
501 4217 653 4279 relativum
675 4236 838 4296 pronomen
859 4218 1124 4289 accommodaverit
1141 4219 1175 4278 in
1195 4219 1384 4282 huiusmodi

233 4323 394 4401 sententia,
423 4319 503 4383 ‘inre
533 4328 645 4385 utimur
674 4344 709 4383 eo
733 4343 792 4403 quo
822 4327 865 4385 uti
889 4325 934 4384 lex
959 4319 1182 4404 praescripsit'.
1221 4329 1327 4409 itaque
1351 4348 1384 4389 ex

233 4425 319 4485 edilis
343 4427 437 4487 :iillum
461 4431 677 4510 exemplaribus
701 4435 782 4506 pared
804 4436 855 4493 lex
874 4435 1077 4509 praescripsit
1104 4435 1221 4512 recepi.
