2874 4994
444 311 575 368 RERVM
593 311 832 368 ttvsstctttvu
850 313 919 370 LIB.
936 315 977 369 ΙΙΙ
997 312 1015 369 9
1223 305 1288 370 263

237 467 256 532 l
291 469 388 530 lntcr
421 468 510 530 duas
541 469 673 530 ostium
705 470 752 530 sit
788 487 854 549 qua
891 468 1105 550 gallinarius
1142 477 1289 532 curator

145 596 267 640 earum
299 579 355 638 ire
387 573 515 656 possit]
540 577 626 640 Inter
652 594 705 638 ees
733 579 841 638 ostium
868 580 920 658 sit,
942 595 1004 654 que
1031 585 1159 641 coretor
1182 595 1289 639 cerem

145 688 191 747 ire
210 687 307 764 possit
329 682 463 745 Ursinus.
509 690 638 746 coretor
661 700 767 746 eerom
791 683 883 745 deleri
906 683 1000 746 voluit
1022 683 1161 765 Scaliger.
1195 688 1285 762 peili-

143 795 261 872 nerios,
285 793 384 852 idest
405 797 534 853 coreter
557 808 663 853 eerom
687 793 803 871 scripsi,
828 790 864 852 de
889 810 948 872 quo
971 791 1085 853 dietum
1109 800 1155 853 est
1176 791 1190 852 l
1209 789 1238 875 9,
1257 791 1287 854 2.

234 897 271 959 ln
293 898 433 978 pariete
456 896 602 959 exclusa
625 900 699 960 sint
721 897 857 960 cubilia
881 897 1014 978 earum]
1035 899 1189 978 &cepte
1207 898 1286 960 edita

144 1006 214 1067 inde
247 1024 264 1066 a
295 1006 430 1085 principe
461 1004 591 1067 editione
622 1005 806 1086 exemplaria.
853 1004 971 1068 exclusa
1000 1005 1141 1067 dicuntur
1171 1005 1288 1079 cubilia,

144 1131 220 1193 quae
243 1121 346 1192 postea
368 1113 536 1173 accuratius
559 1111 742 1174 deliniuntur
765 1121 820 1173 eet
842 1115 986 1190 excepte
1014 1121 1067 1174 eut
1097 1117 1211 1188 adsiste
1231 1117 1287 1188 fir-

143 1224 241 1283 miter.
286 1217 445 1280 Columella
470 1216 681 1301 v1113,4de
705 1219 807 1280 eadem
831 1238 863 1280 re
887 1218 993 1281 scribit
1021 1224 1064 1282 ite
1088 1239 1209 1283 cressos
1229 1240 1285 1299 pe-

143 1331 235 1389 rietes
265 1328 434 1400 aedificare
465 1329 617 1408 cernerit,
640 1333 675 1388 ot
706 1331 813 1389 excise
839 1346 899 1405 per
928 1330 1066 1390 ordinem
1096 1331 1286 1405 pellicerent

144 1435 258 1496 cubilia
280 1436 442 1511 recipient.

232 1540 284 1603 lta
313 1549 350 1602 ut
381 1542 415 1601 in
445 1539 650 1620 parictibus
681 1543 816 1603 circum
848 1543 964 1602 omnia
993 1540 1100 1621 plena
1128 1545 1200 1604 sint
1229 1562 1287 1604 cu-

144 1646 230 1708 bilia
253 1646 466 1727 gallinarum
491 1655 551 1710 aut
568 1648 735 1728 exculpta
755 1656 815 1710 aut
838 1647 972 1709 adlicta
992 1648 1162 1727 lirmiter]
1184 1652 1287 1711 Posito

142 1758 202 1816 sint
222 1753 371 1816 iucundus
395 1763 425 1817 et
447 1773 483 1816 ex
503 1754 608 1817 Aldina
630 1755 759 1817 editione
784 1755 993 1817 Schneiderus.
1025 1760 1119 1833 plene
1142 1760 1203 1818 sint
1222 1756 1286 1817 Vic-

144 1864 239 1924 torius
262 1864 446 1924 restituerat.
477 1865 572 1939 plene
594 1865 655 1924 sint
677 1863 828 1925 cubilibus
848 1866 1035 1939 pullinerom
1059 1869 1114 1925 eut
1136 1867 1286 1940 exculptis

145 1978 198 2030 ont
221 1969 335 2046 affictis
358 1968 509 2030 Gesnerus
532 1972 668 2031 coniecit.
713 1969 750 2030 de
773 1973 846 2050 ipsis
870 1969 1018 2031 cubilibus
1046 1971 1145 2050 potius
1167 1970 1285 2050 gallina-

143 2094 209 2137 rum
241 2074 298 2137 hoc
329 2078 526 2158 praecipitur,
554 2076 718 2138 curandum
749 2095 815 2137 esse
848 2083 880 2138 ut
907 2078 1004 2137 omnia
1033 2074 1120 2155 plena
1146 2077 1220 2156 sint,
1249 2095 1286 2137 ne
1336 2116 1340 2130 .

144 2185 253 2244 nimius
275 2192 373 2245 motus
397 2182 608 2245 incubantibus
631 2182 747 2263 gallinis
770 2191 883 2244 noceat.

231 2287 252 2351 9
294 2288 592 2369 Optimumesse
635 2299 775 2371 partum
817 2292 1050 2372 aequinoctio
1092 2307 1203 2351 uerno
1245 2290 1286 2351 ab

141 2396 355 2475 autumnali]
380 2398 577 2474 Aequinoctio
601 2417 693 2461 nereo
724 2406 778 2460 eut
800 2401 972 2461 automnali
994 2397 1160 2479 iucundus,
1183 2401 1285 2474 eequi-

139 2509 242 2567 noctie
266 2523 358 2566 uerno
381 2508 425 2566 ed
455 2509 630 2567 autumnale
652 2506 792 2586 Angelius
820 2514 850 2567 et
877 2504 983 2566 deinde
1012 2503 1119 2584 reliqui
1147 2505 1286 2585 editoreS,

140 2617 180 2675 eb
205 2616 400 2690 aequinoctio
422 2630 515 2675 verne
539 2616 582 2675 ed
603 2617 779 2675 eotomnele
802 2612 943 2692 Ursinus,
966 2618 997 2672 et
1019 2610 1075 2673 boo
1098 2614 1285 2693 praecepisse

140 2720 263 2782 videtur
282 2719 383 2802 Varro,
402 2739 470 2781 cum
490 2740 542 2781 ova
562 2729 628 2781 anta
652 2729 703 2781 aut
725 2728 793 2800 post
815 2720 886 2781 illud
911 2727 1028 2798 tempus
1052 2727 1120 2781 nata
1139 2738 1198 2781 non
1217 2739 1285 2801 sup·

136 2827 279 2909 ponenda
302 2845 369 2888 esse
391 2827 511 2889 scribat.
557 2836 691 2889 ceterum
715 2827 751 2889 de
775 2828 872 2890 letura
902 2826 1076 2907 gallinarum
1101 2827 1189 2889 etde
1214 2836 1286 2889 tem-

136 2955 214 3016 pore
239 2934 399 2996 iucubandi
422 2934 506 3015 plura
531 2953 627 3015 neque
651 2934 736 3015 plane
765 2937 844 2997 iuter
868 2954 899 2997 se
923 2936 1139 2997 consentientia
1162 2935 1198 2997 ab
1223 2934 1287 2996 aliis

137 3043 249 3106 tradita
272 3051 351 3123 suot,
373 3060 390 3102 a
413 3041 574 3103 Columella
598 3040 661 3102 lllll
680 3040 711 3123 5,
731 3040 760 3123 8,
784 3060 801 3102 a
823 3042 918 3103 Plinio
938 3041 963 3100 X
985 3037 1048 3103 150
1071 3043 1155 3101 etin
1179 3060 1286 3121 geopo-
1392 3070 1394 3075 v

139 3152 218 3212 uicis
242 3149 305 3210 xlv
325 3147 354 3230 Ἰ,
374 3146 425 3211 14.
462 3167 553 3230 quare
574 3149 652 3228 apud
671 3148 832 3208 Varronem
856 3148 999 3226 quaedam
1019 3149 1125 3208 omissa
1150 3148 1194 3208 rel
1220 3167 1286 3228 per·

138 3257 260 3320 turbata
283 3274 349 3317 esse
373 3255 499 3317 Ursinus
523 3264 553 3316 et
576 3254 777 3317 Schneiderus
801 3253 1000 3315 crediderunt.

231 3364 274 3426 ut
305 3383 344 3425 ea
374 3382 461 3444 quae
493 3361 655 3424 subicias
686 3364 807 3443 potins
835 3360 972 3423 uetulis
996 3379 1096 3442 quam
1121 3361 1285 3442 pullitris

141 3483 176 3536 et
198 3490 289 3554 quae
314 3480 434 3533 rostra
456 3480 516 3532 aut
540 3488 679 3550 ungues
708 3488 777 3532 non
806 3468 959 3530 habeant
986 3469 1124 3549 acutos]
1150 3472 1286 3531 Pollitris

142 3580 306 3642 Politianus
330 3598 366 3640 cx
389 3577 548 3658 archetypo
572 3577 731 3659 adnotavit,
755 3581 1041 3656 conponentem
1065 3581 1105 3639 ait
1123 3577 1284 3639 Gesnerus.

138 3690 298 3766 pollestris
321 3685 442 3748 Merula.
485 3694 515 3746 et
537 3703 574 3747 ee
597 3704 677 3761 quae
698 3688 844 3747 subiicies
863 3687 965 3762 potios
988 3704 1004 3745 e
1029 3689 1134 3747 vetulis
1156 3705 1246 3763 qoem
1270 3706 1287 3748 c

138 3798 312 3873 pollestris,
345 3801 374 3856 et
405 3795 514 3869 quibus
545 3794 692 3854 subiicies
724 3801 827 3854 rostro
856 3811 920 3872 sqq.
950 3790 1109 3853 lucundus.
1156 3804 1286 3856 veterem

142 3902 299 3963 lectionem
319 3900 467 3963 Victorius
491 3902 631 3982 restituit,
651 3898 702 3960 sed
723 3903 883 3977 pollestris
906 3917 941 3960 ex
961 3897 1048 3958 editis
1068 3898 1286 3980 exemplaribus

142 4012 274 4073 retinuit.
307 4013 433 4088 pollinis
451 4007 611 4081 Turnebus
630 4007 743 4070 advers.
766 4006 816 4090 19,
835 4004 888 4088 28,
907 4009 1042 4084 pullitris
1065 4005 1197 4067 defendit
1218 4006 1285 4066 Sca·

142 4118 216 4199 liger
240 4115 345 4180 collato
370 4136 395 4177 v.
414 4121 573 4197 porcetre,
597 4115 675 4196 quud
700 4123 746 4177 est
768 4114 846 4195 apud
870 4113 997 4176 Gellium
1020 4110 1209 4194 xvn16,4.
1248 4112 1285 4173 de

142 4225 246 4287 eadem
274 4243 307 4294 re
336 4222 495 4285 Columella
525 4221 629 4284 scribit
657 4221 721 4282 Vlll
740 4219 809 4305 5,5
837 4225 978 4298 quoniam
1005 4223 1125 4297 quietern
1153 4225 1287 4283 novellae

142 4336 240 4411 mepis
263 4334 388 4394 edendis
410 4349 501 4407 qoem
524 4332 712 4392 excudendis
735 4334 798 4392 onis
821 4333 957 4392 utiliores
979 4335 1057 4390 sont.
1074 4361 1108 4370 -
1126 4336 1287 4391 veteranos

143 4444 240 4518 igiter
263 4457 334 4502 eres
357 4442 401 4500 ed
428 4440 510 4500 benc
537 4455 601 4499 rem
629 4441 703 4514 eligi
728 4441 889 4517 oportebit,
912 4456 992 4515 qreee
1019 4439 1079 4497 iem
1106 4441 1227 4513 seqrios
1256 4440 1289 4498 id
