2874 4994
374 107 505 164 RERVM
523 108 762 165 nvsutctnvu
779 111 846 164 LIB.
867 111 878 164 l
899 109 1027 168 ati—29
1230 104 1270 169 81

155 260 190 340 tit,
206 273 319 342 praeter
344 281 436 324 unum
460 282 617 325 numerum
643 266 798 327 manifesto
822 283 933 346 errore,
955 276 988 326 ut
1011 265 1080 348 dixi,
1099 277 1272 346 corruptum

149 367 342 450 alienosne,
367 372 452 431 utin
477 370 579 432 codice
603 373 706 451 scripti
731 381 829 452 eraut,
852 374 953 452 potius
977 390 1094 434 servare
1119 391 1206 452 quam
1231 376 1274 435 iu-

141 477 224 536 cenis
245 475 501 539 emendationibus
525 486 670 557 temptare
694 476 845 540 debemus.

179 559 185 571 ⁸
219 587 310 642 XXIX
332 580 348 643 1
381 582 420 644 ln
446 585 559 663 primo
583 583 794 662 interuallo]
820 585 856 646 In
881 587 1130 664 praepositionem
1153 586 1272 667 inclusi,

132 690 270 768 quoniam
297 691 328 750 in
360 688 484 770 reliquis
505 689 679 752 'intervallis
710 689 801 751 Varro
830 689 955 752 ablativo
984 709 1055 752 casu
1088 709 1146 753 nou
1175 689 1272 754 addita

124 797 350 875 praepositione
373 815 446 857 usus
469 805 524 858 est

220 901 417 964 Seminaria
440 921 541 964 omne
564 921 676 984 genus
706 913 742 964 ut
770 912 940 965 serantur
967 908 1090 984 putari
1117 908 1273 984 inpratis

119 1012 265 1071 circum
303 1011 399 1071 uites
431 1008 615 1071 ablacuari
646 1010 788 1071 radices
821 1029 909 1090 quae
943 1013 977 1072 in
1010 1030 1140 1072 summa
1175 1020 1273 1074 terra

118 1125 216 1178 sunt
236 1115 398 1196 praecidi
421 1124 523 1195 prata
545 1118 693 1196 purgari
718 1117 847 1177 salicta
875 1120 948 1179 seri
971 1127 1114 1197 segetes
1143 1118 1272 1198 sarire]

10 1302 14 1307 Ι
118 1224 242 1283 Pistori
264 1225 424 1300 inprimis
452 1223 521 1284 inde
548 1241 565 1284 a
593 1225 727 1303 principe
752 1223 881 1285 editione
909 1233 1064 1304 receptum
1093 1235 1170 1307 erat,
1193 1227 1272 1306 quod

116 1332 229 1407 inepte
262 1328 464 1390 Schneiderus
496 1328 629 1390 defendit
661 1332 813 1391 vinearum
847 1330 891 1391 vel
925 1333 1151 1393 seminariorum
1188 1341 1272 1411 puta·

118 1438 240 1498 tionem
263 1434 447 1514 intellegens.
493 1455 591 1514 neque
615 1439 708 1516 magis
730 1435 851 1516 probari
874 1447 999 1516 possunt
1023 1457 1099 1518 quae
1128 1439 1175 1499 alii
1204 1458 1272 1500 con-

119 1546 279 1624 iecerunt,
311 1547 343 1603 in
370 1545 494 1619 peratis
520 1541 643 1622 Popma,
672 1551 706 1603 ut
732 1552 833 1621 parata
865 1554 967 1605 esseut
998 1547 1112 1626 vineae,
1140 1549 1273 1623 vipretos

122 1647 261 1728 Scaliger
281 1648 380 1710 verbis
402 1651 433 1709 in
457 1648 537 1710 hunc
560 1648 682 1709 modurn
705 1652 907 1731 transpositis,
922 1655 1043 1728 putori,
1062 1655 1180 1713 circum
1199 1656 1273 1716 uites

123 1757 317 1832 ablaqueari,
341 1759 483 1833 ripretos,
505 1759 628 1818 radices
646 1775 725 1832 quoe
744 1760 775 1817 in
798 1775 913 1818 summo
932 1767 1019 1819 terro
1037 1767 1108 1820 sunt
1122 1764 1273 1838 praecidi.

10 1848 18 1855 ⁵
128 1862 214 1921 varia
230 1865 381 1943 temptavit
399 1862 566 1924 Pontedera
584 1883 612 1943 p.
631 1859 702 1945 125,
721 1863 771 1923 sed
793 1866 822 1923 in
843 1883 878 1924 eo
897 1867 1053 1947 acquievit,
1072 1872 1106 1927 nt
1125 1871 1156 1928 in
1172 1871 1274 1945 protis

20 2038 25 2042 ἡ
127 1971 237 2042 putori
248 1971 524 2049 interpretationem
539 1988 604 2030 esse
620 1978 739 2049 putaret
753 1987 857 2029 eorum
869 1989 944 2050 quae
955 1970 1061 2032 deinde
1077 1975 1188 2052 scripta
1203 1983 1274 2035 sunt

10 2093 38 2143 ς
129 2079 226 2144 proto
243 2080 384 2153 perpuri.
416 2075 495 2156 quod
518 2095 613 2157 genus
636 2094 760 2156 operum
785 2074 877 2137 Varro
899 2081 1085 2158 praeceperit
1110 2083 1272 2163 nescimus3

10 2205 33 2243 ι
133 2173 189 2234 sed
215 2185 394 2259 putationem
428 2201 487 2244 non
516 2202 582 2244 esse
610 2186 640 2244 in
668 2185 775 2265 pratis,
803 2183 854 2243 sed
883 2185 914 2245 in
942 2186 1035 2246 vineis
1064 2186 1109 2246 vel
1142 2187 1273 2248 arbustis

130 2288 246 2350 stilum
277 2298 333 2353 est.
377 2308 469 2370 quare
503 2289 620 2372 lacuna,
648 2308 704 2369 qua
738 2288 826 2350 verba
859 2300 1000 2370 corrupta
1033 2310 1098 2353 esse
1127 2292 1273 2374 videntur,

10 2436 13 2441 -
52 2414 56 2421 ·
126 2389 263 2466 werten
286 2399 395 2476 scripsi
414 2400 524 2474 putori
544 2399 680 2471 arbusta,
703 2401 876 2458 stercorari
899 2400 929 2458 in
950 2402 1060 2474 protis.
1097 2399 1170 2460 haec
1194 2402 1272 2462 enim

119 2476 287 2564 ⁰⁰¹umelta
315 2503 352 2564 de
381 2503 486 2564 eodem
518 2511 652 2583 tempore
684 2504 755 2563 anni
782 2502 917 2564 scribens
944 2507 1096 2584 praecepit
1124 2504 1213 2587 xta,
1234 2504 1273 2568 16

31 2684 35 2689 ¹
111 2591 382 2688 arbustorumque
413 2614 475 2672 sire
500 2614 618 2688 putatio
650 2614 713 2673 siue
740 2613 878 2686 eiiipotio
903 2614 1055 2687 finienda,
1088 2612 1127 2674 ib,
1149 2611 1188 2675 18
1216 2616 1274 2675 itoc

101 2698 231 2772 ⁶⁰de
256 2724 388 2795 ternpore
410 2721 557 2780 stercoris
577 2737 654 2795 pars
678 2721 710 2778 in
730 2726 825 2795 preto
849 2720 1028 2798 differendo,
1048 2739 1126 2796 pars
1149 2724 1222 2781 oleis
1245 2729 1274 2782 et

91 2803 241 2881 ‘'“ertls
270 2826 433 2887 arboribus
466 2827 683 2901 insporpendo.
729 2826 793 2902 ipse
827 2822 917 2883 Varro
950 2826 1049 2884 vineas
1087 2833 1117 2884 et
1154 2824 1274 2886 arbusta

11 2905 227 2986 ·P⁰ta1·i
251 2932 337 2992 iussit
360 2932 390 2992 in
415 2933 542 3011 septimo
567 2941 597 2992 et
621 2942 723 2992 octavo
747 2929 901 2991 intervallo
926 2948 950 2990 c.
970 2927 1013 2990 35
1037 2941 1067 2991 et
1090 2928 1146 3010 363
1171 2932 1272 2992 eadem

47 2995 209 3084 '¹3¹¹ul·
249 3055 352 3120 opera,
375 3057 450 3118 quae
478 3045 610 3100 extrema
639 3038 709 3098 anni
736 3045 820 3116 parte
849 3037 915 3096 fieri
943 3035 1047 3117 voluit,
1071 3039 1155 3098 initio
1184 3040 1273 3100 etiam

68 3119 207 3194 ⁸0un
217 3147 280 3206 ntis
304 3144 417 3207 tribuit.
455 3144 525 3204 olim
545 3146 739 3221 praeparari
761 3147 792 3204 in
811 3146 913 3220 protis
936 3140 1126 3203 scribendum
1150 3147 1273 3226 conieci,

65 3229 133 3294 ΨΜ
192 3247 249 3311 de
279 3269 312 3311 re
340 3250 433 3313 Varro
461 3247 545 3331 137,
564 3246 585 3311 5
619 3259 649 3310 et
676 3249 836 3310 Columella
865 3246 954 3332 xta,
973 3246 1014 3311 27
1048 3250 1191 3312 scribunt
1237 3251 1273 3312 ad

63 3330 250 3417 ⁰³¹¹de
279 3376 343 3419 rem
371 3359 502 3437 pertinet
531 3358 645 3436 quod
638 3375 668 3417 ru
696 3356 827 3417 secundo
858 3356 1012 3417 intervallo
1041 3356 1150 3437 legitur
1177 3368 1273 3436 proto

65 3432 258 3542 defendi,
277 3483 352 3544 quae
372 3474 418 3526 est
440 3482 509 3543 pars
528 3465 823 3544 praeparationis-
839 3467 938 3525 sariri
960 3463 1117 3543 Splburgio
1141 3477 1272 3548 auctore,

67 3551 108 3603 ”t
132 3558 308 3654 Videtur,
333 3574 461 3652 primum
485 3573 515 3631 iu
539 3570 769 3631 commeliniana
793 3569 923 3631 editione
947 3571 1061 3631 editum
1086 3582 1139 3633 est.
1183 3579 1274 3637 orori

10 3692 13 3699 ·
75 3650 238 3738 ²³ulmis
256 3677 449 3740 Beruensia'
442 3697 471 3739 ru
492 3676 577 3757 Verg.
596 3695 696 3757 georg
716 3676 729 3737 l
750 3674 766 3738 1
792 3695 849 3738 nec
870 3695 945 3736 senc
962 3684 1078 3750 sepcies
1096 3682 1273 3754 simpliciter

81 3776 142 3840 1)Το
215 3791 300 3847 terra
329 3794 500 3863 ponuntur,
532 3787 588 3845 sed
614 3803 673 3862 pro
705 3792 792 3846 terro
825 3790 931 3862 arcto,
964 3790 998 3842 ut
1037 3782 1134 3844 Varro
1167 3804 1272 3846 rerum

93 3881 313 3953 r“sticarum
331 3895 433 3969 primo
455 3894 534 3953 libro
549 3900 644 3969 proto
665 3892 937 3969 pomeriatam
959 3892 1030 3961 seri,
1050 3897 1165 3964 sepcies
1183 3896 1275 3952 orori

106 3995 273 4060 ⁶⁰¹²venit.
310 3998 413 4060 eadem
437 4017 505 4060 cunr
529 4001 566 4059 iis
589 4016 664 4078 quae
689 3997 766 4076 apud
791 3995 952 4057 Varronem
976 4005 1144 4076 sequuntur
1163 3999 1273 4079 scripta

116 4102 194 4158 ⁸¹¹1st
215 4106 246 4166 in
265 4104 386 4167 scholiis
405 4105 612 4167 laurentianis
632 4114 661 4164 et
679 4102 823 4164 Parisiuis
843 4122 858 4164 a
874 4102 1070 4163 Mommsenio
1090 4121 1164 4164 mus.
1181 4104 1273 4166 Rhea.

10 4278 17 4295 ,
124 4215 148 4259 i·
166 4195 240 4272 XVI
263 4231 287 4274 a.
314 4209 398 4275 1861
423 4231 451 4292 p.
469 4209 536 4273 443
560 4211 660 4292 editis,
688 4228 744 4271 nee
771 4228 846 4271 sone
873 4218 987 4285 sepetes
1018 4213 1195 4287 simpliciter
1213 4231 1273 4288 pro

180 4317 255 4363 Vuae
270 4332 326 4363 aaa.
340 4333 409 4365 arar.
437 4323 469 4364 11.
1045 4317 1060 4365 6
