2874 4994
145 285 208 351 182
484 290 674 347 ΟΟΜΜΕΝΤ.
693 291 734 346 ΙΝ
751 289 940 347 VARRONIS

232 447 254 511 3
287 447 397 509 Unum
421 448 535 508 lerum
559 464 648 526 quos
676 455 809 508 uocant
831 463 989 527 onagros
1015 448 1052 509 ln
1077 443 1236 530 phrygiaet

143 556 306 638 lycaonia
330 561 414 616 sunt
444 570 571 633 greges
601 550 722 631 multi]
750 550 793 614 lle
820 550 961 633 gregibus
988 552 1119 617 ferarum
1141 554 1240 637 saprall

148 660 211 745 1,5
235 665 346 742 scripta
369 669 440 723 sunt
462 660 549 742 haec,
578 679 696 737 genem
719 663 873 738 pecudum
896 659 1043 737 seronem
1066 668 1136 725 auct
1155 665 1248 744 diqtot,

145 773 183 832 oh
207 773 319 845 ouibus,
343 776 378 830 ut
401 772 431 830 iu
456 770 609 847 Phrygio,
632 769 687 829 uhi
705 785 817 843 greges
835 769 988 829 uidentur
1009 771 1172 847 conploret
1198 767 1248 832 hc

145 884 186 953 ut,
209 876 288 958 quod
312 877 409 937 omitti
432 894 491 936 non
515 882 641 955 poterat,
665 874 773 956 addidi,
795 892 937 952 onagros,
959 883 996 936 ut
1017 879 1050 937 iu
1072 874 1204 955 Phrygia

233 981 400 1063 Eligendi
424 991 459 1045 et
481 1000 554 1043 mas
578 992 614 1043 et
636 982 767 1043 lomina
785 999 865 1045 oum
882 981 1061 1064 dignitate
1079 980 1257 1062 utsit18irt

146 1111 182 1153 ex
205 1092 309 1152 Aldina
332 1089 462 1151 editione
486 1098 640 1170 receptum
664 1098 740 1171 erat;
763 1093 804 1152 sit
825 1108 862 1152 er
884 1088 1047 1171 archetypo
1070 1090 1189 1153 restitui

236 1197 259 1260 4
292 1197 391 1269 erod
414 1199 629 1258 remissione
653 1196 789 1260 laboris
812 1199 864 1259 sic
883 1195 1067 1276 deterior]
1086 1199 1270 1261 dumu-

145 1306 223 1367 edita
247 1307 315 1367 inde
340 1324 356 1366 a
379 1306 513 1385 principe
538 1303 668 1366 editione
692 1303 880 1388 exemplaria,
903 1303 983 1385 quod
1006 1303 1205 1387 comprobatur
1217 1322 1276 1367 u-

145 1412 250 1492 emplis
266 1414 329 1473 eius
344 1412 482 1473 dictionis
498 1430 588 1492 supra
607 1408 678 1488 114,
694 1409 736 1475 13
755 1411 921 1493 adscriptio
958 1410 1114 1492 archetypi
1129 1411 1273 1474 lectionem

145 1519 275 1599 Scaliger
299 1519 444 1602 delendit;
466 1522 518 1582 bie
542 1522 677 1582 deterior
700 1518 850 1582 Victorius
873 1522 1051 1583 coniecerat

230 1627 269 1687 ln
291 1634 396 1706 pastu
420 1624 541 1686 eadem
565 1624 784 1704 obseruant]
816 1623 915 1688 Veteri
938 1626 1139 1711 emendationi
1160 1625 1269 1689 debetur

143 1734 221 1815 quod
250 1736 281 1795 in
310 1732 462 1795 codicibus
485 1733 508 1792 ll
533 1743 563 1793 et
587 1751 617 1793 m
646 1732 755 1812 legitur
787 1737 820 1794 in
848 1741 952 1811 portu.
999 1733 1079 1794 idem
1113 1733 1264 1795 vocabulum

143 1843 261 1903 restitui
285 1838 427 1921 114,17.
464 1839 501 1900 de
526 1848 612 1919 partu
637 1857 783 1920 equorum
807 1858 901 1920 pauca
923 1841 1036 1921 scripta
1058 1848 1131 1903 sunt
1147 1836 1226 1919 6,11.

232 1943 253 2009 h
286 1945 443 2017 Quorum
467 1965 597 2026 greges
620 1965 688 2007 non
712 1965 797 2009 sane
821 1946 919 2008 liunt
942 1949 1078 2009 niestei
1101 1950 1160 2028 qui
1177 1966 1260 2010 ouera

143 2063 290 2138 portent
313 2055 393 2116 ideo
417 2054 511 2134 quod
534 2053 701 2135 plerique
717 2054 952 2118 ,diducuntur
974 2055 1014 2117 ad
1039 2054 1168 2135 molas]
1189 2057 1258 2117 Dida·

87 2196 90 2204 ·
144 2171 266 2239 cuntur,
291 2162 370 2243 quod
394 2163 505 2243 optima
529 2162 695 2242 apographa
719 2160 838 2242 bahent,
862 2164 893 2223 in
917 2162 1078 2244 archetypo
1096 2164 1186 2225 luisse
1204 2162 1262 2224 ride

145 2280 203 2333 tur.
240 2288 307 2331 nam
331 2272 527 2332 deducuntur
556 2271 653 2331 errori
676 2268 814 2331 Politiaui
842 2272 941 2331 minus
969 2280 1109 2333 accurate
1132 2271 1264 2333 lectionen

144 2379 290 2459 principis
314 2377 454 2439 editionis
478 2379 672 2438 deducuntur
696 2379 873 2458 corrigentis
897 2375 989 2439 tribui
1014 2380 1135 2459 poterit
1178 2380 1267 2440 uisiu

145 2489 199 2562 qui
226 2503 321 2547 onero
346 2492 470 2562 portent
497 2482 621 2565 Merula,
651 2482 703 2545 ubi
730 2486 755 2545 ii
781 2502 817 2545 ex
844 2483 948 2545 Aldina
975 2482 1108 2546 editione
1135 2492 1268 2565 receptura

145 2602 218 2654 erat.
265 2595 326 2652 uisi
348 2610 387 2652 ex
410 2594 454 2652 eis
477 2595 531 2666 qui
552 2608 647 2652 onero
667 2597 796 2667 portant
818 2591 934 2671 scripsi.

234 2696 319 2760 vnt
346 2697 470 2777 Equis
485 2699 711 2777 feminasque
730 2699 869 2760 modius
889 2698 1082 2779 equiculus
1097 2700 1274 2762 uirlortis·

147 2808 258 2866 simus
272 2807 377 2866 etiam
393 2812 493 2884 patre
514 2804 664 2867 militari
678 2808 777 2867 iuxta
791 2824 830 2868 ac
845 2824 960 2868 mares
978 2805 1119 2869 habere
1137 2802 1274 2883 solebat]
1307 2800 1310 2866 l

150 2915 337 2976 Commodius
360 2913 528 2988 Malleolus
551 2912 712 2997 iucundus,
734 2913 813 2994 quod
837 2913 886 2975 ille
910 2932 946 2975 ex
966 2892 1110 2994 corrupta
1132 2914 1239 2976 codicis
1253 2930 1275 2975 u

40 3059 43 3065 -
147 3023 294 3101 scriptura
314 3019 447 3097 seminas
465 3015 601 3080 cumdius
620 3022 944 3103 equiquluselleoerat
988 3023 1020 3095 O.
1041 3022 1166 3084 Modius
1183 3024 1277 3098 Aequi

147 3133 230 3191 eolus
250 3130 299 3188 uir
314 3125 499 3203 fortissimus
524 3131 616 3188 etium
639 3131 670 3189 in
689 3148 725 3190 re
743 3131 873 3190 militari
893 3146 957 3209 sqq.
976 3123 1028 3189 ‘ex
1047 3137 1152 3191 vetere
1173 3121 1277 3191 codice’

147 3233 281 3296 Ursinus.
323 3235 354 3308 Q.
375 3233 498 3295 Medius
518 3235 685 3310 Equiculus
704 3235 860 3296 Victorius.
898 3235 934 3295 de
959 3235 992 3307 Q.
1017 3234 1118 3297 hlodio
1141 3235 1212 3299 nibil
1229 3253 1277 3297 ne

148 3343 258 3402 moriae
291 3341 442 3421 proditum
476 3349 530 3403 est.
580 3360 672 3421 quare
704 3340 862 3404 lectionem
894 3342 1048 3423 archetypi
1080 3346 1173 3406 etium
1200 3351 1278 3423 putre

147 3453 275 3511 militari
298 3447 426 3508 exhibui.
465 3448 533 3509 olim
559 3468 593 3510 ex
618 3451 790 3511 coniectura
814 3448 913 3511 Ursini
932 3452 1025 3512 etium
1047 3453 1081 3512 iu
1105 3452 1278 3513 renititur·

148 3558 257 3635 recepi,
283 3561 441 3635 propterea
469 3555 548 3635 quod
572 3575 631 3617 non
661 3555 814 3619 videbatur
841 3557 937 3618 omitti
964 3574 1053 3638 posse
1083 3575 1178 3639 equas
1203 3559 1279 3620 elim

147 3662 182 3723 ad
207 3661 364 3722 militarem
388 3680 476 3723 usum
499 3670 582 3743 aptas
606 3662 717 3724 haberi.

239 3767 305 3839 Qui
328 3767 459 3830 habere
482 3769 697 3848 uoluerunt]
730 3771 886 3833 Volueriut
908 3788 944 3830 ex
963 3768 1068 3832 Aldina
1094 3772 1223 3835 editione
1242 3790 1279 3834 re

150 3883 268 3956 ceptum
292 3885 364 3937 erat.
401 3881 456 3952 qur·
476 3879 591 3938 babere
613 3883 715 3939 uolunt
738 3879 859 3959 scripsi,
887 3877 965 3958 quod
994 3885 1026 3939 et
1054 3883 1204 3943 sententia
1227 3896 1280 3941 rer·

149 3982 254 4047 horum
283 3983 413 4064 postulat
436 3992 467 4045 et
490 4003 562 4046 usus
585 3984 735 4066 Varronis,
758 3983 784 4044 ll
803 3982 866 4065 3,1
896 3987 951 4059 qui
977 3988 1145 4063 cuprinum
1170 4004 1281 4065 gregem

149 4095 333 4155 constituere
361 4095 437 4173 uult,
471 4089 544 4176 4,3
568 4097 623 4169 qui
643 4111 731 4154 suum
756 4109 882 4169 gregem
908 4095 973 4154 uult
998 4094 1121 4158 hahere
1147 4096 1283 4176 iduum,

150 4197 214 4280 6,2
234 4202 389 4259 asinorum
410 4218 536 4288 gregem
559 4205 613 4276 qur·
631 4201 740 4276 fucere
763 4203 826 4261 uult
848 4201 965 4275 bouum,
989 4197 1030 4260 lll
1049 4195 1082 4282 9,
1097 4199 1120 4264 2
1138 4204 1193 4279 qui
1211 4204 1284 4265 orni·

150 4307 323 4384 thonoscr'ou
347 4310 505 4377 instituere
533 4312 607 4384 uult,
637 4305 720 4388 11,1
746 4310 800 4383 qui
821 4313 922 4368 autem
949 4309 1054 4369 uoluru
1080 4326 1195 4388 greges
1217 4328 1285 4373 oon·

150 4414 223 4471 tium
246 4403 383 4475 hahere.'
