<?xml version="1.0" encoding="UTF-8"?>
<!DOCTYPE html PUBLIC "-//W3C//DTD XHTML 1.0 Transitional//EN"
    "http://www.w3.org/TR/xhtml1/DTD/xhtml1-transitional.dtd">
<html xmlns="http://www.w3.org/1999/xhtml" xml:lang="en" lang="en">
 <head>
  <title>
</title>
<meta http-equiv="Content-Type" content="text/html;charset=utf-8" />
  <meta name='ocr-system' content='tesseract 3.04.00' />
  <meta name='ocr-capabilities' content='ocr_page ocr_carea ocr_par ocr_line ocrx_word'/>
</head>
<body>
  <div class='ocr_page' id='page_1' title='image "./mporcicatonisde00keilgoog_0334.png"; bbox 0 0 2874 4994; ppageno 0'>
   <div class='ocr_carea' id='block_1_1' title="bbox 283 316 1186 380">
    <p class='ocr_par' dir='ltr' id='par_1_1' title="bbox 283 316 1186 380">
     <span class='ocr_line' id='line_1_1' title="bbox 283 316 1186 380; baseline -0.002 0"><span class='ocrx_word' id='word_1_1' title='bbox 283 325 413 380; x_wconf 78' lang='lat' dir='ltr'><strong>RERVM</strong></span> <span class='ocrx_word' id='word_1_2' title='bbox 430 323 669 380; x_wconf 80' lang='lat' dir='ltr'><strong>RVSTICARVM</strong></span> <span class='ocrx_word' id='word_1_3' title='bbox 688 324 756 380; x_wconf 89' lang='lat' dir='ltr'><strong>LlB.</strong></span> <span class='ocrx_word' id='word_1_4' title='bbox 774 324 787 377; x_wconf 94' lang='grc' dir='ltr'>Ι</span> <span class='ocrx_word' id='word_1_5' title='bbox 807 320 933 380; x_wconf 84' lang='lat'>50-51</span> <span class='ocrx_word' id='word_1_6' title='bbox 1126 316 1186 378; x_wconf 92' lang='lat' dir='ltr'><strong>lll</strong></span> 
     </span>
    </p>
   </div>
   <div class='ocr_carea' id='block_1_2' title="bbox 114 476 1239 4521">
    <p class='ocr_par' dir='ltr' id='par_1_2' title="bbox 138 476 1188 558">
     <span class='ocr_line' id='line_1_2' title="bbox 138 476 1188 558; baseline -0.004 -16"><span class='ocrx_word' id='word_1_7' title='bbox 138 479 238 552; x_wconf 85' lang='lat' dir='ltr'><strong>Quod</strong></span> <span class='ocrx_word' id='word_1_8' title='bbox 262 488 359 541; x_wconf 88' lang='lat' dir='ltr'><strong>terra</strong></span> <span class='ocrx_word' id='word_1_9' title='bbox 382 478 527 556; x_wconf 80' lang='lat' dir='ltr'><strong>haeret]</strong></span> <span class='ocrx_word' id='word_1_10' title='bbox 557 481 644 553; x_wconf 77' lang='lat' dir='ltr'><strong>Quod</strong></span> <span class='ocrx_word' id='word_1_11' title='bbox 666 488 770 541; x_wconf 87' lang='lat' dir='ltr'><strong>terroe</strong></span> <span class='ocrx_word' id='word_1_12' title='bbox 792 481 901 540; x_wconf 63' lang='lat' dir='ltr'><strong>tonet</strong></span> <span class='ocrx_word' id='word_1_13' title='bbox 918 496 953 538; x_wconf 83' lang='lat' dir='ltr'><strong>ex</strong></span> <span class='ocrx_word' id='word_1_14' title='bbox 975 479 1109 558; x_wconf 82' lang='lat' dir='ltr'>principe</span> <span class='ocrx_word' id='word_1_15' title='bbox 1129 476 1188 539; x_wconf 90' lang='lat' dir='ltr'><strong>edi·</strong></span> 
     </span>
    </p>

    <p class='ocr_par' dir='ltr' id='par_1_3' title="bbox 117 587 1189 864">
     <span class='ocr_line' id='line_1_3' title="bbox 117 587 1189 667; baseline -0.002 -19"><span class='ocrx_word' id='word_1_16' title='bbox 117 605 130 648; x_wconf 90' lang='lat' dir='ltr'><strong>e</strong></span> <span class='ocrx_word' id='word_1_17' title='bbox 158 595 312 667; x_wconf 89' lang='lat' dir='ltr'><strong>receptum</strong></span> <span class='ocrx_word' id='word_1_18' title='bbox 339 595 411 648; x_wconf 85' lang='lat' dir='ltr'><strong>crat</strong></span> <span class='ocrx_word' id='word_1_19' title='bbox 457 606 511 667; x_wconf 94' lang='lat' dir='ltr'><strong>pro</strong></span> <span class='ocrx_word' id='word_1_20' title='bbox 541 587 598 648; x_wconf 92' lang='lat' dir='ltr'><strong>hoc</strong></span> <span class='ocrx_word' id='word_1_21' title='bbox 626 590 708 662; x_wconf 80' lang='lat' dir='ltr'><strong>quoti</strong></span> <span class='ocrx_word' id='word_1_22' title='bbox 728 604 797 648; x_wconf 84' lang='lat' dir='ltr'><strong>cum</strong></span> <span class='ocrx_word' id='word_1_23' title='bbox 825 594 912 647; x_wconf 85' lang='lat' dir='ltr'><strong>terro</strong></span> <span class='ocrx_word' id='word_1_24' title='bbox 939 587 1046 647; x_wconf 73' lang='lat' dir='ltr'><strong>liceret</strong></span> <span class='ocrx_word' id='word_1_25' title='bbox 1073 587 1189 667; x_wconf 85' lang='lat' dir='ltr'><strong>scripsi,</strong></span> 
     </span>
     <span class='ocr_line' id='line_1_4' title="bbox 118 692 1189 774; baseline -0.001 -19"><span class='ocrx_word' id='word_1_26' title='bbox 118 694 128 755; x_wconf 90' lang='lat' dir='ltr'><strong>l</strong></span> <span class='ocrx_word' id='word_1_27' title='bbox 156 692 345 774; x_wconf 77' lang='lat' dir='ltr'><strong>postulabant</strong></span> <span class='ocrx_word' id='word_1_28' title='bbox 373 711 406 754; x_wconf 89' lang='lat' dir='ltr'><strong>ea</strong></span> <span class='ocrx_word' id='word_1_29' title='bbox 431 711 505 773; x_wconf 84' lang='lat' dir='ltr'><strong>quae</strong></span> <span class='ocrx_word' id='word_1_30' title='bbox 530 704 696 773; x_wconf 85' lang='lat' dir='ltr'><strong>sequuntur</strong></span> <span class='ocrx_word' id='word_1_31' title='bbox 724 696 807 769; x_wconf 85' lang='lat' dir='ltr'><strong>quod</strong></span> <span class='ocrx_word' id='word_1_32' title='bbox 832 710 899 754; x_wconf 81' lang='lat' dir='ltr'><strong>cum</strong></span> <span class='ocrx_word' id='word_1_33' title='bbox 927 695 1013 770; x_wconf 85' lang='lat' dir='ltr'><strong>spico</strong></span> <span class='ocrx_word' id='word_1_34' title='bbox 1040 700 1189 754; x_wconf 82' lang='lat' dir='ltr'><strong>stramen-</strong></span> 
     </span>
     <span class='ocr_line' id='line_1_5' title="bbox 134 804 248 864; baseline 0 -2"><span class='ocrx_word' id='word_1_35' title='bbox 134 804 248 864; x_wconf 77' lang='lat' dir='ltr'><strong>iceret.</strong></span> 
     </span>
    </p>

    <p class='ocr_par' dir='ltr' id='par_1_4' title="bbox 116 905 1239 2804">
     <span class='ocr_line' id='line_1_6' title="bbox 137 905 1188 988; baseline -0.003 -18"><span class='ocrx_word' id='word_1_36' title='bbox 137 905 158 970; x_wconf 85' lang='lat'><strong>3</strong></span> <span class='ocrx_word' id='word_1_37' title='bbox 190 908 272 969; x_wconf 86' lang='lat' dir='ltr'><strong>Cum</strong></span> <span class='ocrx_word' id='word_1_38' title='bbox 296 916 351 969; x_wconf 93' lang='lat' dir='ltr'><strong>est</strong></span> <span class='ocrx_word' id='word_1_39' title='bbox 374 916 510 969; x_wconf 88' lang='lat' dir='ltr'><strong>matura</strong></span> <span class='ocrx_word' id='word_1_40' title='bbox 533 926 636 988; x_wconf 77' lang='lat' dir='ltr'><strong>seges</strong></span> <span class='ocrx_word' id='word_1_41' title='bbox 661 905 861 969; x_wconf 87' lang='lat' dir='ltr'><strong>metendum</strong></span> <span class='ocrx_word' id='word_1_42' title='bbox 881 924 958 967; x_wconf 90' lang='lat' dir='ltr'><strong>cum</strong></span> <span class='ocrx_word' id='word_1_43' title='bbox 977 907 1012 967; x_wconf 94' lang='lat' dir='ltr'><strong>in</strong></span> <span class='ocrx_word' id='word_1_44' title='bbox 1031 923 1069 966; x_wconf 90' lang='lat' dir='ltr'><strong>ea</strong></span> <span class='ocrx_word' id='word_1_45' title='bbox 1088 907 1188 986; x_wconf 85' lang='lat' dir='ltr'><strong>iuge·</strong></span> 
     </span>
     <span class='ocr_line' id='line_1_7' title="bbox 117 1012 1189 1096; baseline -0.002 -20"><span class='ocrx_word' id='word_1_46' title='bbox 117 1017 231 1076; x_wconf 78' lang='lat' dir='ltr'><strong>aiere</strong></span> <span class='ocrx_word' id='word_1_47' title='bbox 254 1033 320 1076; x_wconf 89' lang='lat' dir='ltr'><strong>una</strong></span> <span class='ocrx_word' id='word_1_48' title='bbox 354 1033 461 1095; x_wconf 87' lang='lat' dir='ltr'><strong>opera</strong></span> <span class='ocrx_word' id='word_1_49' title='bbox 494 1013 747 1096; x_wconf 81' lang='lat' dir='ltr'><strong>propemodum</strong></span> <span class='ocrx_word' id='word_1_50' title='bbox 781 1015 815 1074; x_wconf 95' lang='lat' dir='ltr'><strong>in</strong></span> <span class='ocrx_word' id='word_1_51' title='bbox 852 1012 951 1073; x_wconf 84' lang='lat' dir='ltr'><strong>facili</strong></span> <span class='ocrx_word' id='word_1_52' title='bbox 984 1031 1068 1091; x_wconf 83' lang='lat' dir='ltr'><strong>agro</strong></span> <span class='ocrx_word' id='word_1_53' title='bbox 1100 1015 1189 1074; x_wconf 90' lang='lat' dir='ltr'><strong>satis</strong></span> 
     </span>
     <span class='ocr_line' id='line_1_8' title="bbox 117 1119 1188 1202; baseline -0.003 -20"><span class='ocrx_word' id='word_1_54' title='bbox 117 1122 295 1183; x_wconf 76' lang='lat' dir='ltr'><strong>edicatur</strong></span> <span class='ocrx_word' id='word_1_55' title='bbox 323 1140 459 1183; x_wconf 83' lang='lat' dir='ltr'><strong>messos</strong></span> <span class='ocrx_word' id='word_1_56' title='bbox 487 1124 606 1202; x_wconf 89' lang='lat' dir='ltr'><strong>spicas</strong></span> <span class='ocrx_word' id='word_1_57' title='bbox 634 1120 808 1182; x_wconf 86' lang='lat' dir='ltr'><strong>cornibus</strong></span> <span class='ocrx_word' id='word_1_58' title='bbox 836 1121 870 1180; x_wconf 95' lang='lat' dir='ltr'><strong>in</strong></span> <span class='ocrx_word' id='word_1_59' title='bbox 899 1137 1014 1180; x_wconf 89' lang='lat' dir='ltr'><strong>aream</strong></span> <span class='ocrx_word' id='word_1_60' title='bbox 1045 1119 1188 1180; x_wconf 88' lang='lat' dir='ltr'><strong>delerre</strong></span> 
     </span>
     <span class='ocr_line' id='line_1_9' title="bbox 117 1228 1189 1308; baseline -0.003 -18"><span class='ocrx_word' id='word_1_61' title='bbox 117 1228 201 1308; x_wconf 88' lang='lat' dir='ltr'><strong>ent]</strong></span> <span class='ocrx_word' id='word_1_62' title='bbox 225 1231 348 1291; x_wconf 81' lang='lat' dir='ltr'><strong>Dicitur</strong></span> <span class='ocrx_word' id='word_1_63' title='bbox 367 1230 460 1290; x_wconf 81' lang='lat' dir='ltr'><strong>codex</strong></span> <span class='ocrx_word' id='word_1_64' title='bbox 478 1229 633 1290; x_wconf 84' lang='lat' dir='ltr'><strong>Caesenas.</strong></span> <span class='ocrx_word' id='word_1_65' title='bbox 670 1246 738 1290; x_wconf 80' lang='lat' dir='ltr'><strong>cam</strong></span> <span class='ocrx_word' id='word_1_66' title='bbox 763 1235 807 1288; x_wconf 85' lang='lat' dir='ltr'><strong>ert</strong></span> <span class='ocrx_word' id='word_1_67' title='bbox 824 1234 948 1288; x_wconf 83' lang='lat' dir='ltr'><strong>matura</strong></span> <span class='ocrx_word' id='word_1_68' title='bbox 966 1244 1061 1302; x_wconf 73' lang='lat' dir='ltr'><strong>sepes,</strong></span> <span class='ocrx_word' id='word_1_69' title='bbox 1080 1234 1189 1288; x_wconf 85' lang='lat' dir='ltr'><strong>meten·</strong></span> 
     </span>
     <span class='ocr_line' id='line_1_10' title="bbox 117 1336 1188 1412; baseline -0.004 -14"><span class='ocrx_word' id='word_1_70' title='bbox 117 1355 131 1397; x_wconf 86' lang='lat' dir='ltr'><strong>t</strong></span> <span class='ocrx_word' id='word_1_71' title='bbox 166 1355 234 1398; x_wconf 84' lang='lat' dir='ltr'><strong>cum</strong></span> <span class='ocrx_word' id='word_1_72' title='bbox 258 1340 289 1397; x_wconf 87' lang='lat' dir='ltr'><strong>in</strong></span> <span class='ocrx_word' id='word_1_73' title='bbox 317 1355 354 1399; x_wconf 87' lang='lat' dir='ltr'><strong>eo</strong></span> <span class='ocrx_word' id='word_1_74' title='bbox 378 1340 517 1412; x_wconf 74' lang='lat' dir='ltr'><strong>torperem</strong></span> <span class='ocrx_word' id='word_1_75' title='bbox 543 1336 612 1412; x_wconf 81' lang='lat' dir='ltr'><strong>sere</strong></span> <span class='ocrx_word' id='word_1_76' title='bbox 635 1355 698 1397; x_wconf 84' lang='lat' dir='ltr'><strong>uno</strong></span> <span class='ocrx_word' id='word_1_77' title='bbox 725 1353 820 1412; x_wconf 86' lang='lat' dir='ltr'><strong>opero</strong></span> <span class='ocrx_word' id='word_1_78' title='bbox 843 1352 969 1396; x_wconf 84' lang='lat' dir='ltr'><strong>messum</strong></span> <span class='ocrx_word' id='word_1_79' title='bbox 998 1340 1054 1408; x_wconf 87' lang='lat' dir='ltr'><strong>est,</strong></span> <span class='ocrx_word' id='word_1_80' title='bbox 1080 1350 1188 1411; x_wconf 86' lang='lat' dir='ltr'><strong>propc-</strong></span> 
     </span>
     <span class='ocr_line' id='line_1_11' title="bbox 117 1443 1189 1519; baseline -0.002 -16"><span class='ocrx_word' id='word_1_81' title='bbox 117 1445 169 1504; x_wconf 84' lang='lat' dir='ltr'><strong>ium</strong></span> <span class='ocrx_word' id='word_1_82' title='bbox 198 1447 228 1503; x_wconf 85' lang='lat' dir='ltr'><strong>in</strong></span> <span class='ocrx_word' id='word_1_83' title='bbox 253 1443 345 1519; x_wconf 82' lang='lat' dir='ltr'><strong>sacili</strong></span> <span class='ocrx_word' id='word_1_84' title='bbox 371 1462 448 1519; x_wconf 79' lang='lat' dir='ltr'><strong>apro</strong></span> <span class='ocrx_word' id='word_1_85' title='bbox 475 1447 550 1505; x_wconf 84' lang='lat' dir='ltr'><strong>satis</strong></span> <span class='ocrx_word' id='word_1_86' title='bbox 578 1462 642 1505; x_wconf 84' lang='lat' dir='ltr'><strong>esse</strong></span> <span class='ocrx_word' id='word_1_87' title='bbox 670 1445 797 1517; x_wconf 82' lang='lat' dir='ltr'><strong>dicitur,</strong></span> <span class='ocrx_word' id='word_1_88' title='bbox 826 1449 859 1504; x_wconf 85' lang='lat' dir='ltr'><strong>ut</strong></span> <span class='ocrx_word' id='word_1_89' title='bbox 885 1459 997 1503; x_wconf 83' lang='lat' dir='ltr'><strong>messos</strong></span> <span class='ocrx_word' id='word_1_90' title='bbox 1025 1444 1126 1518; x_wconf 84' lang='lat' dir='ltr'><strong>spicas</strong></span> <span class='ocrx_word' id='word_1_91' title='bbox 1159 1444 1189 1501; x_wconf 87' lang='lat' dir='ltr'><strong>in</strong></span> 
     </span>
     <span class='ocr_line' id='line_1_12' title="bbox 117 1547 1189 1627; baseline -0.004 -17"><span class='ocrx_word' id='word_1_92' title='bbox 117 1568 157 1610; x_wconf 84' lang='lat' dir='ltr'><strong>um</strong></span> <span class='ocrx_word' id='word_1_93' title='bbox 179 1553 322 1612; x_wconf 78' lang='lat' dir='ltr'><strong>corbibus</strong></span> <span class='ocrx_word' id='word_1_94' title='bbox 345 1550 470 1626; x_wconf 80' lang='lat' dir='ltr'><strong>deferre</strong></span> <span class='ocrx_word' id='word_1_95' title='bbox 494 1553 622 1612; x_wconf 81' lang='lat' dir='ltr'><strong>debeant</strong></span> <span class='ocrx_word' id='word_1_96' title='bbox 641 1548 800 1611; x_wconf 87' lang='lat' dir='ltr'><strong>iucundus.</strong></span> <span class='ocrx_word' id='word_1_97' title='bbox 837 1547 988 1627; x_wconf 80' lang='lat' dir='ltr'><strong>archetypi</strong></span> <span class='ocrx_word' id='word_1_98' title='bbox 1012 1550 1189 1627; x_wconf 89' lang='lat' dir='ltr'><strong>scripturam</strong></span> 
     </span>
     <span class='ocr_line' id='line_1_13' title="bbox 117 1652 1188 1738; baseline -0.004 -22"><span class='ocrx_word' id='word_1_99' title='bbox 117 1659 197 1718; x_wconf 80' lang='lat' dir='ltr'><strong>‚onus</strong></span> <span class='ocrx_word' id='word_1_100' title='bbox 221 1659 360 1738; x_wconf 80' lang='lat' dir='ltr'><strong>restituit,</strong></span> <span class='ocrx_word' id='word_1_101' title='bbox 385 1656 437 1718; x_wconf 91' lang='lat' dir='ltr'><strong>ubi</strong></span> <span class='ocrx_word' id='word_1_102' title='bbox 459 1675 528 1719; x_wconf 85' lang='lat' dir='ltr'><strong>cunt</strong></span> <span class='ocrx_word' id='word_1_103' title='bbox 552 1660 584 1718; x_wconf 86' lang='lat' dir='ltr'><strong>in</strong></span> <span class='ocrx_word' id='word_1_104' title='bbox 606 1661 744 1733; x_wconf 75' lang='lat' dir='ltr'><strong>iuperunt</strong></span> <span class='ocrx_word' id='word_1_105' title='bbox 768 1654 958 1716; x_wconf 87' lang='lat' dir='ltr'><strong>scribendum</strong></span> <span class='ocrx_word' id='word_1_106' title='bbox 977 1672 1043 1715; x_wconf 87' lang='lat' dir='ltr'><strong>esse</strong></span> <span class='ocrx_word' id='word_1_107' title='bbox 1067 1652 1188 1715; x_wconf 88' lang='lat' dir='ltr'><strong>Schnei-</strong></span> 
     </span>
     <span class='ocr_line' id='line_1_14' title="bbox 116 1761 1188 1846; baseline -0.004 -22"><span class='ocrx_word' id='word_1_108' title='bbox 116 1783 143 1824; x_wconf 85' lang='lat' dir='ltr'><strong>us</strong></span> <span class='ocrx_word' id='word_1_109' title='bbox 159 1767 295 1846; x_wconf 89' lang='lat' dir='ltr'><strong>coniecit,</strong></span> <span class='ocrx_word' id='word_1_110' title='bbox 319 1783 415 1844; x_wconf 85' lang='lat' dir='ltr'><strong>neque</strong></span> <span class='ocrx_word' id='word_1_111' title='bbox 441 1774 537 1825; x_wconf 89' lang='lat' dir='ltr'><strong>tamen</strong></span> <span class='ocrx_word' id='word_1_112' title='bbox 562 1782 621 1843; x_wconf 89' lang='lat' dir='ltr'><strong>quo</strong></span> <span class='ocrx_word' id='word_1_113' title='bbox 644 1763 674 1824; x_wconf 91' lang='lat' dir='ltr'><strong>id</strong></span> <span class='ocrx_word' id='word_1_114' title='bbox 697 1765 844 1844; x_wconf 86' lang='lat' dir='ltr'><strong>pertineat</strong></span> <span class='ocrx_word' id='word_1_115' title='bbox 867 1761 1031 1842; x_wconf 89' lang='lat' dir='ltr'><strong>explicarit.</strong></span> <span class='ocrx_word' id='word_1_116' title='bbox 1068 1768 1098 1821; x_wconf 89' lang='lat' dir='ltr'><strong>et</strong></span> <span class='ocrx_word' id='word_1_117' title='bbox 1125 1778 1188 1821; x_wconf 91' lang='lat' dir='ltr'><strong>cor-</strong></span> 
     </span>
     <span class='ocr_line' id='line_1_15' title="bbox 116 1870 1189 1952; baseline -0.005 -21"><span class='ocrx_word' id='word_1_118' title='bbox 116 1878 139 1931; x_wconf 89' lang='lat' dir='ltr'><strong>ta</strong></span> <span class='ocrx_word' id='word_1_119' title='bbox 161 1871 238 1932; x_wconf 90' lang='lat' dir='ltr'><strong>haud</strong></span> <span class='ocrx_word' id='word_1_120' title='bbox 262 1871 350 1933; x_wconf 88' lang='lat' dir='ltr'><strong>dubie</strong></span> <span class='ocrx_word' id='word_1_121' title='bbox 375 1880 445 1933; x_wconf 89' lang='lat' dir='ltr'><strong>sunt</strong></span> <span class='ocrx_word' id='word_1_122' title='bbox 466 1871 547 1952; x_wconf 82' lang='lat' dir='ltr'><strong>liaeo,</strong></span> <span class='ocrx_word' id='word_1_123' title='bbox 567 1890 635 1933; x_wconf 82' lang='lat' dir='ltr'><strong>cum</strong></span> <span class='ocrx_word' id='word_1_124' title='bbox 655 1875 686 1932; x_wconf 86' lang='lat' dir='ltr'><strong>in</strong></span> <span class='ocrx_word' id='word_1_125' title='bbox 705 1890 743 1933; x_wconf 86' lang='lat' dir='ltr'><strong>eo</strong></span> <span class='ocrx_word' id='word_1_126' title='bbox 763 1875 902 1947; x_wconf 75' lang='lat' dir='ltr'><strong>iupcrum</strong></span> <span class='ocrx_word' id='word_1_127' title='bbox 922 1872 1053 1931; x_wconf 82' lang='lat' dir='ltr'><strong>dicotur.</strong></span> <span class='ocrx_word' id='word_1_128' title='bbox 1091 1870 1189 1946; x_wconf 90' lang='lat' dir='ltr'><strong>itaque</strong></span> 
     </span>
     <span class='ocr_line' id='line_1_16' title="bbox 116 1977 1191 2059; baseline -0.001 -23"><span class='ocrx_word' id='word_1_129' title='bbox 116 1988 149 2038; x_wconf 72' lang='lat' dir='ltr'><strong>rto</strong></span> <span class='ocrx_word' id='word_1_130' title='bbox 171 1998 249 2054; x_wconf 84' lang='lat' dir='ltr'><strong>cum,</strong></span> <span class='ocrx_word' id='word_1_131' title='bbox 273 1979 352 2059; x_wconf 90' lang='lat' dir='ltr'><strong>qnod</strong></span> <span class='ocrx_word' id='word_1_132' title='bbox 376 1998 411 2040; x_wconf 83' lang='lat' dir='ltr'><strong>ex</strong></span> <span class='ocrx_word' id='word_1_133' title='bbox 432 1978 637 2059; x_wconf 89' lang='lat' dir='ltr'><strong>superioribus</strong></span> <span class='ocrx_word' id='word_1_134' title='bbox 656 1980 814 2058; x_wconf 84' lang='lat' dir='ltr'><strong>repetitum</strong></span> <span class='ocrx_word' id='word_1_135' title='bbox 830 1988 902 2058; x_wconf 88' lang='lat' dir='ltr'><strong>erat,</strong></span> <span class='ocrx_word' id='word_1_136' title='bbox 925 1977 1041 2057; x_wconf 81' lang='lat' dir='ltr'><strong>scripsi,</strong></span> <span class='ocrx_word' id='word_1_137' title='bbox 1059 1993 1127 2036; x_wconf 87' lang='lat' dir='ltr'><strong>cum</strong></span> <span class='ocrx_word' id='word_1_138' title='bbox 1147 1983 1191 2035; x_wconf 89' lang='lat' dir='ltr'><strong>cst</strong></span> 
     </span>
     <span class='ocr_line' id='line_1_17' title="bbox 116 2080 1239 2167; baseline 0.003 -24"><span class='ocrx_word' id='word_1_139' title='bbox 116 2091 172 2147; x_wconf 84' lang='lat' dir='ltr'><strong>&#39;uro</strong></span> <span class='ocrx_word' id='word_1_140' title='bbox 194 2080 289 2167; x_wconf 68' lang='lat' dir='ltr'><strong>repes,</strong></span> <span class='ocrx_word' id='word_1_141' title='bbox 316 2089 500 2148; x_wconf 79' lang='lat' dir='ltr'><strong>metendum:</strong></span> <span class='ocrx_word' id='word_1_142' title='bbox 528 2089 559 2146; x_wconf 88' lang='lat' dir='ltr'><strong>in</strong></span> <span class='ocrx_word' id='word_1_143' title='bbox 582 2103 617 2148; x_wconf 88' lang='lat' dir='ltr'><strong>co</strong></span> <span class='ocrx_word' id='word_1_144' title='bbox 641 2088 672 2146; x_wconf 86' lang='lat' dir='ltr'><strong>in</strong></span> <span class='ocrx_word' id='word_1_145' title='bbox 697 2089 835 2160; x_wconf 72' lang='lat' dir='ltr'><strong>iuperum</strong></span> <span class='ocrx_word' id='word_1_146' title='bbox 856 2083 926 2159; x_wconf 84' lang='lat' dir='ltr'><strong>sere</strong></span> <span class='ocrx_word' id='word_1_147' title='bbox 952 2101 1015 2143; x_wconf 84' lang='lat' dir='ltr'><strong>uno</strong></span> <span class='ocrx_word' id='word_1_148' title='bbox 1038 2099 1189 2159; x_wconf 85' lang='lat' dir='ltr'><strong>opero-</strong></span> <span class='ocrx_word' id='word_1_149' title='bbox 1235 2137 1239 2146; x_wconf 87' lang='lat'>.</span> 
     </span>
     <span class='ocr_line' id='line_1_18' title="bbox 116 2191 1189 2271; baseline -0.002 -20"><span class='ocrx_word' id='word_1_150' title='bbox 116 2193 217 2254; x_wconf 78' lang='lat' dir='ltr'><strong>iesse</strong></span> <span class='ocrx_word' id='word_1_151' title='bbox 244 2196 367 2254; x_wconf 76' lang='lat' dir='ltr'><strong>elicitur.</strong></span> <span class='ocrx_word' id='word_1_152' title='bbox 404 2195 434 2254; x_wconf 93' lang='lat' dir='ltr'><strong>in</strong></span> <span class='ocrx_word' id='word_1_153' title='bbox 465 2191 601 2254; x_wconf 86' lang='lat' dir='ltr'><strong>metendo</strong></span> <span class='ocrx_word' id='word_1_154' title='bbox 630 2210 688 2253; x_wconf 89' lang='lat' dir='ltr'><strong>una</strong></span> <span class='ocrx_word' id='word_1_155' title='bbox 720 2191 783 2252; x_wconf 89' lang='lat' dir='ltr'><strong>lere</strong></span> <span class='ocrx_word' id='word_1_156' title='bbox 811 2208 901 2271; x_wconf 88' lang='lat' dir='ltr'><strong>opera</strong></span> <span class='ocrx_word' id='word_1_157' title='bbox 929 2191 958 2250; x_wconf 91' lang='lat' dir='ltr'><strong>in</strong></span> <span class='ocrx_word' id='word_1_158' title='bbox 991 2191 1127 2268; x_wconf 76' lang='lat' dir='ltr'><strong>iugerum</strong></span> <span class='ocrx_word' id='word_1_159' title='bbox 1159 2192 1189 2249; x_wconf 93' lang='lat' dir='ltr'><strong>in</strong></span> 
     </span>
     <span class='ocr_line' id='line_1_19' title="bbox 116 2295 1189 2380; baseline 0.001 -25"><span class='ocrx_word' id='word_1_160' title='bbox 116 2296 271 2380; x_wconf 89' lang='lat' dir='ltr'><strong>liquidem</strong></span> <span class='ocrx_word' id='word_1_161' title='bbox 295 2318 375 2380; x_wconf 84' lang='lat' dir='ltr'><strong>agro,</strong></span> <span class='ocrx_word' id='word_1_162' title='bbox 403 2299 455 2361; x_wconf 93' lang='lat' dir='ltr'><strong>ubi</strong></span> <span class='ocrx_word' id='word_1_163' title='bbox 479 2302 576 2361; x_wconf 87' lang='lat' dir='ltr'><strong>minus</strong></span> <span class='ocrx_word' id='word_1_164' title='bbox 599 2298 689 2360; x_wconf 86' lang='lat' dir='ltr'><strong>densa</strong></span> <span class='ocrx_word' id='word_1_165' title='bbox 713 2317 799 2378; x_wconf 84' lang='lat' dir='ltr'><strong>seges</strong></span> <span class='ocrx_word' id='word_1_166' title='bbox 822 2306 881 2378; x_wconf 90' lang='lat' dir='ltr'><strong>est,</strong></span> <span class='ocrx_word' id='word_1_167' title='bbox 911 2296 1048 2356; x_wconf 85' lang='lat' dir='ltr'><strong>sufficere</strong></span> <span class='ocrx_word' id='word_1_168' title='bbox 1073 2295 1189 2357; x_wconf 84' lang='lat' dir='ltr'><strong>dicitnr.</strong></span> 
     </span>
     <span class='ocr_line' id='line_1_20' title="bbox 116 2400 1189 2485; baseline 0.002 -23"><span class='ocrx_word' id='word_1_169' title='bbox 116 2410 128 2482; x_wconf 59' lang='grc' dir='ltr'><strong>ὲ,</strong></span> <span class='ocrx_word' id='word_1_170' title='bbox 140 2404 182 2467; x_wconf 77' lang='lat'><strong>22</strong></span> <span class='ocrx_word' id='word_1_171' title='bbox 208 2410 239 2467; x_wconf 85' lang='lat' dir='ltr'><strong>in</strong></span> <span class='ocrx_word' id='word_1_172' title='bbox 262 2414 383 2469; x_wconf 79' lang='lat' dir='ltr'><strong>centum</strong></span> <span class='ocrx_word' id='word_1_173' title='bbox 404 2425 474 2468; x_wconf 82' lang='lat' dir='ltr'><strong>sues</strong></span> <span class='ocrx_word' id='word_1_174' title='bbox 492 2409 594 2468; x_wconf 85' lang='lat' dir='ltr'><strong>decem</strong></span> <span class='ocrx_word' id='word_1_175' title='bbox 614 2424 718 2468; x_wconf 84' lang='lat' dir='ltr'><strong>verres</strong></span> <span class='ocrx_word' id='word_1_176' title='bbox 740 2408 815 2465; x_wconf 85' lang='lat' dir='ltr'><strong>satis</strong></span> <span class='ocrx_word' id='word_1_177' title='bbox 834 2422 898 2465; x_wconf 82' lang='lat' dir='ltr'><strong>esse</strong></span> <span class='ocrx_word' id='word_1_178' title='bbox 915 2409 1034 2480; x_wconf 83' lang='lat' dir='ltr'><strong>putant,</strong></span> <span class='ocrx_word' id='word_1_179' title='bbox 1059 2403 1083 2464; x_wconf 94' lang='lat' dir='ltr'><strong>ll</strong></span> <span class='ocrx_word' id='word_1_180' title='bbox 1103 2400 1189 2485; x_wconf 85' lang='lat'><strong>9,16</strong></span> 
     </span>
     <span class='ocr_line' id='line_1_21' title="bbox 116 2507 1189 2594; baseline -0.002 -24"><span class='ocrx_word' id='word_1_181' title='bbox 116 2509 232 2574; x_wconf 67' lang='lat' dir='ltr'><strong>undum</strong></span> <span class='ocrx_word' id='word_1_182' title='bbox 254 2516 329 2575; x_wconf 86' lang='lat' dir='ltr'><strong>sotis</strong></span> <span class='ocrx_word' id='word_1_183' title='bbox 352 2532 416 2576; x_wconf 85' lang='lat' dir='ltr'><strong>esse</strong></span> <span class='ocrx_word' id='word_1_184' title='bbox 435 2517 504 2588; x_wconf 83' lang='lat' dir='ltr'><strong>cluo,</strong></span> <span class='ocrx_word' id='word_1_185' title='bbox 529 2510 642 2594; x_wconf 87' lang='lat' dir='ltr'><strong>l16,3</strong></span> <span class='ocrx_word' id='word_1_186' title='bbox 666 2530 746 2588; x_wconf 80' lang='lat' dir='ltr'><strong>quoe</strong></span> <span class='ocrx_word' id='word_1_187' title='bbox 764 2529 839 2590; x_wconf 84' lang='lat' dir='ltr'><strong>opus</strong></span> <span class='ocrx_word' id='word_1_188' title='bbox 856 2518 927 2571; x_wconf 85' lang='lat' dir='ltr'><strong>sunt</strong></span> <span class='ocrx_word' id='word_1_189' title='bbox 945 2513 976 2571; x_wconf 87' lang='lat' dir='ltr'><strong>in</strong></span> <span class='ocrx_word' id='word_1_190' title='bbox 992 2507 1131 2586; x_wconf 75' lang='lat' dir='ltr'><strong>fundum.</strong></span> <span class='ocrx_word' id='word_1_191' title='bbox 1147 2541 1189 2552; x_wconf 90' lang='lat'>-</span> 
     </span>
     <span class='ocr_line' id='line_1_22' title="bbox 116 2615 1190 2699; baseline -0.001 -21"><span class='ocrx_word' id='word_1_192' title='bbox 116 2635 141 2678; x_wconf 67' lang='lat' dir='ltr'><strong>ia</strong></span> <span class='ocrx_word' id='word_1_193' title='bbox 166 2639 261 2699; x_wconf 89' lang='lat' dir='ltr'><strong>nuper</strong></span> <span class='ocrx_word' id='word_1_194' title='bbox 284 2619 475 2681; x_wconf 89' lang='lat' dir='ltr'><strong>Heidrichins</strong></span> <span class='ocrx_word' id='word_1_195' title='bbox 497 2619 669 2680; x_wconf 86' lang='lat' dir='ltr'><strong>Varronian.</strong></span> <span class='ocrx_word' id='word_1_196' title='bbox 688 2617 701 2677; x_wconf 89' lang='grc' dir='ltr'>Ι</span> <span class='ocrx_word' id='word_1_197' title='bbox 720 2638 749 2698; x_wconf 92' lang='lat' dir='ltr'><strong>p.</strong></span> <span class='ocrx_word' id='word_1_198' title='bbox 767 2615 811 2682; x_wconf 84' lang='lat'><strong>30</strong></span> <span class='ocrx_word' id='word_1_199' title='bbox 834 2620 875 2679; x_wconf 90' lang='lat' dir='ltr'><strong>ita</strong></span> <span class='ocrx_word' id='word_1_200' title='bbox 894 2616 1013 2678; x_wconf 86' lang='lat' dir='ltr'><strong>delendi</strong></span> <span class='ocrx_word' id='word_1_201' title='bbox 1031 2634 1118 2696; x_wconf 89' lang='lat' dir='ltr'><strong>posse</strong></span> <span class='ocrx_word' id='word_1_202' title='bbox 1137 2635 1190 2696; x_wconf 90' lang='lat' dir='ltr'><strong>pu·</strong></span> 
     </span>
     <span class='ocr_line' id='line_1_23' title="bbox 116 2726 632 2804; baseline 0.008 -22"><span class='ocrx_word' id='word_1_203' title='bbox 116 2732 131 2804; x_wconf 86' lang='lat' dir='ltr'><strong>t,</strong></span> <span class='ocrx_word' id='word_1_204' title='bbox 155 2736 189 2787; x_wconf 89' lang='lat' dir='ltr'><strong>ut</strong></span> <span class='ocrx_word' id='word_1_205' title='bbox 212 2735 293 2788; x_wconf 88' lang='lat' dir='ltr'><strong>esset</strong></span> <span class='ocrx_word' id='word_1_206' title='bbox 316 2730 347 2788; x_wconf 94' lang='lat' dir='ltr'><strong>in</strong></span> <span class='ocrx_word' id='word_1_207' title='bbox 372 2746 466 2788; x_wconf 89' lang='lat' dir='ltr'><strong>messe</strong></span> <span class='ocrx_word' id='word_1_208' title='bbox 491 2726 632 2789; x_wconf 85' lang='lat' dir='ltr'><strong>iacienda.</strong></span> 
     </span>
    </p>

    <p class='ocr_par' dir='ltr' id='par_1_5' title="bbox 115 2830 1191 3216">
     <span class='ocr_line' id='line_1_24' title="bbox 136 2830 1191 2914; baseline -0.003 -20"><span class='ocrx_word' id='word_1_209' title='bbox 136 2832 215 2894; x_wconf 89' lang='lat' dir='ltr'><strong>LIl</strong></span> <span class='ocrx_word' id='word_1_210' title='bbox 256 2833 364 2905; x_wconf 82' lang='lat' dir='ltr'><strong>Quarn</strong></span> <span class='ocrx_word' id='word_1_211' title='bbox 402 2834 563 2914; x_wconf 79' lang='lat' dir='ltr'><strong>perflare</strong></span> <span class='ocrx_word' id='word_1_212' title='bbox 596 2836 713 2914; x_wconf 92' lang='lat' dir='ltr'><strong>possit</strong></span> <span class='ocrx_word' id='word_1_213' title='bbox 747 2830 895 2910; x_wconf 89' lang='lat' dir='ltr'><strong>uentus]</strong></span> <span class='ocrx_word' id='word_1_214' title='bbox 938 2834 1023 2905; x_wconf 78' lang='lat' dir='ltr'><strong>Quae</strong></span> <span class='ocrx_word' id='word_1_215' title='bbox 1054 2833 1191 2909; x_wconf 78' lang='lat' dir='ltr'><strong>perflare</strong></span> 
     </span>
     <span class='ocr_line' id='line_1_25' title="bbox 118 2939 1191 3021; baseline 0 -23"><span class='ocrx_word' id='word_1_216' title='bbox 118 2957 139 2998; x_wconf 95' lang='lat' dir='ltr'><strong>o</strong></span> <span class='ocrx_word' id='word_1_217' title='bbox 158 2940 270 3001; x_wconf 79' lang='lat' dir='ltr'><strong>Aldina.</strong></span> <span class='ocrx_word' id='word_1_218' title='bbox 311 2960 401 3017; x_wconf 84' lang='lat' dir='ltr'><strong>qnam</strong></span> <span class='ocrx_word' id='word_1_219' title='bbox 420 2940 560 3021; x_wconf 75' lang='lat' dir='ltr'><strong>Angelius</strong></span> <span class='ocrx_word' id='word_1_220' title='bbox 579 2949 609 3002; x_wconf 92' lang='lat' dir='ltr'><strong>et</strong></span> <span class='ocrx_word' id='word_1_221' title='bbox 628 2950 695 3021; x_wconf 93' lang='lat' dir='ltr'><strong>post</strong></span> <span class='ocrx_word' id='word_1_222' title='bbox 714 2940 793 3002; x_wconf 90' lang='lat' dir='ltr'><strong>hunc</strong></span> <span class='ocrx_word' id='word_1_223' title='bbox 812 2939 962 3001; x_wconf 89' lang='lat' dir='ltr'><strong>Victorius</strong></span> <span class='ocrx_word' id='word_1_224' title='bbox 981 2939 1191 2999; x_wconf 89' lang='lat' dir='ltr'><strong>restituerunt:</strong></span> 
     </span>
     <span class='ocr_line' id='line_1_26' title="bbox 115 3041 1189 3128; baseline -0.006 -19"><span class='ocrx_word' id='word_1_225' title='bbox 115 3041 170 3127; x_wconf 83' lang='grc'><strong>’,1</strong></span> <span class='ocrx_word' id='word_1_226' title='bbox 198 3052 352 3123; x_wconf 71' lang='lat' dir='ltr'><strong>arenaria</strong></span> <span class='ocrx_word' id='word_1_227' title='bbox 380 3052 535 3123; x_wconf 77' lang='lat' dir='ltr'><strong>sublimia,</strong></span> <span class='ocrx_word' id='word_1_228' title='bbox 562 3066 641 3124; x_wconf 81' lang='lat' dir='ltr'><strong>quoe</strong></span> <span class='ocrx_word' id='word_1_229' title='bbox 656 3051 840 3128; x_wconf 74' lang='lat' dir='ltr'><strong>perflantur,</strong></span> <span class='ocrx_word' id='word_1_230' title='bbox 873 3042 964 3127; x_wconf 83' lang='lat'><strong>59,1</strong></span> <span class='ocrx_word' id='word_1_231' title='bbox 990 3053 1023 3105; x_wconf 86' lang='lat' dir='ltr'><strong>ut</strong></span> <span class='ocrx_word' id='word_1_232' title='bbox 1046 3062 1101 3106; x_wconf 85' lang='lat' dir='ltr'><strong>ece</strong></span> <span class='ocrx_word' id='word_1_233' title='bbox 1120 3064 1189 3120; x_wconf 86' lang='lat' dir='ltr'><strong>per·</strong></span> 
     </span>
     <span class='ocr_line' id='line_1_27' title="bbox 118 3163 307 3216; baseline 0.016 -3"><span class='ocrx_word' id='word_1_234' title='bbox 118 3172 161 3213; x_wconf 84' lang='lat' dir='ltr'><strong>ur</strong></span> <span class='ocrx_word' id='word_1_235' title='bbox 185 3163 307 3216; x_wconf 83' lang='lat' dir='ltr'><strong>curant.</strong></span> 
     </span>
    </p>

    <p class='ocr_par' dir='ltr' id='par_1_6' title="bbox 115 3258 1191 3551">
     <span class='ocr_line' id='line_1_28' title="bbox 138 3258 1189 3343; baseline -0.004 -22"><span class='ocrx_word' id='word_1_236' title='bbox 138 3260 259 3322; x_wconf 89' lang='lat' dir='ltr'><strong>Solida</strong></span> <span class='ocrx_word' id='word_1_237' title='bbox 283 3271 381 3323; x_wconf 90' lang='lat' dir='ltr'><strong>terra</strong></span> <span class='ocrx_word' id='word_1_238' title='bbox 406 3265 527 3343; x_wconf 89' lang='lat' dir='ltr'><strong>panita</strong></span> <span class='ocrx_word' id='word_1_239' title='bbox 557 3263 704 3322; x_wconf 88' lang='lat' dir='ltr'><strong>maxime</strong></span> <span class='ocrx_word' id='word_1_240' title='bbox 732 3263 762 3321; x_wconf 91' lang='lat' dir='ltr'><strong>si</strong></span> <span class='ocrx_word' id='word_1_241' title='bbox 785 3269 840 3320; x_wconf 90' lang='lat' dir='ltr'><strong>est</strong></span> <span class='ocrx_word' id='word_1_242' title='bbox 863 3258 992 3338; x_wconf 79' lang='lat' dir='ltr'><strong>argilla</strong></span> <span class='ocrx_word' id='word_1_243' title='bbox 1020 3275 1061 3316; x_wconf 94' lang='lat' dir='ltr'><strong>ne</strong></span> <span class='ocrx_word' id='word_1_244' title='bbox 1090 3265 1189 3317; x_wconf 87' lang='lat' dir='ltr'><strong>aestu</strong></span> 
     </span>
     <span class='ocr_line' id='line_1_29' title="bbox 115 3354 1190 3447; baseline -0.003 -22"><span class='ocrx_word' id='word_1_245' title='bbox 115 3371 233 3428; x_wconf 79' lang='lat' dir='ltr'><strong>rinosa</strong></span> <span class='ocrx_word' id='word_1_246' title='bbox 263 3371 297 3429; x_wconf 94' lang='lat' dir='ltr'><strong>in</strong></span> <span class='ocrx_word' id='word_1_247' title='bbox 328 3371 431 3429; x_wconf 87' lang='lat' dir='ltr'><strong>rimis</strong></span> <span class='ocrx_word' id='word_1_248' title='bbox 459 3371 537 3429; x_wconf 88' lang='lat' dir='ltr'><strong>eius</strong></span> <span class='ocrx_word' id='word_1_249' title='bbox 565 3386 673 3447; x_wconf 79' lang='lat' dir='ltr'><strong>grana</strong></span> <span class='ocrx_word' id='word_1_250' title='bbox 697 3363 935 3444; x_wconf 86' lang='lat' dir='ltr'><strong>oblitescant]</strong></span> <span class='ocrx_word' id='word_1_251' title='bbox 968 3354 1072 3426; x_wconf 85' lang='lat' dir='ltr'><strong>Solido</strong></span> <span class='ocrx_word' id='word_1_252' title='bbox 1105 3370 1190 3424; x_wconf 86' lang='lat' dir='ltr'><strong>terro</strong></span> 
     </span>
     <span class='ocr_line' id='line_1_30' title="bbox 115 3473 1191 3551; baseline -0.005 -18"><span class='ocrx_word' id='word_1_253' title='bbox 115 3481 165 3548; x_wconf 84' lang='lat' dir='ltr'><strong>tc,</strong></span> <span class='ocrx_word' id='word_1_254' title='bbox 193 3479 326 3536; x_wconf 84' lang='lat' dir='ltr'><strong>maxime</strong></span> <span class='ocrx_word' id='word_1_255' title='bbox 352 3480 380 3536; x_wconf 83' lang='lat' dir='ltr'><strong>ri</strong></span> <span class='ocrx_word' id='word_1_256' title='bbox 407 3484 450 3538; x_wconf 86' lang='lat' dir='ltr'><strong>cst</strong></span> <span class='ocrx_word' id='word_1_257' title='bbox 479 3479 638 3551; x_wconf 75' lang='lat' dir='ltr'><strong>crpiitosu,</strong></span> <span class='ocrx_word' id='word_1_258' title='bbox 669 3493 707 3536; x_wconf 88' lang='lat' dir='ltr'><strong>nc</strong></span> <span class='ocrx_word' id='word_1_259' title='bbox 735 3482 820 3535; x_wconf 84' lang='lat' dir='ltr'><strong>aestu</strong></span> <span class='ocrx_word' id='word_1_260' title='bbox 845 3476 1018 3551; x_wconf 85' lang='lat' dir='ltr'><strong>perrimoro</strong></span> <span class='ocrx_word' id='word_1_261' title='bbox 1047 3474 1077 3531; x_wconf 86' lang='lat' dir='ltr'><strong>in</strong></span> <span class='ocrx_word' id='word_1_262' title='bbox 1105 3473 1191 3530; x_wconf 87' lang='lat' dir='ltr'><strong>rimis</strong></span> 
     </span>
    </p>

    <p class='ocr_par' dir='ltr' id='par_1_7' title="bbox 114 3580 1193 4521">
     <span class='ocr_line' id='line_1_31' title="bbox 137 3580 1193 3663; baseline -0.006 -21"><span class='ocrx_word' id='word_1_263' title='bbox 137 3601 240 3656; x_wconf 79' lang='lat' dir='ltr'><strong>prono</strong></span> <span class='ocrx_word' id='word_1_264' title='bbox 263 3585 440 3644; x_wconf 81' lang='lat' dir='ltr'><strong>oblitescant</strong></span> <span class='ocrx_word' id='word_1_265' title='bbox 464 3581 587 3663; x_wconf 86' lang='lat' dir='ltr'><strong>Merula,</strong></span> <span class='ocrx_word' id='word_1_266' title='bbox 617 3584 714 3643; x_wconf 83' lang='lat' dir='ltr'><strong>raticio</strong></span> <span class='ocrx_word' id='word_1_267' title='bbox 738 3589 824 3642; x_wconf 85' lang='lat' dir='ltr'><strong>terro</strong></span> <span class='ocrx_word' id='word_1_268' title='bbox 844 3583 989 3657; x_wconf 81' lang='lat' dir='ltr'><strong>punitam,</strong></span> <span class='ocrx_word' id='word_1_269' title='bbox 1012 3580 1144 3639; x_wconf 79' lang='lat' dir='ltr'><strong>maxime</strong></span> <span class='ocrx_word' id='word_1_270' title='bbox 1164 3580 1193 3636; x_wconf 85' lang='lat' dir='ltr'><strong>si</strong></span> 
     </span>
     <span class='ocr_line' id='line_1_32' title="bbox 115 3686 1191 3770; baseline -0.002 -24"><span class='ocrx_word' id='word_1_271' title='bbox 115 3693 270 3770; x_wconf 74' lang='lat' dir='ltr'><strong>arpiliosc,</strong></span> <span class='ocrx_word' id='word_1_272' title='bbox 290 3709 329 3750; x_wconf 85' lang='lat' dir='ltr'><strong>ne</strong></span> <span class='ocrx_word' id='word_1_273' title='bbox 349 3698 433 3751; x_wconf 82' lang='lat' dir='ltr'><strong>aestu</strong></span> <span class='ocrx_word' id='word_1_274' title='bbox 454 3693 566 3750; x_wconf 84' lang='lat' dir='ltr'><strong>rimosa</strong></span> <span class='ocrx_word' id='word_1_275' title='bbox 581 3707 646 3768; x_wconf 90' lang='lat' dir='ltr'><strong>sqq.</strong></span> <span class='ocrx_word' id='word_1_276' title='bbox 660 3686 821 3767; x_wconf 84' lang='lat' dir='ltr'><strong>Iucundos,</strong></span> <span class='ocrx_word' id='word_1_277' title='bbox 845 3686 896 3748; x_wconf 90' lang='lat' dir='ltr'><strong>ubi</strong></span> <span class='ocrx_word' id='word_1_278' title='bbox 913 3689 943 3746; x_wconf 89' lang='lat' dir='ltr'><strong>si</strong></span> <span class='ocrx_word' id='word_1_279' title='bbox 960 3694 1004 3748; x_wconf 84' lang='lat' dir='ltr'><strong>est</strong></span> <span class='ocrx_word' id='word_1_280' title='bbox 1022 3688 1134 3761; x_wconf 74' lang='lat' dir='ltr'><strong>crpitio</strong></span> <span class='ocrx_word' id='word_1_281' title='bbox 1153 3702 1191 3744; x_wconf 87' lang='lat' dir='ltr'><strong>ne</strong></span> 
     </span>
     <span class='ocr_line' id='line_1_33' title="bbox 115 3795 1191 3873; baseline -0.002 -19"><span class='ocrx_word' id='word_1_282' title='bbox 115 3812 139 3854; x_wconf 81' lang='lat' dir='ltr'><strong>u</strong></span> <span class='ocrx_word' id='word_1_283' title='bbox 166 3800 344 3873; x_wconf 77' lang='lat' dir='ltr'><strong>poeaninosn</strong></span> <span class='ocrx_word' id='word_1_284' title='bbox 378 3816 412 3857; x_wconf 87' lang='lat' dir='ltr'><strong>ex</strong></span> <span class='ocrx_word' id='word_1_285' title='bbox 447 3797 548 3858; x_wconf 88' lang='lat' dir='ltr'><strong>codice</strong></span> <span class='ocrx_word' id='word_1_286' title='bbox 581 3795 729 3857; x_wconf 89' lang='lat' dir='ltr'><strong>Victorius</strong></span> <span class='ocrx_word' id='word_1_287' title='bbox 748 3796 902 3855; x_wconf 56' lang='lat' dir='ltr'><strong>*restituit</strong></span> <span class='ocrx_word' id='word_1_288' title='bbox 946 3795 1072 3854; x_wconf 82' lang='lat' dir='ltr'><strong>solidam</strong></span> <span class='ocrx_word' id='word_1_289' title='bbox 1105 3800 1191 3853; x_wconf 84' lang='lat' dir='ltr'><strong>terro</strong></span> 
     </span>
     <span class='ocr_line' id='line_1_34' title="bbox 115 3903 1192 3980; baseline -0.004 -18"><span class='ocrx_word' id='word_1_290' title='bbox 115 3903 154 3963; x_wconf 79' lang='lat' dir='ltr'><strong>&#39;tu</strong></span> <span class='ocrx_word' id='word_1_291' title='bbox 177 3915 206 3964; x_wconf 92' lang='lat' dir='ltr'><strong>et</strong></span> <span class='ocrx_word' id='word_1_292' title='bbox 234 3903 341 3965; x_wconf 86' lang='lat' dir='ltr'><strong>deinde</strong></span> <span class='ocrx_word' id='word_1_293' title='bbox 370 3924 407 3966; x_wconf 86' lang='lat' dir='ltr'><strong>ne</strong></span> <span class='ocrx_word' id='word_1_294' title='bbox 437 3913 522 3966; x_wconf 82' lang='lat' dir='ltr'><strong>cestu</strong></span> <span class='ocrx_word' id='word_1_295' title='bbox 543 3908 601 3978; x_wconf 79' lang='lat' dir='ltr'><strong>fiat</strong></span> <span class='ocrx_word' id='word_1_296' title='bbox 624 3907 781 3980; x_wconf 84' lang='lat' dir='ltr'><strong>peminoso</strong></span> <span class='ocrx_word' id='word_1_297' title='bbox 809 3909 838 3962; x_wconf 85' lang='lat' dir='ltr'><strong>et</strong></span> <span class='ocrx_word' id='word_1_298' title='bbox 865 3903 997 3976; x_wconf 83' lang='lat' dir='ltr'><strong>recipiat</strong></span> <span class='ocrx_word' id='word_1_299' title='bbox 1024 3917 1135 3974; x_wconf 82' lang='lat' dir='ltr'><strong>aquom</strong></span> <span class='ocrx_word' id='word_1_300' title='bbox 1163 3907 1192 3958; x_wconf 87' lang='lat' dir='ltr'><strong>ct</strong></span> 
     </span>
     <span class='ocr_line' id='line_1_35' title="bbox 115 4002 1189 4088; baseline -0.004 -19"><span class='ocrx_word' id='word_1_301' title='bbox 115 4026 129 4068; x_wconf 82' lang='grc' dir='ltr'>ι</span> <span class='ocrx_word' id='word_1_302' title='bbox 144 4015 265 4088; x_wconf 83' lang='lat' dir='ltr'><strong>operiat</strong></span> <span class='ocrx_word' id='word_1_303' title='bbox 278 4015 415 4073; x_wconf 81' lang='lat' dir='ltr'><strong>muribus</strong></span> <span class='ocrx_word' id='word_1_304' title='bbox 429 4030 467 4073; x_wconf 84' lang='lat' dir='ltr'><strong>cc</strong></span> <span class='ocrx_word' id='word_1_305' title='bbox 479 4011 619 4087; x_wconf 80' lang='lat' dir='ltr'><strong>formicis</strong></span> <span class='ocrx_word' id='word_1_306' title='bbox 635 4010 767 4071; x_wconf 91' lang='lat' dir='ltr'><strong>Ursinus.</strong></span> <span class='ocrx_word' id='word_1_307' title='bbox 796 4006 872 4086; x_wconf 87' lang='lat' dir='ltr'><strong>apud</strong></span> <span class='ocrx_word' id='word_1_308' title='bbox 883 4006 1010 4067; x_wconf 87' lang='lat' dir='ltr'><strong>Nonium</strong></span> <span class='ocrx_word' id='word_1_309' title='bbox 1025 4024 1052 4084; x_wconf 92' lang='lat' dir='ltr'><strong>p.</strong></span> <span class='ocrx_word' id='word_1_310' title='bbox 1067 4002 1189 4084; x_wconf 83' lang='lat'><strong>163,11</strong></span> 
     </span>
     <span class='ocr_line' id='line_1_36' title="bbox 115 4114 1190 4200; baseline -0.002 -26"><span class='ocrx_word' id='word_1_311' title='bbox 115 4118 185 4180; x_wconf 62' lang='lat' dir='ltr'><strong>ibris</strong></span> <span class='ocrx_word' id='word_1_312' title='bbox 205 4138 292 4180; x_wconf 89' lang='lat' dir='ltr'><strong>manu</strong></span> <span class='ocrx_word' id='word_1_313' title='bbox 313 4121 431 4200; x_wconf 85' lang='lat' dir='ltr'><strong>scriptis</strong></span> <span class='ocrx_word' id='word_1_314' title='bbox 447 4119 519 4180; x_wconf 88' lang='lat' dir='ltr'><strong>haec</strong></span> <span class='ocrx_word' id='word_1_315' title='bbox 539 4121 578 4179; x_wconf 90' lang='lat' dir='ltr'><strong>ita</strong></span> <span class='ocrx_word' id='word_1_316' title='bbox 594 4117 741 4197; x_wconf 83' lang='lat' dir='ltr'><strong>leguntur,</strong></span> <span class='ocrx_word' id='word_1_317' title='bbox 757 4117 945 4177; x_wconf 83' lang='lat' dir='ltr'><strong>Peminosam</strong></span> <span class='ocrx_word' id='word_1_318' title='bbox 964 4115 1038 4174; x_wconf 85' lang='lat' dir='ltr'><strong>mcii</strong></span> <span class='ocrx_word' id='word_1_319' title='bbox 1055 4114 1190 4173; x_wconf 82' lang='lat' dir='ltr'><strong>odorisa</strong></span> 
     </span>
     <span class='ocr_line' id='line_1_37' title="bbox 114 4223 1191 4297; baseline -0.003 -15"><span class='ocrx_word' id='word_1_320' title='bbox 114 4241 165 4286; x_wconf 79' lang='lat' dir='ltr'><strong>ure</strong></span> <span class='ocrx_word' id='word_1_321' title='bbox 188 4228 315 4287; x_wconf 82' lang='lat' dir='ltr'><strong>dictum:</strong></span> <span class='ocrx_word' id='word_1_322' title='bbox 347 4226 445 4286; x_wconf 83' lang='lat' dir='ltr'><strong>Varro</strong></span> <span class='ocrx_word' id='word_1_323' title='bbox 474 4228 511 4287; x_wconf 82' lang='lat' dir='ltr'><strong>de</strong></span> <span class='ocrx_word' id='word_1_324' title='bbox 538 4245 574 4285; x_wconf 87' lang='lat' dir='ltr'><strong>re</strong></span> <span class='ocrx_word' id='word_1_325' title='bbox 597 4226 714 4284; x_wconf 83' lang='lat' dir='ltr'><strong>rustica</strong></span> <span class='ocrx_word' id='word_1_326' title='bbox 737 4223 825 4283; x_wconf 71' lang='lat' dir='ltr'><strong>tin]</strong></span> <span class='ocrx_word' id='word_1_327' title='bbox 850 4224 947 4283; x_wconf 82' lang='lat' dir='ltr'><strong>solido</strong></span> <span class='ocrx_word' id='word_1_328' title='bbox 971 4229 1056 4281; x_wconf 86' lang='lat' dir='ltr'><strong>terro</strong></span> <span class='ocrx_word' id='word_1_329' title='bbox 1075 4223 1191 4297; x_wconf 83' lang='lat' dir='ltr'><strong>pavita,</strong></span> 
     </span>
     <span class='ocr_line' id='line_1_38' title="bbox 115 4331 1191 4408; baseline 0 -21"><span class='ocrx_word' id='word_1_330' title='bbox 115 4335 182 4392; x_wconf 86' lang='lat' dir='ltr'><strong>:ime</strong></span> <span class='ocrx_word' id='word_1_331' title='bbox 208 4335 237 4392; x_wconf 83' lang='lat' dir='ltr'><strong>st</strong></span> <span class='ocrx_word' id='word_1_332' title='bbox 258 4340 302 4393; x_wconf 84' lang='lat' dir='ltr'><strong>est</strong></span> <span class='ocrx_word' id='word_1_333' title='bbox 325 4335 451 4408; x_wconf 73' lang='lat' dir='ltr'><strong>crpitio,</strong></span> <span class='ocrx_word' id='word_1_334' title='bbox 479 4350 517 4393; x_wconf 86' lang='lat' dir='ltr'><strong>ne</strong></span> <span class='ocrx_word' id='word_1_335' title='bbox 548 4335 608 4392; x_wconf 84' lang='lat' dir='ltr'><strong>situ</strong></span> <span class='ocrx_word' id='word_1_336' title='bbox 633 4333 789 4406; x_wconf 72' lang='lat' dir='ltr'><strong>pernitioso</strong></span> <span class='ocrx_word' id='word_1_337' title='bbox 819 4331 850 4388; x_wconf 87' lang='lat' dir='ltr'><strong>in</strong></span> <span class='ocrx_word' id='word_1_338' title='bbox 879 4331 966 4389; x_wconf 83' lang='lat' dir='ltr'><strong>rimis</strong></span> <span class='ocrx_word' id='word_1_339' title='bbox 996 4331 1062 4389; x_wconf 83' lang='lat' dir='ltr'><strong>eins</strong></span> <span class='ocrx_word' id='word_1_340' title='bbox 1087 4345 1191 4403; x_wconf 74' lang='lat' dir='ltr'><strong>prona</strong></span> 
     </span>
     <span class='ocr_line' id='line_1_39' title="bbox 114 4435 1190 4521; baseline -0.001 -25"><span class='ocrx_word' id='word_1_341' title='bbox 114 4442 231 4501; x_wconf 66' lang='lat' dir='ltr'><strong>tuconi.</strong></span> <span class='ocrx_word' id='word_1_342' title='bbox 274 4458 385 4521; x_wconf 87' lang='lat' dir='ltr'><strong>aream,</strong></span> <span class='ocrx_word' id='word_1_343' title='bbox 419 4438 454 4498; x_wconf 89' lang='lat' dir='ltr'><strong>de</strong></span> <span class='ocrx_word' id='word_1_344' title='bbox 483 4457 539 4517; x_wconf 90' lang='lat' dir='ltr'><strong>qua</strong></span> <span class='ocrx_word' id='word_1_345' title='bbox 568 4438 641 4498; x_wconf 88' lang='lat' dir='ltr'><strong>haec</strong></span> <span class='ocrx_word' id='word_1_346' title='bbox 669 4439 778 4517; x_wconf 90' lang='lat' dir='ltr'><strong>scripta</strong></span> <span class='ocrx_word' id='word_1_347' title='bbox 808 4444 892 4519; x_wconf 89' lang='lat' dir='ltr'><strong>sunt,</strong></span> <span class='ocrx_word' id='word_1_348' title='bbox 924 4454 959 4496; x_wconf 83' lang='lat' dir='ltr'><strong>ex</strong></span> <span class='ocrx_word' id='word_1_349' title='bbox 991 4435 1082 4496; x_wconf 91' lang='lat' dir='ltr'><strong>solida</strong></span> <span class='ocrx_word' id='word_1_350' title='bbox 1112 4442 1190 4496; x_wconf 86' lang='lat' dir='ltr'><strong>terra</strong></span> 
     </span>
    </p>
   </div>
   <div class='ocr_carea' id='block_1_3' title="bbox 0 0 1442 4994">
    <p class='ocr_par' dir='ltr' id='par_1_8' title="bbox 0 0 1442 4994">
     <span class='ocr_line' id='line_1_40' title="bbox 0 0 1442 4994; baseline 0 0"><span class='ocrx_word' id='word_1_351' title='bbox 0 0 1442 4994; x_wconf 95' lang='lat' dir='ltr'><strong> </strong></span> 
     </span>
    </p>
   </div>
  </div>
 </body>
</html>
