2874 4994
340 355 470 411 RERVM
488 354 728 412 RVSTICARVM
747 355 814 412 LIB.
833 358 860 411 fl
880 356 899 411 4
1127 349 1191 415 163

120 525 160 568 ον
186 501 244 569 διά
271 500 309 569 τὸ
332 501 391 583 τὰς
417 501 526 590 θηλὰς
553 505 774 586 σκανιζούσας
801 505 962 591 γάλακτος
993 511 1050 596 βία
1077 512 1191 593 θλιβο-

120 632 149 686 κς
176 603 242 676 ὑπο
266 611 335 676 τάν
363 606 515 679 ὀδόντων
547 611 739 680 ἑλκοῦσθαι.
784 612 920 680 ἐπειδάν
949 611 987 681 δὲ
1018 610 1099 700 μετὰ
1129 610 1191 700 τὴν

120 722 216 799 inurar
237 717 394 802 τέκωσιν,
417 715 574 797 ἐάσαντες
597 720 700 785 ταῦτα
722 716 894 803 μετὰτῶν
917 720 1069 808 μητέρων
1098 723 1192 808 δίμη-

120 818 222 906 ,μετά
241 825 345 890 ταῦτα
361 828 570 910 χωρίζουσιν.
607 829 699 891 Varro
719 848 827 910 porcos
845 833 910 910 ipso
929 833 1060 894 secundo
1080 852 1191 914 mense,

140 934 197 994 iarn
220 935 302 1013 pasci
324 942 464 1015 possunt,
488 954 503 995 a
527 935 673 997 matribus
696 938 813 997 secerni
841 935 921 1000 dicit
966 939 1065 1019 itaque
1094 939 1191 1001 deleto

120 1043 225 1102 romine
244 1058 283 1102 ec
305 1043 412 1121 scripsi
435 1045 578 1118 seeundo,
597 1060 666 1104 eum
686 1046 746 1103 iam
761 1047 853 1120 pasci
867 1053 1001 1121 possunt,
1019 1057 1192 1108 secernunt.

139 1151 305 1208 seeundum
324 1166 362 1210 ea
385 1165 440 1227 pro
460 1156 567 1226 postea
586 1149 707 1232 dictum,
727 1150 805 1229 quod
825 1150 1027 1213 Schneiderus
1046 1151 1189 1233 probavit,

123 1271 171 1313 um
195 1272 254 1314 non
278 1263 332 1314 est.

136 1360 234 1431 Qnod
260 1368 392 1421 matres
416 1373 659 1442 aspernantur
678 1372 829 1443 propter
847 1367 1100 1444 exsiguitetem
1121 1365 1189 1428 lac·

120 1466 209 1546 quod
240 1467 412 1529 dentibus
440 1472 651 1530 sauciantur
678 1481 871 1550 propterea
900 1471 1077 1550 mammae]
1106 1475 1195 1548 Quod

120 1592 161 1635 res
193 1593 243 1635 eoo
276 1583 484 1652 aspernantur
513 1576 679 1638 Pontedera
711 1596 738 1657 p.
758 1574 833 1639 426.
878 1585 909 1639 et
939 1582 1022 1655 quod
1053 1582 1193 1643 dentibus

120 1685 230 1743 riantur
253 1680 419 1764 iucundus,
450 1684 529 1761 quod
552 1683 701 1746 Victorius
729 1693 760 1745 et
789 1684 896 1746 deinde
923 1685 1032 1765 reliqui
1060 1687 1191 1749 editores

120 1796 235 1866 perunt.
278 1792 455 1850 senteutiam
489 1790 648 1852 verborum
681 1794 820 1872 aperiunt
852 1810 886 1853 ea
917 1811 991 1872 quae
1029 1792 1119 1875 supra
1155 1813 1191 1855 ex

120 1898 219 1956 ionicis
239 1895 387 1976 adscripta
407 1905 486 1958 sunt.
522 1907 633 1958 matres
657 1901 736 1960 enim
754 1907 952 1978 aspernantur
974 1918 1082 1980 porcos
1103 1919 1191 1981 prop·

120 2018 139 2080 a,
157 2002 237 2082 quod
261 2002 296 2063 ab
321 2003 378 2065 illis
402 2013 525 2085 propter
543 2007 733 2085 exiguitatem
752 2006 838 2067 lectis
857 2024 1000 2068 mammae
1019 2010 1193 2070 sauciantur

121 2107 191 2171 ihus.
606 2186 609 2191 y

138 2215 263 2277 Scrofa
286 2219 321 2277 in
345 2236 408 2279 sua
432 2237 594 2298 quaeque
622 2219 708 2281 hora
738 2238 821 2281 suos
843 2220 915 2282 alat
938 2231 1084 2301 oportet
1110 2241 1192 2302 por·

133 2341 199 2402 quo
224 2323 362 2384 alienos
386 2336 626 2405 aspernantur
649 2335 684 2387 et
707 2327 787 2388 ideo
816 2330 846 2388 si
869 2327 1079 2389 conturbati
1108 2339 1194 2390 sunt

120 2427 229 2490 'etura
252 2431 295 2491 lit
318 2425 492 2514 deterius]
513 2432 626 2508 Scrofa
649 2432 717 2495 libri
741 2436 953 2513 manuscripti
972 2432 1192 2517 etPolitianus,

129 2537 265 2613 scrofae,
289 2548 322 2599 ut
350 2539 426 2618 apud
450 2538 617 2600 Gesneruin
645 2542 873 2618 scriptumest.
918 2543 998 2601 tara
1026 2551 1057 2602 et
1084 2542 1190 2603 deinde

120 2660 127 2697 r
160 2649 275 2706 alienos
307 2654 493 2722 aspernatur
525 2645 651 2728 Merula,
680 2650 822 2722 quoniam
857 2651 972 2709 alienos
1004 2656 1190 2726 aspernatur

120 2751 214 2832 ndns,
241 2771 300 2828 quo
329 2757 443 2814 alienos
471 2761 657 2831 aspernatur
683 2753 839 2835 Angelius,
862 2772 921 2830 quo
948 2757 1064 2816 alienos
1087 2773 1192 2832 asper-

120 2864 166 2920 ζαν
189 2877 226 2919 ex
250 2859 352 2920 codice
375 2859 538 2943 Victorius,
561 2879 620 2936 quo
645 2865 759 2923 alienos
781 2869 928 2941 ομονιιοιιί
951 2860 1092 2942 Scaliger,
1115 2862 1193 2941 quod

120 2975 320 3046 iterpretatus
340 2976 394 3048 est,
413 2964 459 3028 ‘id
479 2976 525 3029 est
543 2976 695 3049 separent:
721 2986 864 3049 spernere
884 2970 963 3029 enim
982 2967 1059 3047 apud
1076 2978 1191 3029 veteres

120 3090 199 3155 rere,
229 3094 400 3156 secernere,
428 3094 576 3156 spargere.
623 3075 685 3136 vult
713 3078 805 3154 igitur
833 3075 962 3154 singulas
990 3075 1103 3134 scrolas
1131 3077 1193 3135 suis

120 3220 121 3228 ι
155 3184 300 3262 separari,
328 3193 361 3243 ut
388 3201 425 3243 ne
454 3182 541 3243 alieni
571 3180 685 3261 porculi
714 3177 963 3242 immisceantur'.
1008 3197 1067 3255 quo
1101 3184 1195 3242 alieni

120 3296 237 3350 nentur
251 3288 415 3350 Pontedera
430 3309 457 3368 p.
467 3286 541 3350 426.
567 3292 640 3364 quio
659 3291 774 3349 alienos
792 3306 852 3349 non
870 3294 1057 3365 aspernatur
1071 3286 1192 3349 Schnei-

120 3412 154 3457 s:
177 3413 245 3456 nam
268 3399 308 3457 ita
332 3396 437 3478 voluit,
461 3403 668 3473 aspernentur
690 3398 754 3475 ipso
783 3397 875 3456 invito
898 3397 929 3456 in
953 3394 1082 3456 editione
1105 3394 1189 3456 relic·

135 3513 189 3563 est.
227 3506 310 3579 quod
331 3508 445 3565 alienos
468 3520 528 3565 non
547 3512 755 3581 aspernentur
774 3501 911 3565 Reiterus
935 3511 1048 3583 quaest
1068 3501 1191 3564 Varron.

120 3627 168 3670 rm.
196 3629 224 3690 p.
246 3608 318 3673 103.
365 3612 478 3673 scrofas
512 3629 570 3671 non
599 3613 752 3691 aspernari
779 3610 890 3672 alienos
917 3628 1038 3692 porcos,
1062 3613 1119 3672 uisi
1149 3609 1192 3671 illi

120 3725 231 3798 rentur,
254 3718 362 3779 docent
384 3720 546 3799 geoponica
570 3714 687 3800 xixo,
706 3716 745 3779 11
770 3712 825 3779 καί
848 3709 989 3797 ἑκάστην
1013 3712 1051 3780 δὲ
1073 3725 1190 3800 χοῖρον

120 3838 224 3885 ουσαν
246 3819 283 3886 ἐν
306 3818 466 3900 ἰδιάζοντι
485 3822 599 3910 συφεῷ
618 3818 810 3906 oppletum,
829 3815 914 3886 ὥστε
936 3816 981 3906 μὴ
1006 3824 1191 3904 μίγνυσθαι

120 3922 201 4007 ilices
223 3924 263 3992 τά
287 3925 375 4012 παρά
400 3925 576 4014 διαφόρων
597 3925 775 4012 τικτόμενα
807 3924 891 4012 πρός
912 3950 947 3992 τε
969 3922 1028 4004 τάς
1051 3926 1193 4015 μητέρας

128 4031 235 4119 γονὴν
259 4033 313 4099 καὶ
336 4032 377 4100 τὰ
400 4037 546 4122 χοιρίδια
569 4039 807 4115 συνεθίζεσθαι
830 4045 902 4112 ταῖς
920 4033 1100 4112 τεκούσαις.
1130 4031 1191 4101 ἐάν

138 4137 296 4226 ἀλλήλοις
328 4150 553 4228 συναναμιγῇ,
586 4137 757 4208 άδύνατον
790 4141 976 4225 διαγνῶναι
1018 4138 1101 4208 αὐτά
1134 4139 1194 4221 τάς

123 4247 214 4326 douc.
236 4249 368 4333 βέλτιον
392 4249 440 4332 δέ,
460 4252 490 4314 εί
512 4246 630 4333 ἑκάστη
654 4250 758 4336 τρέφῃ
776 4245 815 4315 τά
836 4250 916 4315 ἴδια.
952 4253 1089 4315 similiter
1108 4254 1193 4317 Colu-

120 4380 133 4421 a
156 4357 312 4441 vt19‚11
334 4361 483 4437 facillime
507 4364 609 4438 porci,
631 4365 660 4421 si
681 4364 834 4422 evaserint
855 4361 983 4434 doram,
1006 4365 1134 4424 miscent
1161 4381 1195 4425 se

120 4466 222 4547 croso,
253 4485 322 4528 cum
349 4471 628 4544 accersitumque
659 4471 758 4529 alieno
786 4486 825 4530 oc
850 4485 905 4534 seo
931 4470 1063 4546 praeder
1087 4472 1192 4532 ubere

930 4569 984 4624 11*
