2874 4994
363 333 411 390 DE
430 326 519 384 AGRI
538 329 710 385 CVLTVRA
730 331 871 386 LIBRVM
890 331 919 388 C.
936 331 1068 391 38-40
1248 326 1290 391 75

137 495 171 549 et
191 507 262 550 cum
281 491 449 550 accusativo
463 495 575 550 etcum
590 484 715 547 ablativo
730 504 801 548 casu
816 487 852 549 ab
866 506 902 549 eo
916 491 1046 568 positum
1060 508 1126 551 esse
1140 499 1289 572 putarent,

137 596 224 676 quod
248 615 328 658 nunc
347 597 531 676 grammatici
550 614 586 656 ex
605 594 820 656 cousuetudine
839 594 969 675 vulgaris
987 599 1134 658 sermonis
1152 597 1290 659 relictum

137 722 210 764 esse
230 705 400 766 existimare
415 704 519 765 solent.
548 701 682 780 exempla
697 703 761 762 eius
776 701 979 781 neglegentiae
994 722 1029 764 ex
1044 705 1289 784 inscriptionibus

139 819 172 871 et
196 829 233 872 ex
253 811 451 891 scriptoribus
470 828 567 889 nuper
585 808 868 870 Scboendoeriierus
887 810 924 871 de
943 813 1070 888 genuina
1089 809 1150 874 Cat.
1169 812 1205 873 de
1227 815 1288 891 agri

138 937 166 978 o.
191 916 263 979 iibri
285 919 379 979 iorma
402 937 430 998 p.
450 916 566 996 3lsqq.
590 917 766 996 composuit.
803 917 855 978 sed
878 919 909 978 in
929 917 1049 978 Catonis
1072 918 1147 979 libro
1171 927 1289 998 praeter

140 1043 175 1085 ea
212 1042 287 1104 quae
318 1042 407 1104 supra
436 1027 531 1104 posita
559 1032 630 1084 snut
657 1031 797 1102 corrupta
826 1042 891 1084 esse
920 1033 992 1103 puto
1020 1025 1107 1105 baec,
1139 1021 1228 1106 521
1258 1031 1290 1087 iu

140 1133 287 1192 arborem
310 1135 488 1207 relinquito:
511 1150 578 1192 uam
602 1135 634 1192 in
657 1134 770 1192 arbore
792 1134 954 1207 relinquito
978 1132 1015 1192 de
1034 1132 1137 1218 eadem
1156 1151 1189 1193 re
1208 1141 1289 1194 recte

142 1239 291 1317 scriptum
318 1247 365 1299 est
393 1235 467 1319 133,
486 1236 520 1318 33
552 1247 582 1299 et
613 1233 721 1318 157,1
752 1257 831 1313 quae
859 1247 986 1299 uocatur
1013 1219 1123 1317 septem
1152 1242 1231 1300 bona
1259 1243 1290 1301 in

141 1349 390 1420 commixturam,
424 1343 473 1406 ubi
501 1364 581 1421 quae
607 1353 757 1407 uocantur
783 1352 894 1423 septem
921 1349 999 1408 bona
1028 1350 1059 1407 in
1087 1350 1290 1409 commixtura

142 1452 338 1514 scribendum
365 1470 431 1513 esse
458 1454 587 1533 conieoi;
618 1459 649 1512 et
676 1449 767 1533 88,2
795 1470 861 1514 eam
888 1457 1020 1514 muriam
1048 1457 1079 1515 in
1107 1456 1217 1515 labella
1246 1458 1293 1514 nel

143 1563 175 1620 in
197 1563 323 1636 patinas
346 1563 377 1620 in
400 1564 462 1621 sole
481 1563 595 1637 ponito,
619 1577 693 1637 quae
717 1561 781 1621 sine
801 1558 891 1620 verbo
910 1560 968 1621 dici
988 1579 1047 1621 non
1066 1568 1212 1640 poterant,
1235 1560 1288 1620 sed

142 1666 303 1745 legendum
336 1675 382 1728 est
412 1685 479 1729 eam
511 1670 643 1728 niarium
675 1670 706 1727 in
738 1669 847 1728 labella
880 1672 927 1729 uel
958 1672 989 1729 in
1018 1672 1144 1745 patinas
1176 1669 1288 1741 diffun·
1325 1718 1328 1722 ,

142 1777 221 1850 atta,
250 1777 281 1835 in
308 1777 370 1835 sole
393 1777 506 1851 ponito.
552 1773 599 1834 bis
627 1775 718 1853 igitur
746 1776 877 1855 omissis,
905 1793 979 1853 quae
1004 1776 1074 1835 vitio
1098 1774 1287 1835 librariorum

141 1883 246 1960 potius
272 1899 361 1961 mam
387 1880 589 1960 neglegentiae
613 1882 768 1960 scriptoris
792 1880 949 1943 tribuenda
973 1900 1038 1942 esse
1062 1889 1148 1962 puto,
1175 1889 1289 1942 restant

140 1987 230 2068 baec,
257 1989 288 2048 in
317 1986 426 2066 quibus
453 1995 576 2066 propter
598 1989 749 2049 notionem
773 1988 946 2049 directionis
970 1990 1000 2048 in
1024 1988 1151 2067 aliquam
1173 1995 1288 2067 partem

141 2114 220 2174 quae
244 2099 321 2158 inest
344 2099 531 2157 accusativus
554 2114 641 2157 casus
665 2098 779 2175 positus
803 2105 858 2177 est,
880 2093 968 2175 21,3
991 2114 1053 2171 pua
1068 2099 1128 2170 fini
1145 2099 1176 2156 in
1195 2098 1287 2155 modi·

141 2207 207 2265 olas
225 2208 294 2278 erit,
317 2201 369 2284 20,
384 2201 405 2264 2
423 2207 566 2265 modiolos
586 2208 617 2264 in
636 2205 718 2264 orbis
736 2207 908 2279 oleagineos
927 2222 967 2264 ea
985 2207 1081 2265 orcita
1099 2207 1165 2264 olea
1181 2201 1297 2278 facito„

142 2306 220 2393 135,
234 2308 254 2372 6
270 2311 412 2386 foramen
432 2315 463 2371 in
482 2313 565 2372 orbis
583 2314 762 2387 semipedem
782 2328 899 2386 quoquo
919 2328 1037 2371 uersum
1053 2310 1159 2385 facito,
1186 2306 1288 2387 141,4

138 2421 170 2478 si
192 2421 292 2479 minus
315 2421 347 2479 in
370 2422 465 2479 omnis
488 2421 594 2493 litabit,
619 2427 731 2508 elnon
755 2416 854 2477 addito
879 2416 968 2478 verbo
986 2413 1048 2478 136
1068 2420 1100 2476 in
1116 2420 1288 2493 pistrinum,

144 2520 256 2603 150,1
288 2528 319 2584 in
343 2523 491 2600 fructum.
537 2524 573 2584 de
601 2522 699 2584 verbis
728 2541 796 2584 cum
824 2527 854 2584 in
879 2524 1097 2603 praepositione
1121 2524 1289 2584 coniunctis

141 2629 206 2689 dixi
231 2630 308 2690 inira
331 2626 383 2711 52,
397 2627 427 2691 2.
473 2638 626 2709 praeterea
654 2632 684 2690 in
709 2632 883 2709 pronomine
906 2648 973 2691 eum
997 2628 1141 2708 singulari
1164 2647 1289 2691 numero

140 2742 214 2816 post
236 2734 379 2815 pluralem
403 2740 567 2798 laterculos
590 2738 687 2816 posito
711 2737 841 2797 editores
864 2736 1065 2817 offenderunt3
1089 2756 1138 2799 eos
1157 2735 1288 2798 scriben-

141 2843 215 2903 dum
244 2859 309 2903 esse
335 2841 405 2903 oiim
429 2844 552 2903 conieci.
598 2861 614 2902 a
637 2842 767 2904 Varrone
792 2862 856 2904 eam
879 2862 1073 2905 numerorum
1096 2847 1288 2905 mutationem

139 2951 172 3010 in
197 2948 425 3028 pronominibus
449 2928 567 3029 saepius
590 2949 748 3011 admissam
771 2970 837 3012 esse
861 2953 960 3012 notavi
979 2950 1059 3012 Varr.
1079 2970 1103 3011 r.
1123 2969 1145 3011 r.
1165 2948 1243 3029 134,
1258 2948 1288 3011 4.

140 3076 180 3117 ex
204 3055 325 3117 Catonis
352 3056 428 3117 libro
456 3057 516 3118 buc
544 3059 695 3136 pertinent
722 3058 808 3133 baec,
836 3056 856 3120 9
883 3062 993 3119 salicta
1019 3091 1058 3101 -
1084 3067 1112 3119 et
1136 3061 1169 3119 id
1190 3061 1288 3119 videto

140 3167 191 3225 uti
213 3171 269 3224 aut
291 3166 410 3224 domino
433 3182 508 3241 opus
530 3168 587 3225 siet
610 3172 664 3225 aut
687 3172 721 3224 ut
742 3168 874 3227 vendere
893 3169 996 3242 possit.
1030 3173 1125 3241 prata
1147 3169 1289 3240 inripiuu,

139 3275 171 3332 si
197 3288 310 3346 aquam
336 3272 474 3351 babebis,
503 3274 536 3331 id
559 3275 745 3348 potissimum
769 3271 876 3348 facito.
922 3290 1099 3350 quamquam
1128 3275 1158 3331 in
1183 3283 1288 3332 neutro
1317 3269 1324 3279 “

140 3396 254 3458 genere
272 3378 302 3439 id
322 3379 468 3438 minorem
487 3379 681 3439 offensionem
699 3378 808 3439 babere
829 3397 916 3458 quam
936 3381 966 3440 in
982 3378 1144 3440 masculino
1159 3387 1288 3458 apparet,

141 3503 214 3546 cum
238 3502 298 3545 non
321 3502 379 3545 una
403 3503 452 3546 res
476 3504 511 3546 er
535 3487 572 3546 iis
596 3504 671 3565 quae
696 3485 791 3547 dictae
816 3495 900 3547 erant
924 3487 1116 3565 significatur,
1140 3486 1191 3545 sed
1216 3484 1289 3546 illud

140 3591 223 3671 quod
248 3609 283 3651 ex
308 3593 345 3652 iis
368 3591 506 3672 edicitur,
532 3595 619 3653 cuius
642 3595 760 3673 generis
783 3594 916 3673 exempla
940 3613 964 3655 o.
983 3591 1026 3655 25
1049 3595 1212 3672 composui.
1257 3594 1288 3652 in

140 3695 316 3759 nominibus
343 3698 445 3758 eadem
474 3717 667 3760 numerorum
692 3703 816 3761 mutatio
840 3702 915 3762 iacta
939 3710 985 3761 est
1007 3699 1097 3780 43,1
1122 3705 1222 3762 sulcos
1248 3731 1285 3741 -

139 3809 220 3866 altos
239 3807 334 3881 pedes
356 3813 509 3880 quattuor,
533 3810 668 3880 infimum
691 3811 785 3868 latum
805 3828 835 3885 p.
856 3810 876 3868 I
895 3816 924 3869 ei
942 3813 1091 3885 palmum:
1115 3827 1165 3869 eos
1186 3810 1288 3884 lapide

138 3915 341 3986 consternite,
369 3914 400 3973 iu
429 3912 527 3973 verbis
552 3911 582 3994 3,
602 3912 622 3975 6
647 3917 811 3977 troenilens
832 3919 1039 3991 praecantans
1063 3918 1141 3976 binis
1162 3915 1288 3988 fiinibus

137 4022 275 4096 sparteis
298 4021 414 4081 ducunt
429 4041 482 4080 -.·
504 4024 532 4081 si
553 4028 638 4081 rotas
661 4026 741 4083 voles
756 4021 873 4096 facere,
898 4024 1018 4082 tardius
1038 4003 1186 4095 ducetur:
1200 4018 1288 4099 22,4

138 4130 166 4187 ii
178 4133 324 4187 emuntur
336 4157 374 4169 —
387 4127 533 4187 tantidem
544 4124 682 4204 Pompeis
696 4131 814 4201 emitur,
829 4123 870 4188 51
887 4145 937 4188 eos
952 4131 982 4187 iu
998 4134 1113 4187 terram
1128 4129 1287 4203 deprimite

138 4236 338 4307 extollitoque
358 4236 523 4309 primorem
544 4241 678 4311 partem,
702 4237 749 4293 uti
770 4236 906 4294 radicem
930 4237 1042 4309 capiat.

230 4340 283 4400 XL
312 4338 326 4399 1
357 4339 422 4399 Per
450 4357 514 4400 uer
541 4338 626 4400 baec
656 4340 741 4400 lieri
768 4347 912 4419 oportet
935 4337 1056 4400 sulcos
1080 4349 1115 4400 et
1138 4339 1287 4402 scrobes

139 4448 237 4508 iieri
275 4446 502 4507 seminariis
539 4448 719 4507 uitiariis
755 4446 881 4508 locum
917 4449 1023 4508 uerti
1060 4449 1163 4509 uites
1200 4467 1287 4527 pro·
