<?xml version="1.0" encoding="UTF-8"?>
<!DOCTYPE html PUBLIC "-//W3C//DTD XHTML 1.0 Transitional//EN"
    "http://www.w3.org/TR/xhtml1/DTD/xhtml1-transitional.dtd">
<html xmlns="http://www.w3.org/1999/xhtml" xml:lang="en" lang="en">
 <head>
  <title>
</title>
<meta http-equiv="Content-Type" content="text/html;charset=utf-8" />
  <meta name='ocr-system' content='tesseract 3.04.00' />
  <meta name='ocr-capabilities' content='ocr_page ocr_carea ocr_par ocr_line ocrx_word'/>
</head>
<body>
  <div class='ocr_page' id='page_1' title='image "./mporcicatonisde00keilgoog_0290.png"; bbox 0 0 2874 4994; ppageno 0'>
   <div class='ocr_carea' id='block_1_1' title="bbox 347 104 1243 169">
    <p class='ocr_par' dir='ltr' id='par_1_1' title="bbox 347 104 1243 169">
     <span class='ocr_line' id='line_1_1' title="bbox 347 104 1243 169; baseline 0.003 -3"><span class='ocrx_word' id='word_1_1' title='bbox 347 111 477 166; x_wconf 81' lang='lat' dir='ltr'><strong>RERVM</strong></span> <span class='ocrx_word' id='word_1_2' title='bbox 496 109 736 166; x_wconf 80' lang='lat' dir='ltr'><strong>RVSTICARVM</strong></span> <span class='ocrx_word' id='word_1_3' title='bbox 755 111 823 168; x_wconf 88' lang='lat' dir='ltr'>LIB.</span> <span class='ocrx_word' id='word_1_4' title='bbox 843 111 857 165; x_wconf 93' lang='lat' dir='ltr'>l</span> <span class='ocrx_word' id='word_1_5' title='bbox 877 109 997 168; x_wconf 81' lang='lat'><strong>20—22</strong></span> <span class='ocrx_word' id='word_1_6' title='bbox 1202 104 1243 169; x_wconf 76' lang='grc'>67</span> 
     </span>
    </p>
   </div>
   <div class='ocr_carea' id='block_1_2' title="bbox 10 261 1256 4203">
    <p class='ocr_par' dir='ltr' id='par_1_2' title="bbox 32 261 1245 443">
     <span class='ocr_line' id='line_1_2' title="bbox 111 261 1245 347; baseline -0.002 -16"><span class='ocrx_word' id='word_1_7' title='bbox 111 271 143 331; x_wconf 87' lang='lat' dir='ltr'>dt</span> <span class='ocrx_word' id='word_1_8' title='bbox 164 270 191 329; x_wconf 93' lang='lat' dir='ltr'>iu</span> <span class='ocrx_word' id='word_1_9' title='bbox 212 266 269 328; x_wconf 85' lang='lat' dir='ltr'>levi</span> <span class='ocrx_word' id='word_1_10' title='bbox 293 276 385 346; x_wconf 89' lang='lat' dir='ltr'>terra,</span> <span class='ocrx_word' id='word_1_11' title='bbox 415 267 618 347; x_wconf 88' lang='lat' dir='ltr'>neglegentius</span> <span class='ocrx_word' id='word_1_12' title='bbox 647 268 804 329; x_wconf 89' lang='lat' dir='ltr'>coniuncta</span> <span class='ocrx_word' id='word_1_13' title='bbox 832 261 903 328; x_wconf 77' lang='lat' dir='ltr'>&#39;sunt</span> <span class='ocrx_word' id='word_1_14' title='bbox 929 266 1020 329; x_wconf 90' lang='lat' dir='ltr'>altera</span> <span class='ocrx_word' id='word_1_15' title='bbox 1044 268 1111 329; x_wconf 92' lang='lat' dir='ltr'>duo.</span> <span class='ocrx_word' id='word_1_16' title='bbox 1149 273 1179 330; x_wconf 85' lang='lat' dir='ltr'>ef</span> <span class='ocrx_word' id='word_1_17' title='bbox 1201 271 1245 329; x_wconf 85' lang='lat' dir='ltr'>ad</span> 
     </span>
     <span class='ocr_line' id='line_1_3' title="bbox 32 372 712 443; baseline -0.01 0"><span class='ocrx_word' id='word_1_18' title='bbox 32 438 35 443; x_wconf 92' lang='lat'>.</span> <span class='ocrx_word' id='word_1_19' title='bbox 103 379 199 439; x_wconf 84' lang='lat' dir='ltr'>notos</span> <span class='ocrx_word' id='word_1_20' title='bbox 220 382 250 436; x_wconf 88' lang='lat' dir='ltr'>et</span> <span class='ocrx_word' id='word_1_21' title='bbox 273 377 317 436; x_wconf 87' lang='lat' dir='ltr'>ad</span> <span class='ocrx_word' id='word_1_22' title='bbox 338 394 375 436; x_wconf 86' lang='lat' dir='ltr'>en</span> <span class='ocrx_word' id='word_1_23' title='bbox 398 373 530 436; x_wconf 80' lang='lat' dir='ltr'><strong>ediderat</strong></span> <span class='ocrx_word' id='word_1_24' title='bbox 553 372 712 436; x_wconf 87' lang='lat' dir='ltr'>iucundus.</span> 
     </span>
    </p>

    <p class='ocr_par' dir='ltr' id='par_1_3' title="bbox 89 480 1248 777">
     <span class='ocr_line' id='line_1_4' title="bbox 195 480 1247 562; baseline 0 -20"><span class='ocrx_word' id='word_1_25' title='bbox 195 480 331 543; x_wconf 83' lang='lat' dir='ltr'>Exinde</span> <span class='ocrx_word' id='word_1_26' title='bbox 359 490 398 543; x_wconf 89' lang='lat' dir='ltr'>ut</span> <span class='ocrx_word' id='word_1_27' title='bbox 424 480 547 562; x_wconf 85' lang='lat' dir='ltr'>pabuli</span> <span class='ocrx_word' id='word_1_28' title='bbox 577 481 736 542; x_wconf 79' lang='lat' dir='ltr'><strong>facultas</strong></span> <span class='ocrx_word' id='word_1_29' title='bbox 763 481 836 560; x_wconf 90' lang='lat' dir='ltr'>est]</span> <span class='ocrx_word' id='word_1_30' title='bbox 865 484 1001 544; x_wconf 77' lang='lat' dir='ltr'><em>Proinde</em></span> <span class='ocrx_word' id='word_1_31' title='bbox 1023 481 1160 543; x_wconf 80' lang='lat' dir='ltr'><strong>Ursinus.</strong></span> <span class='ocrx_word' id='word_1_32' title='bbox 1196 500 1247 543; x_wconf 79' lang='lat' dir='ltr'>ex-</span> 
     </span>
     <span class='ocr_line' id='line_1_5' title="bbox 94 587 1248 672; baseline -0.003 -18"><span class='ocrx_word' id='word_1_33' title='bbox 94 593 175 654; x_wconf 85' lang='lat' dir='ltr'>inde</span> <span class='ocrx_word' id='word_1_34' title='bbox 200 589 352 650; x_wconf 87' lang='lat' dir='ltr'>Gesnerus</span> <span class='ocrx_word' id='word_1_35' title='bbox 376 588 508 650; x_wconf 75' lang='lat' dir='ltr'>defendit</span> <span class='ocrx_word' id='word_1_36' title='bbox 531 587 596 650; x_wconf 89' lang='lat' dir='ltr'>coll.</span> <span class='ocrx_word' id='word_1_37' title='bbox 615 587 739 672; x_wconf 78' lang='lat'>124‚3</span> <span class='ocrx_word' id='word_1_38' title='bbox 762 592 874 650; x_wconf 78' lang='lat' dir='ltr'>exinde</span> <span class='ocrx_word' id='word_1_39' title='bbox 896 596 930 651; x_wconf 84' lang='lat' dir='ltr'>ut</span> <span class='ocrx_word' id='word_1_40' title='bbox 947 608 1022 651; x_wconf 83' lang='lat' dir='ltr'>noso</span> <span class='ocrx_word' id='word_1_41' title='bbox 1040 593 1159 650; x_wconf 85' lang='lat' dir='ltr'>oleario</span> <span class='ocrx_word' id='word_1_42' title='bbox 1177 596 1248 664; x_wconf 82' lang='lat' dir='ltr'>quoi</span> 
     </span>
     <span class='ocr_line' id='line_1_6' title="bbox 89 694 1248 777; baseline -0.004 -17"><span class='ocrx_word' id='word_1_43' title='bbox 89 707 124 761; x_wconf 81' lang='lat' dir='ltr'>et</span> <span class='ocrx_word' id='word_1_44' title='bbox 164 704 286 773; x_wconf 82' lang='lat' dir='ltr'>quanio</span> <span class='ocrx_word' id='word_1_45' title='bbox 327 698 468 757; x_wconf 82' lang='lat' dir='ltr'>nooeont.</span> <span class='ocrx_word' id='word_1_46' title='bbox 523 694 658 756; x_wconf 88' lang='lat' dir='ltr'>Plautina</span> <span class='ocrx_word' id='word_1_47' title='bbox 695 697 759 757; x_wconf 90' lang='lat' dir='ltr'>eius</span> <span class='ocrx_word' id='word_1_48' title='bbox 801 715 873 759; x_wconf 90' lang='lat' dir='ltr'>usus</span> <span class='ocrx_word' id='word_1_49' title='bbox 911 695 1042 777; x_wconf 83' lang='lat' dir='ltr'>exempla</span> <span class='ocrx_word' id='word_1_50' title='bbox 1080 697 1248 775; x_wconf 87' lang='lat' dir='ltr'>composuit</span> 
     </span>
    </p>

    <p class='ocr_par' dir='ltr' id='par_1_4' title="bbox 10 786 1253 2499">
     <span class='ocr_line' id='line_1_7' title="bbox 16 786 1248 885; baseline -0.003 -19"><span class='ocrx_word' id='word_1_51' title='bbox 16 786 20 795; x_wconf 42' lang='lat'><strong>⁴</strong></span> <span class='ocrx_word' id='word_1_52' title='bbox 90 805 268 866; x_wconf 86' lang='lat' dir='ltr'>Lorenrius</span> <span class='ocrx_word' id='word_1_53' title='bbox 300 805 331 864; x_wconf 91' lang='lat' dir='ltr'>in</span> <span class='ocrx_word' id='word_1_54' title='bbox 359 801 452 863; x_wconf 87' lang='lat' dir='ltr'>Plaut</span> <span class='ocrx_word' id='word_1_55' title='bbox 481 801 594 864; x_wconf 88' lang='lat' dir='ltr'>blostel.</span> <span class='ocrx_word' id='word_1_56' title='bbox 618 799 692 864; x_wconf 75' lang='lat'>227.</span> <span class='ocrx_word' id='word_1_57' title='bbox 734 807 808 865; x_wconf 78' lang='lat' dir='ltr'>enin</span> <span class='ocrx_word' id='word_1_58' title='bbox 835 805 870 865; x_wconf 92' lang='lat' dir='ltr'>de</span> <span class='ocrx_word' id='word_1_59' title='bbox 900 812 1034 885; x_wconf 89' lang='lat' dir='ltr'>tempore</span> <span class='ocrx_word' id='word_1_60' title='bbox 1062 803 1174 864; x_wconf 88' lang='lat' dir='ltr'>dictum</span> <span class='ocrx_word' id='word_1_61' title='bbox 1203 811 1248 863; x_wconf 87' lang='lat' dir='ltr'>est</span> 
     </span>
     <span class='ocr_line' id='line_1_8' title="bbox 89 906 348 993; baseline 0 -22"><span class='ocrx_word' id='word_1_62' title='bbox 89 908 187 992; x_wconf 77' lang='lat'>128,</span> <span class='ocrx_word' id='word_1_63' title='bbox 202 907 232 971; x_wconf 78' lang='lat'>2.</span> <span class='ocrx_word' id='word_1_64' title='bbox 252 906 304 993; x_wconf 85' lang='lat'>31,</span> <span class='ocrx_word' id='word_1_65' title='bbox 319 907 348 972; x_wconf 82' lang='lat'>3.</span> 
     </span>
     <span class='ocr_line' id='line_1_9' title="bbox 16 1008 1248 1098; baseline -0.001 -20"><span class='ocrx_word' id='word_1_66' title='bbox 16 1008 19 1013; x_wconf 68' lang='grc'><strong>’</strong></span> <span class='ocrx_word' id='word_1_67' title='bbox 194 1013 216 1078; x_wconf 84' lang='grc'><strong>5</strong></span> <span class='ocrx_word' id='word_1_68' title='bbox 248 1015 288 1078; x_wconf 94' lang='lat' dir='ltr'>ln</span> <span class='ocrx_word' id='word_1_69' title='bbox 315 1018 531 1098; x_wconf 88' lang='lat' dir='ltr'>confragoso</span> <span class='ocrx_word' id='word_1_70' title='bbox 559 1019 652 1079; x_wconf 89' lang='lat' dir='ltr'>enirn</span> <span class='ocrx_word' id='word_1_71' title='bbox 680 1017 766 1078; x_wconf 88' lang='lat' dir='ltr'>baec</span> <span class='ocrx_word' id='word_1_72' title='bbox 799 1011 846 1079; x_wconf 84' lang='lat' dir='ltr'>ac</span> <span class='ocrx_word' id='word_1_73' title='bbox 865 1017 1017 1079; x_wconf 75' lang='lat' dir='ltr'>difficili</span> <span class='ocrx_word' id='word_1_74' title='bbox 1045 1017 1248 1078; x_wconf 90' lang='lat' dir='ltr'>ualentiora</span> 
     </span>
     <span class='ocr_line' id='line_1_10' title="bbox 96 1123 1248 1205; baseline -0.002 -19"><span class='ocrx_word' id='word_1_75' title='bbox 96 1123 303 1205; x_wconf 85' lang='lat' dir='ltr'>parandum</span> <span class='ocrx_word' id='word_1_76' title='bbox 335 1133 371 1186; x_wconf 89' lang='lat' dir='ltr'>et</span> <span class='ocrx_word' id='word_1_77' title='bbox 403 1127 526 1204; x_wconf 88' lang='lat' dir='ltr'>potius</span> <span class='ocrx_word' id='word_1_78' title='bbox 558 1143 596 1185; x_wconf 89' lang='lat' dir='ltr'>ea</span> <span class='ocrx_word' id='word_1_79' title='bbox 630 1142 721 1204; x_wconf 89' lang='lat' dir='ltr'>quae</span> <span class='ocrx_word' id='word_1_80' title='bbox 750 1143 813 1205; x_wconf 91' lang='lat' dir='ltr'>per</span> <span class='ocrx_word' id='word_1_81' title='bbox 840 1143 876 1185; x_wconf 91' lang='lat' dir='ltr'>se</span> <span class='ocrx_word' id='word_1_82' title='bbox 906 1125 1064 1186; x_wconf 88' lang='lat' dir='ltr'>fructum</span> <span class='ocrx_word' id='word_1_83' title='bbox 1097 1124 1248 1185; x_wconf 84' lang='lat' dir='ltr'>reddere</span> 
     </span>
     <span class='ocr_line' id='line_1_11' title="bbox 99 1230 1249 1312; baseline -0.002 -18"><span class='ocrx_word' id='word_1_84' title='bbox 99 1230 265 1312; x_wconf 82' lang='lat' dir='ltr'>possint]</span> <span class='ocrx_word' id='word_1_85' title='bbox 291 1233 329 1293; x_wconf 90' lang='lat' dir='ltr'>In</span> <span class='ocrx_word' id='word_1_86' title='bbox 348 1230 531 1308; x_wconf 69' lang='lat' dir='ltr'>confragoso</span> <span class='ocrx_word' id='word_1_87' title='bbox 550 1234 630 1292; x_wconf 81' lang='lat' dir='ltr'>enirn</span> <span class='ocrx_word' id='word_1_88' title='bbox 649 1250 688 1292; x_wconf 86' lang='lat' dir='ltr'>oo</span> <span class='ocrx_word' id='word_1_89' title='bbox 707 1230 831 1308; x_wconf 76' lang='lat' dir='ltr'>difficili</span> <span class='ocrx_word' id='word_1_90' title='bbox 850 1235 928 1293; x_wconf 83' lang='lat' dir='ltr'>boec</span> <span class='ocrx_word' id='word_1_91' title='bbox 946 1235 1117 1293; x_wconf 81' lang='lat' dir='ltr'>valentiore</span> <span class='ocrx_word' id='word_1_92' title='bbox 1132 1249 1249 1308; x_wconf 80' lang='lat' dir='ltr'>poren-</span> 
     </span>
     <span class='ocr_line' id='line_1_12' title="bbox 102 1330 1249 1416; baseline -0.002 -16"><span class='ocrx_word' id='word_1_93' title='bbox 102 1343 178 1401; x_wconf 88' lang='lat' dir='ltr'>dom</span> <span class='ocrx_word' id='word_1_94' title='bbox 204 1347 234 1399; x_wconf 87' lang='lat' dir='ltr'>et</span> <span class='ocrx_word' id='word_1_95' title='bbox 246 1341 349 1416; x_wconf 85' lang='lat' dir='ltr'>potins</span> <span class='ocrx_word' id='word_1_96' title='bbox 373 1357 418 1414; x_wconf 84' lang='lat' dir='ltr'>eo,</span> <span class='ocrx_word' id='word_1_97' title='bbox 442 1357 521 1414; x_wconf 82' lang='lat' dir='ltr'>qttde</span> <span class='ocrx_word' id='word_1_98' title='bbox 540 1342 610 1415; x_wconf 85' lang='lat' dir='ltr'>plns</span> <span class='ocrx_word' id='word_1_99' title='bbox 631 1336 768 1414; x_wconf 74' lang='lat' dir='ltr'>fructum</span> <span class='ocrx_word' id='word_1_100' title='bbox 791 1342 923 1401; x_wconf 82' lang='lat' dir='ltr'>reddere</span> <span class='ocrx_word' id='word_1_101' title='bbox 942 1346 1070 1416; x_wconf 83' lang='lat' dir='ltr'>possent</span> <span class='ocrx_word' id='word_1_102' title='bbox 1090 1330 1249 1399; x_wconf 85' lang='lat' dir='ltr'>lucundus.</span> 
     </span>
     <span class='ocr_line' id='line_1_13' title="bbox 100 1444 1250 1523; baseline -0.001 -17"><span class='ocrx_word' id='word_1_103' title='bbox 100 1446 227 1508; x_wconf 86' lang='lat' dir='ltr'>restitui</span> <span class='ocrx_word' id='word_1_104' title='bbox 249 1455 380 1507; x_wconf 85' lang='lat' dir='ltr'>veterem</span> <span class='ocrx_word' id='word_1_105' title='bbox 403 1444 569 1507; x_wconf 89' lang='lat' dir='ltr'>lectionem.</span> <span class='ocrx_word' id='word_1_106' title='bbox 607 1463 675 1505; x_wconf 91' lang='lat' dir='ltr'>nam</span> <span class='ocrx_word' id='word_1_107' title='bbox 694 1464 753 1523; x_wconf 88' lang='lat' dir='ltr'>per</span> <span class='ocrx_word' id='word_1_108' title='bbox 775 1464 808 1507; x_wconf 83' lang='lat' dir='ltr'>se</span> <span class='ocrx_word' id='word_1_109' title='bbox 828 1445 966 1522; x_wconf 73' lang='lat' dir='ltr'>fructum</span> <span class='ocrx_word' id='word_1_110' title='bbox 990 1448 1122 1506; x_wconf 84' lang='lat' dir='ltr'>reddere</span> <span class='ocrx_word' id='word_1_111' title='bbox 1140 1444 1250 1506; x_wconf 88' lang='lat' dir='ltr'>dicitur</span> 
     </span>
     <span class='ocr_line' id='line_1_14' title="bbox 99 1551 1248 1636; baseline 0.001 -24"><span class='ocrx_word' id='word_1_112' title='bbox 99 1552 128 1613; x_wconf 89' lang='lat' dir='ltr'>do</span> <span class='ocrx_word' id='word_1_113' title='bbox 167 1552 310 1636; x_wconf 84' lang='lat' dir='ltr'>utilitate,</span> <span class='ocrx_word' id='word_1_114' title='bbox 339 1571 428 1632; x_wconf 88' lang='lat' dir='ltr'>quam</span> <span class='ocrx_word' id='word_1_115' title='bbox 445 1567 559 1614; x_wconf 62' lang='lat' dir='ltr'>&#39;raccae</span> <span class='ocrx_word' id='word_1_116' title='bbox 589 1561 618 1613; x_wconf 90' lang='lat' dir='ltr'>et</span> <span class='ocrx_word' id='word_1_117' title='bbox 648 1553 724 1613; x_wconf 90' lang='lat' dir='ltr'>asini</span> <span class='ocrx_word' id='word_1_118' title='bbox 748 1555 836 1614; x_wconf 91' lang='lat' dir='ltr'>etiam</span> <span class='ocrx_word' id='word_1_119' title='bbox 864 1561 983 1632; x_wconf 89' lang='lat' dir='ltr'>praeter</span> <span class='ocrx_word' id='word_1_120' title='bbox 1011 1554 1073 1631; x_wconf 89' lang='lat' dir='ltr'>agri</span> <span class='ocrx_word' id='word_1_121' title='bbox 1103 1551 1248 1613; x_wconf 91' lang='lat' dir='ltr'>culturam</span> 
     </span>
     <span class='ocr_line' id='line_1_15' title="bbox 100 1656 1249 1740; baseline 0 -21"><span class='ocrx_word' id='word_1_122' title='bbox 100 1656 261 1737; x_wconf 83' lang='lat' dir='ltr'>praebent.</span> <span class='ocrx_word' id='word_1_123' title='bbox 298 1659 502 1740; x_wconf 79' lang='lat' dir='ltr'>neglegentior</span> <span class='ocrx_word' id='word_1_124' title='bbox 529 1666 628 1720; x_wconf 87' lang='lat' dir='ltr'>autern</span> <span class='ocrx_word' id='word_1_125' title='bbox 657 1659 817 1721; x_wconf 89' lang='lat' dir='ltr'>rerborum</span> <span class='ocrx_word' id='word_1_126' title='bbox 840 1658 994 1720; x_wconf 84' lang='lat' dir='ltr'>collocatio</span> <span class='ocrx_word' id='word_1_127' title='bbox 1022 1661 1052 1719; x_wconf 92' lang='lat' dir='ltr'>in</span> <span class='ocrx_word' id='word_1_128' title='bbox 1080 1658 1249 1720; x_wconf 91' lang='lat' dir='ltr'>huiusmodi</span> 
     </span>
     <span class='ocr_line' id='line_1_16' title="bbox 10 1763 1251 1859; baseline 0.003 -36"><span class='ocrx_word' id='word_1_129' title='bbox 10 1831 16 1859; x_wconf 36' lang='grc' dir='ltr'><strong>ι</strong></span> <span class='ocrx_word' id='word_1_130' title='bbox 99 1764 371 1844; x_wconf 74' lang='lat' dir='ltr'>compositionibus</span> <span class='ocrx_word' id='word_1_131' title='bbox 392 1784 452 1826; x_wconf 91' lang='lat' dir='ltr'>uon</span> <span class='ocrx_word' id='word_1_132' title='bbox 472 1765 565 1827; x_wconf 90' lang='lat' dir='ltr'>aliena</span> <span class='ocrx_word' id='word_1_133' title='bbox 586 1773 632 1828; x_wconf 90' lang='lat' dir='ltr'>est</span> <span class='ocrx_word' id='word_1_134' title='bbox 650 1764 686 1826; x_wconf 94' lang='lat' dir='ltr'>ab</span> <span class='ocrx_word' id='word_1_135' title='bbox 706 1785 762 1827; x_wconf 91' lang='lat' dir='ltr'>usu</span> <span class='ocrx_word' id='word_1_136' title='bbox 781 1764 930 1848; x_wconf 86' lang='lat' dir='ltr'>Varronis,</span> <span class='ocrx_word' id='word_1_137' title='bbox 949 1766 962 1826; x_wconf 98' lang='lat' dir='ltr'>l</span> <span class='ocrx_word' id='word_1_138' title='bbox 980 1764 1029 1848; x_wconf 87' lang='lat'>19,</span> <span class='ocrx_word' id='word_1_139' title='bbox 1044 1763 1065 1826; x_wconf 78' lang='lat'><strong>2</strong></span> <span class='ocrx_word' id='word_1_140' title='bbox 1083 1769 1251 1844; x_wconf 83' lang='lat' dir='ltr'>superioris</span> 
     </span>
     <span class='ocr_line' id='line_1_17' title="bbox 10 1869 1251 1954; baseline 0.006 -28"><span class='ocrx_word' id='word_1_141' title='bbox 10 1876 21 1937; x_wconf 67' lang='grc' dir='ltr'><em>ξ</em></span> <span class='ocrx_word' id='word_1_142' title='bbox 99 1869 223 1932; x_wconf 83' lang='lat' dir='ltr'>domini</span> <span class='ocrx_word' id='word_1_143' title='bbox 240 1877 374 1934; x_wconf 82' lang='lat' dir='ltr'>instituto</span> <span class='ocrx_word' id='word_1_144' title='bbox 390 1881 419 1933; x_wconf 87' lang='lat' dir='ltr'>et</span> <span class='ocrx_word' id='word_1_145' title='bbox 433 1875 611 1954; x_wconf 83' lang='lat' dir='ltr'>vicinorum,</span> <span class='ocrx_word' id='word_1_146' title='bbox 634 1871 722 1954; x_wconf 84' lang='lat'>24‚4</span> <span class='ocrx_word' id='word_1_147' title='bbox 741 1875 904 1942; x_wconf 79' lang='lat' dir='ltr'>cacumine</span> <span class='ocrx_word' id='word_1_148' title='bbox 919 1876 1100 1950; x_wconf 81' lang='lat' dir='ltr'>populorum</span> <span class='ocrx_word' id='word_1_149' title='bbox 1119 1876 1251 1935; x_wconf 86' lang='lat' dir='ltr'>serendo</span> 
     </span>
     <span class='ocr_line' id='line_1_18' title="bbox 10 1968 1249 2061; baseline 0.006 -27"><span class='ocrx_word' id='word_1_150' title='bbox 10 1968 15 1983; x_wconf 63' lang='lat'><em>⁸</em></span> <span class='ocrx_word' id='word_1_151' title='bbox 98 1980 127 2030; x_wconf 85' lang='lat' dir='ltr'>et</span> <span class='ocrx_word' id='word_1_152' title='bbox 151 1976 406 2056; x_wconf 70' lang='lat' dir='ltr'>karendinorum,</span> <span class='ocrx_word' id='word_1_153' title='bbox 429 1977 472 2041; x_wconf 78' lang='lat'>26</span> <span class='ocrx_word' id='word_1_154' title='bbox 493 1983 620 2054; x_wconf 84' lang='lat' dir='ltr'>fiscinas</span> <span class='ocrx_word' id='word_1_155' title='bbox 644 1983 757 2058; x_wconf 80' lang='lat' dir='ltr'>expedi</span> <span class='ocrx_word' id='word_1_156' title='bbox 778 1988 808 2042; x_wconf 87' lang='lat' dir='ltr'>ei</span> <span class='ocrx_word' id='word_1_157' title='bbox 830 1998 949 2055; x_wconf 83' lang='lat' dir='ltr'>urnam,</span> <span class='ocrx_word' id='word_1_158' title='bbox 973 1978 1024 2061; x_wconf 77' lang='lat'>27,</span> <span class='ocrx_word' id='word_1_159' title='bbox 1044 1979 1064 2041; x_wconf 90' lang='lat'>3</span> <span class='ocrx_word' id='word_1_160' title='bbox 1089 1999 1157 2043; x_wconf 86' lang='lat' dir='ltr'>cnm</span> <span class='ocrx_word' id='word_1_161' title='bbox 1178 1986 1249 2057; x_wconf 74' lang='lat' dir='ltr'>pelo</span> 
     </span>
     <span class='ocr_line' id='line_1_19' title="bbox 97 2084 1251 2163; baseline 0.012 -29"><span class='ocrx_word' id='word_1_162' title='bbox 97 2084 238 2148; x_wconf 82' lang='lat' dir='ltr'>cortices</span> <span class='ocrx_word' id='word_1_163' title='bbox 270 2106 311 2148; x_wconf 79' lang='lat' dir='ltr'>en</span> <span class='ocrx_word' id='word_1_164' title='bbox 344 2088 490 2148; x_wconf 78' lang='lat' dir='ltr'>imbribus</span> <span class='ocrx_word' id='word_1_165' title='bbox 523 2096 654 2149; x_wconf 83' lang='lat' dir='ltr'>carenni</span> <span class='ocrx_word' id='word_1_166' title='bbox 687 2095 716 2149; x_wconf 87' lang='lat' dir='ltr'>ei</span> <span class='ocrx_word' id='word_1_167' title='bbox 745 2090 860 2163; x_wconf 72' lang='lat' dir='ltr'>glacie,</span> <span class='ocrx_word' id='word_1_168' title='bbox 893 2085 944 2148; x_wconf 92' lang='lat' dir='ltr'>ubi</span> <span class='ocrx_word' id='word_1_169' title='bbox 977 2095 1006 2148; x_wconf 85' lang='lat' dir='ltr'>et</span> <span class='ocrx_word' id='word_1_170' title='bbox 1038 2089 1067 2147; x_wconf 92' lang='lat' dir='ltr'>in</span> <span class='ocrx_word' id='word_1_171' title='bbox 1099 2087 1251 2149; x_wconf 87' lang='lat' dir='ltr'>codicibus</span> 
     </span>
     <span class='ocr_line' id='line_1_20' title="bbox 96 2186 1252 2276; baseline 0.01 -30"><span class='ocrx_word' id='word_1_172' title='bbox 96 2186 250 2255; x_wconf 82' lang='lat' dir='ltr'>0misaum</span> <span class='ocrx_word' id='word_1_173' title='bbox 275 2192 384 2274; x_wconf 83' lang='lat' dir='ltr'>addidi,</span> <span class='ocrx_word' id='word_1_174' title='bbox 405 2191 494 2275; x_wconf 80' lang='lat'>40,3</span> <span class='ocrx_word' id='word_1_175' title='bbox 518 2197 549 2255; x_wconf 90' lang='lat' dir='ltr'>in</span> <span class='ocrx_word' id='word_1_176' title='bbox 573 2198 655 2256; x_wconf 86' lang='lat' dir='ltr'>sicco</span> <span class='ocrx_word' id='word_1_177' title='bbox 674 2201 705 2255; x_wconf 85' lang='lat' dir='ltr'>et</span> <span class='ocrx_word' id='word_1_178' title='bbox 726 2213 832 2256; x_wconf 83' lang='lat' dir='ltr'>macro</span> <span class='ocrx_word' id='word_1_179' title='bbox 855 2199 920 2256; x_wconf 88' lang='lat' dir='ltr'>ioco</span> <span class='ocrx_word' id='word_1_180' title='bbox 940 2202 969 2255; x_wconf 86' lang='lat' dir='ltr'>ei</span> <span class='ocrx_word' id='word_1_181' title='bbox 987 2198 1140 2274; x_wconf 73' lang='lat' dir='ltr'>argilloso,</span> <span class='ocrx_word' id='word_1_182' title='bbox 1162 2192 1252 2276; x_wconf 86' lang='lat'><strong>40,4</strong></span> 
     </span>
     <span class='ocr_line' id='line_1_21' title="bbox 90 2288 1253 2384; baseline 0.005 -28"><span class='ocrx_word' id='word_1_183' title='bbox 90 2288 232 2362; x_wconf 74' lang='lat' dir='ltr'>elautae</span> <span class='ocrx_word' id='word_1_184' title='bbox 259 2304 355 2362; x_wconf 83' lang='lat' dir='ltr'>solum</span> <span class='ocrx_word' id='word_1_185' title='bbox 381 2303 533 2380; x_wconf 82' lang='lat' dir='ltr'>stabilius,</span> <span class='ocrx_word' id='word_1_186' title='bbox 567 2318 625 2376; x_wconf 84' lang='lat' dir='ltr'>qno</span> <span class='ocrx_word' id='word_1_187' title='bbox 654 2304 745 2362; x_wconf 84' lang='lat' dir='ltr'>totins</span> <span class='ocrx_word' id='word_1_188' title='bbox 773 2307 828 2362; x_wconf 85' lang='lat' dir='ltr'>ont</span> <span class='ocrx_word' id='word_1_189' title='bbox 857 2303 980 2362; x_wconf 83' lang='lat' dir='ltr'>radices</span> <span class='ocrx_word' id='word_1_190' title='bbox 1001 2300 1127 2377; x_wconf 80' lang='lat' dir='ltr'>facilius</span> <span class='ocrx_word' id='word_1_191' title='bbox 1154 2305 1253 2384; x_wconf 80' lang='lat' dir='ltr'>mittit,</span> 
     </span>
     <span class='ocr_line' id='line_1_22' title="bbox 90 2386 878 2499; baseline 0.03 -55"><span class='ocrx_word' id='word_1_192' title='bbox 90 2386 130 2449; x_wconf 97' lang='lat' dir='ltr'>lll</span> <span class='ocrx_word' id='word_1_193' title='bbox 153 2395 190 2483; x_wconf 86' lang='lat'>9,</span> <span class='ocrx_word' id='word_1_194' title='bbox 207 2404 253 2468; x_wconf 81' lang='lat'>20</span> <span class='ocrx_word' id='word_1_195' title='bbox 277 2411 386 2468; x_wconf 82' lang='lat' dir='ltr'>evulsis</span> <span class='ocrx_word' id='word_1_196' title='bbox 408 2410 529 2499; x_wconf 68' lang='lat' dir='ltr'>enatis</span> <span class='ocrx_word' id='word_1_197' title='bbox 549 2410 653 2484; x_wconf 81' lang='lat' dir='ltr'>pinnis</span> <span class='ocrx_word' id='word_1_198' title='bbox 676 2415 706 2468; x_wconf 88' lang='lat' dir='ltr'>et</span> <span class='ocrx_word' id='word_1_199' title='bbox 727 2427 744 2469; x_wconf 88' lang='lat' dir='ltr'>e</span> <span class='ocrx_word' id='word_1_200' title='bbox 767 2410 878 2469; x_wconf 85' lang='lat' dir='ltr'>cando.</span> 
     </span>
    </p>

    <p class='ocr_par' dir='ltr' id='par_1_5' title="bbox 78 2513 1254 2916">
     <span class='ocr_line' id='line_1_23' title="bbox 191 2513 1253 2595; baseline 0.002 -20"><span class='ocrx_word' id='word_1_201' title='bbox 191 2516 264 2575; x_wconf 84' lang='lat' dir='ltr'>XXI</span> <span class='ocrx_word' id='word_1_202' title='bbox 296 2513 407 2576; x_wconf 84' lang='lat' dir='ltr'>Canes</span> <span class='ocrx_word' id='word_1_203' title='bbox 440 2517 562 2594; x_wconf 89' lang='lat' dir='ltr'>potius</span> <span class='ocrx_word' id='word_1_204' title='bbox 595 2533 672 2576; x_wconf 88' lang='lat' dir='ltr'>cum</span> <span class='ocrx_word' id='word_1_205' title='bbox 705 2515 884 2595; x_wconf 79' lang='lat' dir='ltr'>dignitate</span> <span class='ocrx_word' id='word_1_206' title='bbox 916 2522 952 2575; x_wconf 89' lang='lat' dir='ltr'>et</span> <span class='ocrx_word' id='word_1_207' title='bbox 983 2534 1086 2576; x_wconf 90' lang='lat' dir='ltr'>acres</span> <span class='ocrx_word' id='word_1_208' title='bbox 1119 2534 1253 2595; x_wconf 89' lang='lat' dir='ltr'>pancos</span> 
     </span>
     <span class='ocr_line' id='line_1_24' title="bbox 83 2596 1252 2702; baseline 0.001 -19"><span class='ocrx_word' id='word_1_209' title='bbox 83 2596 307 2684; x_wconf 66' lang='lat' dir='ltr'>hab&lt;indum</span> <span class='ocrx_word' id='word_1_210' title='bbox 331 2641 434 2702; x_wconf 90' lang='lat' dir='ltr'>quam</span> <span class='ocrx_word' id='word_1_211' title='bbox 458 2621 590 2682; x_wconf 91' lang='lat' dir='ltr'>multos</span> <span class='ocrx_word' id='word_1_212' title='bbox 613 2641 701 2702; x_wconf 81' lang='lat' dir='ltr'>quos</span> <span class='ocrx_word' id='word_1_213' title='bbox 725 2623 977 2684; x_wconf 88' lang='lat' dir='ltr'>consuefacias</span> <span class='ocrx_word' id='word_1_214' title='bbox 1000 2625 1125 2702; x_wconf 90' lang='lat' dir='ltr'>potius</span> <span class='ocrx_word' id='word_1_215' title='bbox 1144 2633 1252 2684; x_wconf 89' lang='lat' dir='ltr'>noctu</span> 
     </span>
     <span class='ocr_line' id='line_1_25' title="bbox 81 2711 1254 2807; baseline -0.002 -13"><span class='ocrx_word' id='word_1_216' title='bbox 81 2711 262 2794; x_wconf 73' lang='lat' dir='ltr'>uiSilere</span> <span class='ocrx_word' id='word_1_217' title='bbox 296 2738 331 2792; x_wconf 88' lang='lat' dir='ltr'>et</span> <span class='ocrx_word' id='word_1_218' title='bbox 363 2729 525 2790; x_wconf 84' lang='lat' dir='ltr'>interdiu</span> <span class='ocrx_word' id='word_1_219' title='bbox 559 2728 702 2791; x_wconf 88' lang='lat' dir='ltr'>clausos</span> <span class='ocrx_word' id='word_1_220' title='bbox 735 2727 911 2807; x_wconf 88' lang='lat' dir='ltr'>dormire]</span> <span class='ocrx_word' id='word_1_221' title='bbox 944 2732 991 2791; x_wconf 79' lang='lat' dir='ltr'>De</span> <span class='ocrx_word' id='word_1_222' title='bbox 1021 2733 1161 2807; x_wconf 83' lang='lat' dir='ltr'>aonides,</span> <span class='ocrx_word' id='word_1_223' title='bbox 1189 2736 1254 2793; x_wconf 85' lang='lat' dir='ltr'>sine</span> 
     </span>
     <span class='ocr_line' id='line_1_26' title="bbox 78 2823 1253 2916; baseline 0.003 -22"><span class='ocrx_word' id='word_1_224' title='bbox 78 2823 218 2896; x_wconf 63' lang='lat' dir='ltr'>ouibus</span> <span class='ocrx_word' id='word_1_225' title='bbox 245 2839 351 2912; x_wconf 81' lang='lat' dir='ltr'>ntique</span> <span class='ocrx_word' id='word_1_226' title='bbox 379 2839 450 2898; x_wconf 86' lang='lat' dir='ltr'>vilio</span> <span class='ocrx_word' id='word_1_227' title='bbox 474 2855 587 2914; x_wconf 83' lang='lat' dir='ltr'>parurn</span> <span class='ocrx_word' id='word_1_228' title='bbox 618 2844 683 2897; x_wconf 83' lang='lat' dir='ltr'>iulo</span> <span class='ocrx_word' id='word_1_229' title='bbox 711 2840 758 2897; x_wconf 86' lang='lat' dir='ltr'>sii.</span> <span class='ocrx_word' id='word_1_230' title='bbox 804 2839 900 2897; x_wconf 82' lang='lat' dir='ltr'>Canes</span> <span class='ocrx_word' id='word_1_231' title='bbox 924 2841 1026 2912; x_wconf 81' lang='lat' dir='ltr'>potins</span> <span class='ocrx_word' id='word_1_232' title='bbox 1054 2857 1117 2916; x_wconf 89' lang='lat' dir='ltr'>sqq.</span> <span class='ocrx_word' id='word_1_233' title='bbox 1141 2838 1253 2898; x_wconf 87' lang='lat' dir='ltr'>Merula</span> 
     </span>
    </p>

    <p class='ocr_par' dir='ltr' id='par_1_6' title="bbox 36 2932 1255 3454">
     <span class='ocr_line' id='line_1_27' title="bbox 36 2932 1253 3024; baseline 0.002 -22"><span class='ocrx_word' id='word_1_234' title='bbox 36 2995 40 3002; x_wconf 88' lang='lat'>.</span> <span class='ocrx_word' id='word_1_235' title='bbox 77 2932 274 3015; x_wconf 63' lang='lat' dir='ltr'>³¹¹¹eposita</span> <span class='ocrx_word' id='word_1_236' title='bbox 298 2942 427 3024; x_wconf 88' lang='lat' dir='ltr'>rubrica,</span> <span class='ocrx_word' id='word_1_237' title='bbox 452 2961 540 3023; x_wconf 90' lang='lat' dir='ltr'>quam</span> <span class='ocrx_word' id='word_1_238' title='bbox 564 2962 599 3004; x_wconf 84' lang='lat' dir='ltr'>er</span> <span class='ocrx_word' id='word_1_239' title='bbox 623 2945 677 3024; x_wconf 84' lang='lat' dir='ltr'>iis,¹</span> <span class='ocrx_word' id='word_1_240' title='bbox 693 2961 768 3023; x_wconf 90' lang='lat' dir='ltr'>quae</span> <span class='ocrx_word' id='word_1_241' title='bbox 789 2946 818 3004; x_wconf 92' lang='lat' dir='ltr'>in</span> <span class='ocrx_word' id='word_1_242' title='bbox 838 2945 895 3003; x_wconf 88' lang='lat' dir='ltr'>fine</span> <span class='ocrx_word' id='word_1_243' title='bbox 915 2945 1020 3022; x_wconf 88' lang='lat' dir='ltr'>capitis</span> <span class='ocrx_word' id='word_1_244' title='bbox 1041 2944 1253 3005; x_wconf 87' lang='lat' dir='ltr'>undevicesimi</span> 
     </span>
     <span class='ocr_line' id='line_1_28' title="bbox 75 3024 1251 3131; baseline 0.003 -23"><span class='ocrx_word' id='word_1_245' title='bbox 75 3024 104 3084; x_wconf 62' lang='lat'>⁵¹¹</span> <span class='ocrx_word' id='word_1_246' title='bbox 149 3036 253 3112; x_wconf 83' lang='lat' dir='ltr'>libris</span> <span class='ocrx_word' id='word_1_247' title='bbox 281 3052 392 3129; x_wconf 88' lang='lat' dir='ltr'>scripta</span> <span class='ocrx_word' id='word_1_248' title='bbox 426 3060 523 3131; x_wconf 85' lang='lat' dir='ltr'>erant,</span> <span class='ocrx_word' id='word_1_249' title='bbox 556 3053 792 3111; x_wconf 77' lang='lat' dir='ltr'>concinnaverat.</span> <span class='ocrx_word' id='word_1_250' title='bbox 830 3068 899 3111; x_wconf 82' lang='lat' dir='ltr'>cnm</span> <span class='ocrx_word' id='word_1_251' title='bbox 927 3053 1076 3126; x_wconf 74' lang='lat' dir='ltr'>dipniidte</span> <span class='ocrx_word' id='word_1_252' title='bbox 1103 3051 1139 3111; x_wconf 90' lang='lat' dir='ltr'>de</span> <span class='ocrx_word' id='word_1_253' title='bbox 1169 3055 1251 3112; x_wconf 92' lang='lat' dir='ltr'>asino</span> 
     </span>
     <span class='ocr_line' id='line_1_29' title="bbox 73 3128 1253 3239; baseline 0.027 -53"><span class='ocrx_word' id='word_1_254' title='bbox 73 3128 221 3218; x_wconf 80' lang='lat' dir='ltr'>dictum</span> <span class='ocrx_word' id='word_1_255' title='bbox 250 3165 297 3218; x_wconf 89' lang='lat' dir='ltr'>est</span> <span class='ocrx_word' id='word_1_256' title='bbox 320 3154 431 3239; x_wconf 85' lang='lat'><strong>116,3</strong></span> <span class='ocrx_word' id='word_1_257' title='bbox 459 3175 528 3219; x_wconf 87' lang='lat' dir='ltr'>enm</span> <span class='ocrx_word' id='word_1_258' title='bbox 556 3161 705 3233; x_wconf 69' lang='lat' dir='ltr'>dignitate</span> <span class='ocrx_word' id='word_1_259' title='bbox 732 3165 767 3218; x_wconf 85' lang='lat' dir='ltr'>nt</span> <span class='ocrx_word' id='word_1_260' title='bbox 793 3160 844 3232; x_wconf 86' lang='lat' dir='ltr'>sit,</span> <span class='ocrx_word' id='word_1_261' title='bbox 873 3165 903 3217; x_wconf 91' lang='lat' dir='ltr'>et</span> <span class='ocrx_word' id='word_1_262' title='bbox 931 3156 1066 3218; x_wconf 91' lang='lat' dir='ltr'>similiter</span> <span class='ocrx_word' id='word_1_263' title='bbox 1094 3156 1130 3217; x_wconf 91' lang='lat' dir='ltr'>de</span> <span class='ocrx_word' id='word_1_264' title='bbox 1162 3158 1253 3218; x_wconf 90' lang='lat' dir='ltr'>forma</span> 
     </span>
     <span class='ocr_line' id='line_1_30' title="bbox 70 3242 1255 3344; baseline 0 -20"><span class='ocrx_word' id='word_1_265' title='bbox 70 3242 157 3309; x_wconf 62' lang='lat'>⁸⁰5⁸</span> <span class='ocrx_word' id='word_1_266' title='bbox 195 3262 224 3325; x_wconf 95' lang='lat' dir='ltr'>ll</span> <span class='ocrx_word' id='word_1_267' title='bbox 245 3261 320 3344; x_wconf 87' lang='lat'>4,3</span> <span class='ocrx_word' id='word_1_268' title='bbox 349 3283 387 3326; x_wconf 88' lang='lat' dir='ltr'>eo</span> <span class='ocrx_word' id='word_1_269' title='bbox 415 3274 459 3326; x_wconf 86' lang='lat' dir='ltr'>est</span> <span class='ocrx_word' id='word_1_270' title='bbox 488 3282 556 3326; x_wconf 83' lang='lat' dir='ltr'>cont</span> <span class='ocrx_word' id='word_1_271' title='bbox 584 3268 783 3342; x_wconf 83' lang='lat' dir='ltr'>amplitudine</span> <span class='ocrx_word' id='word_1_272' title='bbox 810 3267 1019 3326; x_wconf 82' lang='lat' dir='ltr'>membrorum.</span> <span class='ocrx_word' id='word_1_273' title='bbox 1058 3268 1159 3341; x_wconf 85' lang='lat' dir='ltr'>potins</span> <span class='ocrx_word' id='word_1_274' title='bbox 1187 3275 1255 3344; x_wconf 86' lang='lat' dir='ltr'>post</span> 
     </span>
     <span class='ocr_line' id='line_1_31' title="bbox 67 3357 1142 3454; baseline 0.001 -23"><span class='ocrx_word' id='word_1_275' title='bbox 67 3357 326 3448; x_wconf 67' lang='lat' dir='ltr'>⁶⁰²³suefocias</span> <span class='ocrx_word' id='word_1_276' title='bbox 349 3388 385 3432; x_wconf 81' lang='lat' dir='ltr'>er</span> <span class='ocrx_word' id='word_1_277' title='bbox 409 3370 624 3451; x_wconf 89' lang='lat' dir='ltr'>superioribus,</span> <span class='ocrx_word' id='word_1_278' title='bbox 648 3379 682 3433; x_wconf 93' lang='lat' dir='ltr'>ut</span> <span class='ocrx_word' id='word_1_279' title='bbox 706 3372 831 3454; x_wconf 82' lang='lat' dir='ltr'>ridetur,</span> <span class='ocrx_word' id='word_1_280' title='bbox 855 3375 1015 3451; x_wconf 90' lang='lat' dir='ltr'>repetitum</span> <span class='ocrx_word' id='word_1_281' title='bbox 1039 3371 1142 3433; x_wconf 90' lang='lat' dir='ltr'>deleri.</span> 
     </span>
    </p>

    <p class='ocr_par' dir='ltr' id='par_1_7' title="bbox 48 3461 1256 4203">
     <span class='ocr_line' id='line_1_32' title="bbox 192 3461 1253 3558; baseline 0.001 -19"><span class='ocrx_word' id='word_1_282' title='bbox 192 3477 244 3540; x_wconf 86' lang='lat' dir='ltr'>De</span> <span class='ocrx_word' id='word_1_283' title='bbox 274 3477 462 3539; x_wconf 84' lang='lat' dir='ltr'>indomitis</span> <span class='ocrx_word' id='word_1_284' title='bbox 481 3461 780 3558; x_wconf 85' lang='lat' dir='ltr'>¹quadripedibus</span> <span class='ocrx_word' id='word_1_285' title='bbox 808 3498 847 3539; x_wconf 93' lang='lat' dir='ltr'>ac</span> <span class='ocrx_word' id='word_1_286' title='bbox 876 3497 1004 3558; x_wconf 90' lang='lat' dir='ltr'>pecore</span> <span class='ocrx_word' id='word_1_287' title='bbox 1033 3478 1253 3558; x_wconf 88' lang='lat' dir='ltr'>faciendum]</span> 
     </span>
     <span class='ocr_line' id='line_1_33' title="bbox 62 3552 1256 3666; baseline 0.002 -21"><span class='ocrx_word' id='word_1_288' title='bbox 62 3552 299 3647; x_wconf 66' lang='lat' dir='ltr'>Faciendum</span> <span class='ocrx_word' id='word_1_289' title='bbox 327 3584 421 3645; x_wconf 90' lang='lat' dir='ltr'>deleri</span> <span class='ocrx_word' id='word_1_290' title='bbox 449 3584 541 3646; x_wconf 85' lang='lat' dir='ltr'>voluit</span> <span class='ocrx_word' id='word_1_291' title='bbox 570 3584 701 3665; x_wconf 88' lang='lat' dir='ltr'>Scaliger</span> <span class='ocrx_word' id='word_1_292' title='bbox 729 3595 878 3666; x_wconf 90' lang='lat' dir='ltr'>tamquam</span> <span class='ocrx_word' id='word_1_293' title='bbox 907 3596 1005 3646; x_wconf 94' lang='lat' dir='ltr'>ortum</span> <span class='ocrx_word' id='word_1_294' title='bbox 1033 3602 1073 3645; x_wconf 77' lang='lat' dir='ltr'>&#39;ex</span> <span class='ocrx_word' id='word_1_295' title='bbox 1107 3585 1256 3666; x_wconf 87' lang='lat' dir='ltr'>lemmate,</span> 
     </span>
     <span class='ocr_line' id='line_1_34' title="bbox 60 3674 1256 3774; baseline 0.004 -26"><span class='ocrx_word' id='word_1_296' title='bbox 60 3674 179 3774; x_wconf 55' lang='lat' dir='ltr'>{¹¹¹0d</span> <span class='ocrx_word' id='word_1_297' title='bbox 212 3691 335 3772; x_wconf 89' lang='lat' dir='ltr'>quidem</span> <span class='ocrx_word' id='word_1_298' title='bbox 360 3694 390 3752; x_wconf 91' lang='lat' dir='ltr'>in</span> <span class='ocrx_word' id='word_1_299' title='bbox 413 3692 551 3772; x_wconf 89' lang='lat' dir='ltr'>capitulis</span> <span class='ocrx_word' id='word_1_300' title='bbox 574 3692 664 3754; x_wconf 88' lang='lat' dir='ltr'>buius</span> <span class='ocrx_word' id='word_1_301' title='bbox 687 3691 756 3754; x_wconf 94' lang='lat' dir='ltr'>libri</span> <span class='ocrx_word' id='word_1_302' title='bbox 780 3695 998 3771; x_wconf 87' lang='lat' dir='ltr'>scriptumest,</span> <span class='ocrx_word' id='word_1_303' title='bbox 1023 3693 1058 3751; x_wconf 87' lang='lat' dir='ltr'>Si</span> <span class='ocrx_word' id='word_1_304' title='bbox 1071 3701 1166 3767; x_wconf 85' lang='lat' dir='ltr'>proto</span> <span class='ocrx_word' id='word_1_305' title='bbox 1185 3702 1256 3753; x_wconf 84' lang='lat' dir='ltr'>sunt</span> 
     </span>
     <span class='ocr_line' id='line_1_35' title="bbox 56 3780 1256 3877; baseline 0.003 -19"><span class='ocrx_word' id='word_1_306' title='bbox 56 3780 96 3824; x_wconf 56' lang='grc' dir='ltr'><strong>Μ</strong></span> <span class='ocrx_word' id='word_1_307' title='bbox 134 3788 271 3874; x_wconf 75' lang='lat' dir='ltr'>fundo,</span> <span class='ocrx_word' id='word_1_308' title='bbox 292 3817 387 3876; x_wconf 82' lang='lat' dir='ltr'>pecus</span> <span class='ocrx_word' id='word_1_309' title='bbox 410 3818 470 3860; x_wconf 91' lang='lat' dir='ltr'>non</span> <span class='ocrx_word' id='word_1_310' title='bbox 494 3807 547 3875; x_wconf 85' lang='lat' dir='ltr'>est,</span> <span class='ocrx_word' id='word_1_311' title='bbox 571 3804 646 3876; x_wconf 83' lang='lat' dir='ltr'>qnid</span> <span class='ocrx_word' id='word_1_312' title='bbox 667 3804 706 3861; x_wconf 86' lang='lat' dir='ltr'>sit</span> <span class='ocrx_word' id='word_1_313' title='bbox 726 3800 913 3877; x_wconf 73' lang='lat' dir='ltr'>faciendum.</span> <span class='ocrx_word' id='word_1_314' title='bbox 949 3796 1029 3858; x_wconf 92' lang='lat' dir='ltr'>hunc</span> <span class='ocrx_word' id='word_1_315' title='bbox 1053 3796 1204 3858; x_wconf 86' lang='lat' dir='ltr'>Gesnerus</span> <span class='ocrx_word' id='word_1_316' title='bbox 1226 3809 1256 3861; x_wconf 89' lang='lat' dir='ltr'>et</span> 
     </span>
     <span class='ocr_line' id='line_1_36' title="bbox 55 3864 1256 3992; baseline 0.002 -27"><span class='ocrx_word' id='word_1_317' title='bbox 55 3864 316 3992; x_wconf 55' lang='lat' dir='ltr'>sfhneiderus</span> <span class='ocrx_word' id='word_1_318' title='bbox 340 3909 436 3968; x_wconf 90' lang='lat' dir='ltr'>secuti</span> <span class='ocrx_word' id='word_1_319' title='bbox 460 3914 539 3988; x_wconf 88' lang='lat' dir='ltr'>sunt,</span> <span class='ocrx_word' id='word_1_320' title='bbox 562 3925 667 3986; x_wconf 91' lang='lat' dir='ltr'>parum</span> <span class='ocrx_word' id='word_1_321' title='bbox 691 3910 795 3968; x_wconf 89' lang='lat' dir='ltr'>attenti</span> <span class='ocrx_word' id='word_1_322' title='bbox 819 3906 854 3966; x_wconf 93' lang='lat' dir='ltr'>ad</span> <span class='ocrx_word' id='word_1_323' title='bbox 884 3905 1056 3967; x_wconf 86' lang='lat' dir='ltr'>brevitatem</span> <span class='ocrx_word' id='word_1_324' title='bbox 1085 3905 1202 3967; x_wconf 87' lang='lat' dir='ltr'>dicendi</span> <span class='ocrx_word' id='word_1_325' title='bbox 1225 3909 1256 3967; x_wconf 90' lang='lat' dir='ltr'>iu</span> 
     </span>
     <span class='ocr_line' id='line_1_37' title="bbox 74 3993 1256 4095; baseline -0.002 -20"><span class='ocrx_word' id='word_1_326' title='bbox 74 3993 123 4048; x_wconf 79' lang='lat'>¹⁸</span> <span class='ocrx_word' id='word_1_327' title='bbox 174 4016 354 4095; x_wconf 78' lang='lat' dir='ltr'>praeceptis</span> <span class='ocrx_word' id='word_1_328' title='bbox 378 4024 558 4094; x_wconf 88' lang='lat' dir='ltr'>usurpatam.</span> <span class='ocrx_word' id='word_1_329' title='bbox 596 4032 663 4075; x_wconf 92' lang='lat' dir='ltr'>uam</span> <span class='ocrx_word' id='word_1_330' title='bbox 693 4015 725 4074; x_wconf 91' lang='lat' dir='ltr'>in</span> <span class='ocrx_word' id='word_1_331' title='bbox 748 4017 805 4074; x_wconf 88' lang='lat' dir='ltr'>line</span> <span class='ocrx_word' id='word_1_332' title='bbox 834 4016 897 4075; x_wconf 92' lang='lat' dir='ltr'>eius</span> <span class='ocrx_word' id='word_1_333' title='bbox 926 4016 1018 4093; x_wconf 89' lang='lat' dir='ltr'>partis</span> <span class='ocrx_word' id='word_1_334' title='bbox 1047 4032 1122 4092; x_wconf 88' lang='lat' dir='ltr'>quae</span> <span class='ocrx_word' id='word_1_335' title='bbox 1151 4022 1197 4073; x_wconf 91' lang='lat' dir='ltr'>est</span> <span class='ocrx_word' id='word_1_336' title='bbox 1219 4012 1256 4073; x_wconf 92' lang='lat' dir='ltr'>de</span> 
     </span>
     <span class='ocr_line' id='line_1_38' title="bbox 48 4095 1255 4203; baseline 0.002 -26"><span class='ocrx_word' id='word_1_337' title='bbox 48 4095 282 4183; x_wconf 65' lang='lat' dir='ltr'>seulivocall</span> <span class='ocrx_word' id='word_1_338' title='bbox 305 4139 422 4201; x_wconf 57' lang='lat' dir='ltr'>genere,</span> <span class='ocrx_word' id='word_1_339' title='bbox 443 4111 635 4183; x_wconf 88' lang='lat' dir='ltr'>instrumenti</span> <span class='ocrx_word' id='word_1_340' title='bbox 663 4120 793 4182; x_wconf 90' lang='lat' dir='ltr'>breviter</span> <span class='ocrx_word' id='word_1_341' title='bbox 816 4120 1039 4203; x_wconf 82' lang='lat' dir='ltr'>praescribitur,</span> <span class='ocrx_word' id='word_1_342' title='bbox 1063 4120 1133 4201; x_wconf 92' lang='lat' dir='ltr'>quid</span> <span class='ocrx_word' id='word_1_343' title='bbox 1158 4121 1194 4181; x_wconf 89' lang='lat' dir='ltr'>de</span> <span class='ocrx_word' id='word_1_344' title='bbox 1213 4123 1255 4181; x_wconf 90' lang='lat' dir='ltr'>in·</span> 
     </span>
    </p>
   </div>
   <div class='ocr_carea' id='block_1_3' title="bbox 71 4210 1254 4383">
    <p class='ocr_par' dir='ltr' id='par_1_8' title="bbox 71 4210 1254 4383">
     <span class='ocr_line' id='line_1_39' title="bbox 71 4210 1254 4311; baseline -0.001 -22"><span class='ocrx_word' id='word_1_345' title='bbox 71 4210 234 4290; x_wconf 79' lang='lat' dir='ltr'>⁰¹1¹itis</span> <span class='ocrx_word' id='word_1_346' title='bbox 259 4228 501 4311; x_wconf 87' lang='lat' dir='ltr'>quadripedibus,</span> <span class='ocrx_word' id='word_1_347' title='bbox 525 4229 555 4289; x_wconf 93' lang='lat' dir='ltr'>iu</span> <span class='ocrx_word' id='word_1_348' title='bbox 580 4227 689 4309; x_wconf 92' lang='lat' dir='ltr'>quibus</span> <span class='ocrx_word' id='word_1_349' title='bbox 711 4246 803 4308; x_wconf 88' lang='lat' dir='ltr'>pecus</span> <span class='ocrx_word' id='word_1_350' title='bbox 827 4236 881 4303; x_wconf 91' lang='lat' dir='ltr'>est,</span> <span class='ocrx_word' id='word_1_351' title='bbox 905 4228 1023 4289; x_wconf 91' lang='lat' dir='ltr'>domino</span> <span class='ocrx_word' id='word_1_352' title='bbox 1043 4227 1125 4288; x_wconf 89' lang='lat' dir='ltr'>fundi</span> <span class='ocrx_word' id='word_1_353' title='bbox 1147 4229 1254 4288; x_wconf 91' lang='lat' dir='ltr'>facien·</span> 
     </span>
     <span class='ocr_line' id='line_1_40' title="bbox 1005 4327 1044 4383; baseline 0 -25"><span class='ocrx_word' id='word_1_354' title='bbox 1005 4327 1044 4383; x_wconf 59' lang='grc' dir='ltr'>ὅ*</span> 
     </span>
    </p>
   </div>
   <div class='ocr_carea' id='block_1_4' title="bbox 0 0 1449 4994">
    <p class='ocr_par' dir='ltr' id='par_1_9' title="bbox 0 0 1449 4994">
     <span class='ocr_line' id='line_1_41' title="bbox 0 0 1449 4994; baseline 0 0"><span class='ocrx_word' id='word_1_355' title='bbox 0 0 1449 4994; x_wconf 95' lang='lat' dir='ltr'> </span> 
     </span>
    </p>
   </div>
  </div>
 </body>
</html>
