2874 4994
145 314 211 380 282
487 323 677 378 ΟΟΜΜΕΝΤ,
696 323 736 377 IN
754 321 943 379 VARRONIS

145 497 242 558 neque
270 481 367 539 otiare
395 477 439 538 rei
463 496 522 558 quo
546 477 603 538 aiio
634 479 752 538 nominc
780 475 955 557 operculum
983 475 1130 538 doiiorum
1157 476 1247 558 appeli-

147 594 208 646 turn
233 593 287 645 cst.

234 689 339 753 XVI2
372 690 454 753 Nanr
487 710 563 753 cum
595 710 730 772 pauper
761 709 838 753 cum
872 690 1011 753 duobus
1045 690 1207 753 iratribus
1226 703 1250 754 et

146 798 282 861 duabus
315 797 504 860 sororibus
533 816 647 860 essem
676 797 831 860 reiictus
859 815 1008 878 quarum
1035 797 1177 860 aiteram
1199 800 1251 860 rire

145 908 227 968 dote
251 907 333 967 dedi
355 904 492 967 iucuiio
517 925 533 965 a
557 924 625 985 quo
650 905 855 966 hereditate
871 924 930 966 nne
954 922 1057 966 cessa
1080 906 1215 985 primurn
1230 914 1253 965 et

145 1015 280 1093 primus
315 1013 465 1074 muisurn
493 1013 586 1073 domi
615 1032 710 1074 meae
738 1011 864 1074 bibere
892 1013 996 1092 coepi
1023 1010 1120 1092 ipse]
1152 1013 1254 1086 θνα-ω

146 1129 197 1181 aut
211 1119 368 1181 deiendunr
385 1131 435 1181 aut
450 1138 556 1181 eornm
571 1119 762 1181 scribendum
773 1137 839 1181 esse
854 1118 1003 1180 adnotavit
1014 1117 1153 1200 Scaliger,
1165 1117 1255 1180 ueiudt

145 1226 310 1301 Gesnerus,
343 1230 475 1288 duorum
504 1229 632 1288 coniecit
662 1225 682 1286 1.
707 1226 737 1287 F.
764 1226 931 1287 Gronovius
957 1225 1037 1305 apud
1065 1224 1256 1287 Scirueideruu

146 1333 278 1413 exempla
302 1333 390 1393 huius
414 1334 625 1414 anacoluthiae,
655 1351 723 1395 cunr
747 1342 814 1413 post
837 1334 1079 1395 coniunctionem
1107 1350 1173 1394 curu
1192 1335 1257 1394 iuter

144 1440 250 1520 positis
275 1439 404 1501 reiativis
428 1443 585 1502 sententiis
609 1443 705 1502 iustus
725 1440 885 1502 verborum
905 1440 978 1501 ordo
998 1438 1198 1522 perturbatur,
1212 1439 1264 1500 dedi·

145 1545 206 1627 11,
226 1545 257 1608 2.
275 1580 319 1590 -
338 1551 380 1607 nri
401 1566 487 1608 cesso
511 1548 675 1628 iucunduS,
703 1567 749 1610 me
773 1567 859 1610 cesso
883 1567 919 1609 ex
948 1565 1037 1608 manu
1062 1549 1180 1626 scriptis
1201 1546 1259 1607 iibris

144 1655 288 1735 Angelius
307 1656 446 1714 restituit.
484 1672 531 1716 me
549 1655 644 1715 dativo
665 1674 735 1716 casu
754 1657 784 1715 in
800 1654 952 1716 codicibus
967 1656 1114 1734 scripturn
1131 1663 1176 1714 est
1192 1653 1260 1714 Piaut

144 1761 250 1824 Bacch.
269 1757 335 1824 565
358 1779 405 1824 me
430 1764 490 1821 ires
514 1765 681 1823 consultum
700 1766 778 1823 mole
797 1773 827 1822 ct
846 1759 910 1823 684
929 1779 976 1823 me
994 1765 1074 1824 maie
1095 1765 1260 1834 comnena,

145 1869 226 1930 Varr.
246 1868 282 1929 de
302 1869 370 1948 ling.
390 1868 439 1930 iat.
458 1866 507 1927 Vii
526 1867 546 1931 8
567 1872 675 1946 templa
695 1877 838 1945 roseoque
861 1888 907 1930 nte
925 1873 969 1930 ito
986 1875 1086 1930 sunto.
1128 1886 1163 1928 ex
1185 1877 1261 1927 uetere

144 1978 292 2055 scriptura
326 1980 396 2049 mei,
431 1977 516 2035 cuius
547 1974 679 2054 exempla
714 1975 917 2036 Lachmannus
951 1977 980 2035 in
1004 1973 1094 2035 Lucr.
1117 1971 1221 2054 peis
1241 1983 1262 2033 et

142 2085 174 2145 Α.
195 2082 355 2143 iiueiierus
379 2082 415 2143 de
440 2084 546 2163 priscis
571 2081 731 2143 verborum
755 2083 858 2144 fonnis
882 2081 1072 2142 Varronianis
1096 2101 1124 2161 p.
1143 2078 1184 2143 48
1206 2098 1262 2141 con

144 2198 313 2271 posuerunt
344 2199 374 2250 et
407 2208 493 2269 quarn
527 2191 557 2249 in
587 2189 683 2250 dativo
711 2208 782 2251 casu
807 2188 941 2268 Nigidius
969 2188 1047 2269 apud
1075 2185 1263 2249 Geiiiurniiiii

143 2294 236 2372 26,4
259 2296 408 2378 probavit,
437 2296 508 2356 haec
538 2296 676 2357 videntur
703 2295 806 2358 relicta
836 2315 910 2356 esse.
957 2313 1025 2356 uam
1048 2314 1085 2356 ex
1112 2298 1190 2357 mitre
1213 2313 1263 2354 rou·

143 2407 288 2467 tructione
317 2405 426 2465 iactum
455 2422 521 2464 esse
550 2421 597 2465 me
624 2405 726 2483 paucis
750 2403 838 2464 huius
866 2405 1031 2483 scripturae
1060 2401 1202 2482 exemplis
1221 2418 1264 2460 oon

143 2513 214 2573 satis
238 2510 462 2589 comprobatum
488 2520 541 2572 est.
579 2510 685 2571 deinde
705 2514 835 2571 duretur
858 2514 985 2572 mulsum
1004 2511 1121 2589 scripsi,
1140 2508 1191 2569 ubi
1208 2511 1265 2568 dori

142 2621 173 2679 in
197 2618 357 2698 archetypo
377 2618 468 2680 fuisso
494 2617 620 2678 videtur.
666 2617 813 2677 namhoc
838 2616 909 2677 dicit
932 2618 1057 2696 Appius,
1084 2632 1116 2676 se
1141 2624 1202 2676 turn
1221 2614 1265 2694 pri·

145 2743 234 2804 uirum,
254 2742 321 2783 cunr
343 2724 536 2785 hereditatem
557 2723 672 2785 Lucuiii
691 2727 864 2807 accepisset,
882 2723 1011 2784 mulsum
1030 2721 1134 2783 bibere
1153 2723 1266 2802 coepisse

142 2839 173 2891 et
196 2831 325 2909 primum
349 2833 480 2891 omnium
510 2831 581 2891 iiiud
605 2832 683 2891 dorni
712 2833 890 2913 instituisse,
922 2848 990 2891 crim
1018 2839 1116 2891 tamen
1145 2829 1226 2907 vuigo
1244 2829 1267 2888 in

142 2937 283 2998 conviviis
309 2935 436 2997 mirisum
460 2939 569 3017 apponi
592 2937 729 2997 omuibus
753 2913 871 2998 soleret.

231 3043 251 3106 3
284 3045 329 3104 De
358 3043 571 3105 incredibiii
603 3063 724 3105 earum
757 3046 887 3105 artium
918 3044 1077 3104 naturali
1107 3043 1205 3121 audi]
1234 3044 1270 3102 be

141 3155 318 3215 incredibili
346 3170 453 3214 earnm
477 3156 577 3213 unium
601 3161 716 3214 notura
745 3151 823 3212 edita
851 3152 919 3211 iude
947 3169 963 3211 a
991 3153 1127 3231 principe
1155 3152 1272 3212 editione

142 3259 327 3338 exemplaria.
375 3263 413 3320 de
436 3261 612 3320 incredibili
633 3277 739 3319 eurum
766 3266 835 3319 orte
857 3261 996 3319 naturali
1013 3260 1135 3337 scripsi:
1164 3263 1274 3337 apparet

141 3369 218 3427 enirn
248 3367 284 3426 ad
313 3385 346 3427 ea
375 3386 450 3446 quae
479 3366 671 3447 antecedunt,
705 3368 813 3440 quibus
837 3368 1001 3442 plurimum
1033 3373 1149 3427 notura
1183 3365 1276 3439 inperii

141 3481 232 3550 utque
255 3478 333 3535 ortis
356 3475 471 3546 tribuit,
496 3473 567 3533 haec
592 3472 748 3533 referenda
771 3490 845 3532 esse.

229 3578 363 3640 Merula
387 3588 424 3640 ut
448 3587 568 3641 cetera
593 3582 682 3642 iecit
710 3579 911 3640 historicos
934 3595 1022 3657 quae
1051 3580 1157 3657 sequi
1187 3576 1276 3637 meii-

141 3696 268 3764 turgeo
292 3683 435 3746 soieant
458 3687 493 3745 id
522 3696 575 3747 est
606 3689 666 3766 qui
694 3696 841 3747 exercet
868 3683 1031 3746 mellaria
1059 3683 1276 3745 demonstra·

140 3783 209 3874 bit]
243 3791 285 3852 De
315 3795 437 3855 veritate
466 3796 630 3874 scripturae
658 3797 819 3855 historicos
846 3795 1026 3873 interpretes
1054 3790 1192 3853 dubitare
1224 3810 1277 3851 non

141 3897 296 3960 debebant.
342 3920 409 3960 narn
434 3901 593 3979 disputatio
617 3900 654 3960 de
682 3900 787 3980 apibus
815 3903 854 3960 ita
883 3899 974 3960 divisa
997 3908 1056 3979 est,
1089 3906 1123 3958 ut
1154 3900 1277 3977 primum

141 4009 253 4088 Appius
285 4027 319 4068 ea
353 4027 428 4088 quae
462 4007 497 4069 ad
527 4018 661 4070 naturam
690 4027 791 4069 earum
824 4009 975 4087 pertinent
1003 4015 1144 4085 exponat,
1177 4003 1277 4065 deinde

140 4115 252 4176 Merula
275 4132 309 4175 ea
332 4133 409 4193 quiae
434 4114 646 4195 ameiitturgis
666 4116 849 4194 experientia
866 4115 987 4173 inventa
1005 4119 1076 4172 sunt
1095 4119 1206 4173 narret
1237 4113 1275 4171 in-

140 4229 240 4299 eptum
271 4228 369 4279 autem
398 4228 443 4279 est
471 4211 607 4299 ὑλικῶς,
641 4221 718 4301 quod
749 4240 783 4281 ex
814 4215 931 4280 ‘vetere
959 4212 1077 4279 codice'
1109 4217 1146 4279 ab
1176 4216 1274 4278 Ursino

141 4327 311 4386 adnotatum
332 4325 532 4388 Schneiderus
551 4331 673 4408 recepit.
711 4332 806 4389 idest
823 4330 877 4402 qur·
895 4332 1020 4387 exercet
1038 4329 1189 4407 mollario,
1206 4341 1272 4404 quae

139 4431 174 4492 ad
193 4450 332 4511 graecum
353 4451 459 4496 nomen
479 4434 626 4515 adscripta
642 4443 735 4516 eraut,
757 4434 826 4495 iude
844 4432 882 4494 ab
900 4431 1004 4493 didina
1024 4432 1156 4494 editione
1174 4433 1271 4493 omues
