2874 4994
350 333 480 388 RERVM
498 334 737 389 RVSTICARVM
756 335 824 390 LIB.
843 336 869 388 ΙΙ
890 333 908 390 9
1138 327 1199 391 201

42 479 248 568 τραχήλους.
294 498 325 550 et
354 487 507 549 deinde4
538 487 607 550 τῶν
640 484 677 551 δὲ
712 491 861 568 θηλειῶν
898 482 1112 568 δοκιμάζουσι
1144 482 1203 562 τὰς

45 590 305 675 κεκοσμημένας
326 603 397 669 τοῖς
425 589 678 675 προειρημένοις
704 589 980 676 πλεονεκτήμασι,
1002 591 1137 674 προσέτι
1166 589 1203 658 dl

46 695 108 762 real
144 695 425 783 μεγαλομάσθοος
456 695 516 776 τάς
547 722 581 764 τε
614 695 667 764 ἐπ’
702 694 814 764 αὐτῶν
849 696 960 782 θηλὰς
996 698 1204 785 ἰσομεγέθεις

51 801 208 889 ἑχούσοις.

148 917 219 978 Νοο
241 916 391 996 penduli
409 915 551 994 subtus]
573 919 635 978 Nec
651 919 780 993 penduli
797 919 892 977 omnia
912 916 1088 1000 apographa,
1107 937 1204 994 aeque

50 1028 199 1103 pendulas
222 1026 253 1084 in
277 1014 418 1105 principe
436 1023 566 1085 editione
590 1024 754 1085 Politianns
779 1043 837 1084 non
861 1027 999 1085 correxit.

148 1130 172 1191 4
204 1129 380 1192 cruribus
416 1149 454 1191 ac
491 1131 586 1191 collo
624 1130 830 1191 internodis
866 1133 980 1191 rectis
1016 1140 1051 1193 et
1083 1135 1204 1213 potius

55 1240 176 1299 uariis
203 1256 304 1316 qitam
333 1240 444 1299 natiis
471 1236 624 1316 pedibus
652 1240 789 1316 magnis
817 1247 851 1298 et
878 1237 963 1298 altis
991 1242 1051 1317 qni
1083 1242 1202 1318 ingre·

55 1343 177 1406 dienti
206 1346 239 1406 ei
266 1342 529 1424 displorantnr]
556 1346 594 1405 m
618 1349 720 1421 potios
748 1343 815 1404 libri
843 1363 930 1406 manu
959 1347 1063 1424 scripti
1087 1355 1117 1406 et
1140 1345 1204 1407 Vic-

56 1455 166 1531 torius,
190 1470 229 1514 oe
248 1456 350 1529 potius
373 1450 451 1512 edita
475 1459 543 1512 ante
567 1451 729 1511 Victoriam
753 1451 944 1533 exemplaria,
967 1451 1045 1531 quod
1069 1455 1100 1513 in
1125 1456 1203 1532 prin-

56 1561 128 1638 cipe
153 1558 282 1620 editione
306 1558 470 1619 Politianus
493 1578 552 1618 non
576 1560 715 1618 correxit.
753 1562 871 1634 mapnis
890 1566 919 1619 et
938 1563 1009 1620 altis
1033 1558 1101 1620 libri
1120 1578 1208 1623 manu

55 1669 176 1747 scripti,
199 1670 318 1742 maenis
341 1669 411 1727 altis
434 1665 524 1727 editio
548 1667 723 1744 princepsa
743 1663 886 1725 Politiano
911 1683 969 1726 non
990 1677 1132 1727 correcta.
1170 1687 1209 1730 ae

55 1778 140 1837 collo
172 1775 355 1846 internodia,
389 1789 465 1851 qnae
498 1791 535 1831 es
567 1770 772 1851 superioribus
807 1774 933 1850 repetita
970 1782 1066 1850 erant,
1099 1774 1210 1836 Merula

57 1879 180 1943 delevit
210 1879 317 1941 deinde
337 1883 421 1940 noris
440 1897 495 1959 pro
514 1881 610 1939 oarir‘s
629 1897 665 1938 ex
685 1897 737 1939 sua
757 1881 928 1939 coniectura
947 1879 1029 1941 dedit
1049 1880 1211 1943 Victorius:

57 2006 130 2050 nam
156 1987 235 2067 quod
260 1987 296 2047 de
319 1987 431 2047 codicis
455 1987 602 2065 scriptura
627 1984 789 2066 adnotavit,
813 1984 848 2044 ad
873 1990 962 2047 ratiis
989 1989 1132 2066 pertinet,
1155 2007 1210 2067 pro

58 2114 122 2176 qno
148 2098 248 2156 uariis
270 2096 301 2154 in
325 2091 507 2153 editionibus
531 2102 616 2152 antea
640 2093 793 2170 impressis
816 2091 992 2153 inveniebat.
1032 2113 1098 2155 vara
1123 2114 1209 2156 crura

60 2213 165 2265 antem
185 2210 255 2262 sunt
273 2200 397 2262 distorta
417 2207 447 2259 et
466 2197 605 2259 distantia
623 2197 749 2277 pedihus
768 2200 932 2260 introrsum
952 2205 1087 2262 retortis:
1110 2203 1210 2263 lloret.

61 2320 117 2372 sat.
143 2307 205 2389 13,
223 2306 265 2369 47
298 2307 439 2387 Porphyr.
468 2309 499 2366 in
522 2305 592 2366 Hor.
616 2306 634 2366 l.
654 2325 678 2366 c.
707 2304 782 2366 Non.
806 2325 833 2385 p.
852 2303 905 2386 26,
925 2304 953 2367 7.
991 2310 1065 2368 vatia
1090 2311 1209 2369 suntin

58 2418 238 2480 interiorem
262 2423 376 2494 partem
400 2431 542 2475 converse
567 2412 745 2473 distantibus
775 2411 914 2492 pedibus,
938 2414 1016 2474 nnde
1045 2434 1208 2495 cognomen

58 2525 146 2585 Vatia
170 2523 292 2584 ductum
316 2531 374 2582 est:
399 2522 480 2582 Varr.
505 2519 542 2580 de
567 2519 635 2597 ling.
660 2518 707 2579 lat.
727 2518 768 2580 tx
791 2517 830 2580 10
852 2523 947 2594 siquis
966 2540 1136 2597 puerorum
1153 2542 1211 2599 per

59 2634 192 2694 delicias
218 2634 312 2708 pedes
339 2633 417 2689 mole
442 2646 558 2705 ponere
590 2633 681 2701 atque
714 2629 831 2687 imitari
857 2630 956 2688 votior
984 2634 1130 2706 eoeperit,
1158 2633 1211 2692 laos
1274 2635 1278 2641 '

32 2741 186 2814 „corrupi
206 2746 348 2815 oportere
370 2741 398 2796 si
420 2737 577 2808 concedat,
601 2742 710 2794 contra
733 2736 829 2809 siquis
853 2731 884 2794 in
908 2738 1126 2797 consuetudine
1149 2754 1210 2796 om·

59 2847 193 2908 bulardi
215 2848 276 2904 iam
297 2841 402 2918 sactus
424 2845 463 2902 sii
487 2845 570 2902 natio
594 2849 649 2902 aot
671 2845 849 2917 cooperitis,
872 2845 900 2902 si
921 2860 988 2902 eum
1012 2847 1131 2919 corripi
1152 2862 1211 2904 non

59 2955 224 3026 concedat,
243 2949 317 3010 Plin.
332 2948 371 3009 lll
386 2945 452 3010 254
475 2967 604 3024 namque
623 2955 653 3009 et
670 2951 742 3009 dinc
761 2952 941 3023 coenomino
962 2953 1084 3010 inventa
1104 2951 1215 3011 Planci

60 3062 171 3121 Plauti
184 3060 305 3119 Pansae
319 3059 442 3130 Scauri,
465 3060 545 3117 sicut
564 3057 747 3115 acroribus
770 3055 845 3113 Vari
866 3056 972 3114 Vatiae
994 3056 1114 3128 Vatinii,
1133 3075 1212 3130 quae

60 3170 140 3228 nitio
154 3173 185 3227 et
199 3169 230 3226 ia
248 3166 498 3240 quadripedibus.
525 3161 637 3240 glossas
657 3159 760 3220 eodem
781 3163 965 3240 pertinentes
980 3159 1061 3220 dedit
1075 3160 1211 3221 Loen'ins

62 3273 217 3355 prodrom.
237 3270 326 3350 gloss.
350 3289 377 3350 p.
397 3267 471 3331 388.
509 3267 616 3328 deinde
640 3264 715 3327 allos
738 3284 797 3327 non
821 3283 909 3344 posse
934 3264 993 3326 dici
1017 3265 1107 3344 pedes
1131 3269 1212 3326 canis

58 3378 210 3442 intellexit
240 3378 453 3457 Schneiderus,
484 3377 535 3454 qui
563 3375 748 3454 transpositis
777 3371 875 3432 verbis
903 3381 932 3434 et
960 3376 1030 3433 ollis
1058 3372 1093 3431 ad
1123 3392 1210 3435 crura

60 3489 138 3549 lmec
162 3487 269 3546 reterri
293 3485 394 3564 voluit,
414 3485 559 3544 cruribus
582 3484 674 3543 rectis
693 3488 722 3542 et
745 3484 815 3541 altis
838 3488 869 3541 ct
887 3484 990 3557 potios
1013 3483 1096 3540 varis
1119 3498 1209 3554 ηιιοοι

60 3598 166 3674 ratiis,
180 3594 310 3669 pedidus
333 3593 452 3665 νεαροῖς
475 3593 528 3665 qui
545 3606 618 3668 sqq,
642 3586 732 3667 idque
756 3587 924 3647 confirmari
944 3590 1058 3667 putavit
1077 3589 1114 3646 ils
1136 3605 1210 3666 qnae

61 3721 101 3763 ex
135 3701 307 3779 geoponicis
339 3699 454 3776 graecis
487 3712 576 3775 snpra
609 3696 725 3773 scripsi.
771 3693 823 3754 sed
851 3696 881 3753 in
911 3693 956 3754 his
988 3712 1046 3754 non
1075 3702 1211 3754 accurate

62 3807 209 3868 Varronis
233 3804 321 3867 verba
346 3822 486 3884 expressa
510 3821 576 3862 esse
600 3811 730 3881 apparet.
776 3801 868 3862 Varro
895 3809 994 3861 autem
1018 3802 1087 3880 quid
1120 3804 1212 3881 scrip·

61 3916 155 3996 serit,
178 3932 213 3973 ex
237 3915 274 3973 iis
298 3930 374 3990 quae
398 3929 487 3991 supra
511 3911 547 3970 de
573 3909 669 3970 bnbrrs
693 3911 802 3989 scripta
821 3898 926 3986 erant,
949 3905 975 3965 ll
995 3904 1024 3986 5,
1044 3905 1063 3967 8
1083 3911 1213 3983 pedidus

61 4040 128 4084 non
160 4024 231 4081 lates
263 4037 360 4094 neque
393 4019 634 4093 inpredientidas
671 4021 724 4091 ηιιι·
761 4017 990 4091 displodantur,
1024 4012 1212 4089 intellegitur.

59 4134 166 4208 itaque
193 4128 302 4206 scripsi
326 4128 455 4203 pedidus
483 4128 601 4200 mopar'a
628 4133 657 4184 et
684 4127 767 4196 lotis,
799 4125 853 4198 poi
880 4123 1066 4197 inpredienti
1096 4123 1126 4180 ei
1151 4122 1211 4181 dre-

55 4230 240 4316 piollaatar.

158 4339 286 4400 Selone
323 4346 362 4399 ut
399 4356 530 4397 corneo
568 4355 609 4396 ne
646 4337 792 4396 nimium
833 4333 921 4394 duro
963 4333 1023 4393 sed
1067 4342 1104 4395 ut
1140 4334 1209 4395 ler-

59 4454 227 4513 mentato
265 4464 303 4506 ac
340 4443 439 4506 molli
475 4464 491 4504 a
528 4442 723 4504 feminibus
760 4443 905 4503 summis
941 4458 1093 4529 corpore
1131 4461 1212 4523 snp-
