2874 4994
146 347 189 411 68
487 355 677 411 ΟΟΜΜΕΝΤ.
695 356 736 410 IN
755 354 942 411 VARRONIS

145 509 216 571 dum
240 511 287 572 sit.
321 510 499 587 faciendum
522 514 582 573 sie:
608 514 637 573 si
660 519 755 588 prata
782 517 854 573 suat
879 510 1007 571 coniecit
1035 505 1209 569 aaronem
1226 506 1252 569 de

149 619 399 697 praepositionum
424 617 460 679 ab
484 618 520 679 de
544 637 580 679 er
605 637 660 680 usu
679 616 861 679 Varroniano
883 633 911 696 p.
931 613 983 678 37.

234 725 349 787 XXIII
383 724 477 797 Quae
502 744 542 786 ex
566 725 764 787 uiminibus
786 733 821 785 et
844 725 993 785 materia
1018 723 1156 784 rustica
1173 720 1257 801 liunt]

145 829 281 892 Materia
308 835 454 893 rusoaria
483 831 683 893 Schneiderns
710 833 851 912 coniecit,
882 839 917 893 ut
944 839 1061 891 corinna
1089 847 1179 909 genus
1204 828 1263 908 igni

144 938 370 1020 significaretur,
390 957 566 1018 quamquam
587 957 717 1017 ruscum,
740 937 818 1017 quod
842 946 888 999 est
910 955 1006 1017 genus
1027 936 1213 1018 dumetorum,
1228 934 1264 996 ul

144 1062 177 1105 ea
202 1047 399 1107 instrumenta
429 1064 503 1125 quae
533 1046 639 1106 deinde
664 1044 848 1125 appellantur
877 1045 998 1106 minime
1021 1053 1124 1124 aptum
1145 1061 1204 1105 esre
1220 1060 1267 1122 ap·

142 1160 235 1231 paret.
276 1156 387 1214 rustica
411 1155 533 1215 materia
556 1153 666 1213 dicitur
688 1170 763 1232 quae
787 1154 852 1213 ruri
874 1154 1017 1213 nascitur.

233 1259 400 1321 Fiscinae
428 1259 564 1321 tribula
594 1258 690 1320 malli
718 1257 879 1337 rastelli]
907 1259 1006 1320 Malei
1030 1256 1155 1341 Merula,
1182 1257 1274 1318 auci

142 1365 293 1429 Iucundus
317 1377 347 1428 et
369 1365 476 1427 deinde
501 1365 608 1445 reliqui
631 1365 769 1427 editores.
807 1384 861 1445 pro
885 1364 942 1426 hoc
964 1367 1039 1426 ualli
1065 1365 1179 1445 scripsi,
1199 1361 1268 1444 quod

142 1492 237 1554 genus
261 1475 452 1535 instrumenti
481 1475 510 1534 iu
534 1475 570 1534 iie
599 1491 673 1552 quae
703 1491 719 1533 e
743 1472 902 1533 viminibus
930 1472 1007 1533 liunt
1036 1479 1272 1533 commemoraur

143 1578 156 1640 l
174 1578 227 1661 23,
241 1577 270 1642 5.
303 1599 377 1642 usus
397 1579 539 1641 vallorum
559 1579 740 1641 describitur
758 1578 771 1639 l
789 1576 842 1660 52,
856 1577 886 1640 2.
919 1597 954 1639 ex
973 1578 1031 1639 alio
1049 1577 1189 1640 Varronis
1204 1576 1272 1638 libro

143 1687 280 1749 videntur
309 1690 400 1766 petita
428 1705 494 1748 esse
527 1705 603 1766 quae
637 1697 777 1766 corrupta
806 1686 946 1765 leguntur
978 1684 1057 1764 apud
1087 1685 1215 1746 Servium
1238 1685 1273 1743 iu

143 1794 228 1874 Verg.
247 1813 347 1874 georg.
366 1793 379 1854 l
400 1792 462 1856 166
491 1803 521 1856 et
551 1798 680 1872 mystica
713 1813 830 1855 acanus
857 1795 980 1875 Iacchi,
1013 1795 1047 1854 id
1077 1800 1123 1855 eat
1149 1794 1272 1854 crr'lrrm

143 1907 256 1976 areale,
293 1905 419 1978 leaimus
442 1909 541 1962 tamen
565 1908 594 1963 et
617 1905 712 1962 vallus
735 1903 900 1963 secundum
927 1901 1095 1962 Varronem
1113 1902 1193 1961 heac
1206 1901 1274 1972 fieti

144 2012 215 2070 cula
236 2011 329 2085 pollio
351 2016 449 2085 mysia
473 2012 578 2081 vadus,
602 2010 684 2083 quod
707 2011 785 2068 idem
807 2010 902 2069 nilrilo
925 2011 1024 2068 minua
1047 2010 1207 2083 munificat,
1226 2003 1276 2066 obi

139 2117 270 2189 fiscinae
293 2117 407 2176 tribula
430 2117 510 2195 valli,
531 2116 626 2176 Pollio
650 2118 779 2191 anystica
802 2118 898 2176 uellus
921 2116 1068 2193 scriptum
1088 2114 1180 2175 tuisse
1196 2111 1276 2174 Thilo

142 2224 282 2302 coniecit3
317 2224 387 2283 item
416 2221 494 2301 apud
523 2220 644 2283 Festum
673 2240 701 2300 p.
720 2218 800 2301 375,
820 2218 862 2282 10
897 2221 1012 2282 Valuoli
1034 2220 1133 2297 sabae
1156 2219 1282 2297 salmati

142 2333 289 2406 appellati
309 2336 392 2403 suat,
421 2332 510 2404 quasi
532 2331 676 2403 vallivoli,
703 2331 776 2402 quia
800 2331 877 2388 uallo
901 2330 978 2388 iacti
1003 2330 1210 2389 excutiantur.
1241 2326 1278 2386 de

142 2436 246 2497 ecdem
270 2438 389 2497 nomine
409 2437 519 2515 scripta
543 2444 613 2496 sunt
631 2434 712 2514 haec,
731 2433 768 2495 de
788 2432 887 2496 dubiis
906 2432 1077 2496 nominibus
1095 2452 1216 2512 gramm.
1231 2432 1280 2494 lat.

142 2562 167 2602 v.
191 2543 214 2601 V
237 2561 265 2621 p.
289 2539 369 2621 592,
389 2540 432 2603 24
462 2543 577 2617 Velius,
606 2544 637 2602 in
669 2560 730 2618 qua
755 2541 943 2618 frumentum
966 2544 1134 2619 excutitur,
1163 2543 1284 2618 aeaut&

140 2648 289 2723 seminini,
313 2657 347 2709 ut
373 2650 516 2723 Virailius
539 2667 621 2710 auae
644 2652 773 2727 mystica
796 2635 896 2710 uallud
916 2657 946 2710 et
968 2650 999 2709 in
1025 2650 1176 2727 excerptis
1198 2646 1287 2726 capri

142 2774 167 2816 v.
188 2752 237 2815 Vll
259 2774 288 2834 p.
310 2752 425 2837 112,2
460 2755 562 2817 Vultus
589 2758 679 2836 llaec,
707 2775 768 2830 quo
793 2727 980 2832 [romerium
1009 2758 1183 2836 excutitur,
1212 2757 1291 2815 itan

143 2861 219 2941 apud
239 2860 367 2923 Plinium
387 2861 477 2922 XVlll
495 2860 560 2924 296
584 2863 620 2923 de
644 2881 701 2923 usu
720 2861 861 2923 vallorum
888 2864 918 2923 in
946 2881 1043 2924 messe
1063 2861 1196 2925 iacienda
1212 2861 1309 2922 ualle·

138 2972 353 3046 praearuades
375 3002 413 3012 -
430 2989 488 3047 per
506 2977 635 3047 repetem
656 2973 842 3047 inpelluntur
856 2978 887 3031 et
902 2974 945 3031 ita
963 2972 1111 3048 dereptae
1125 2973 1157 3031 ia
1175 2972 1301 3031 aelim

141 3078 257 3137 cadunt
278 3079 391 3154 spicue.

235 3185 353 3245 Cenabi
375 3183 443 3246 libri
462 3202 550 3246 manu
571 3186 685 3267 scripti,
703 3186 837 3245 caaaubi
855 3184 885 3245 in
905 3185 1040 3264 principe
1059 3183 1191 3246 editione
1207 3183 1305 3244 Poli-

144 3292 240 3352 tianus
264 3309 323 3352 nou
343 3294 481 3352 correxit.
519 3294 549 3352 in
569 3291 727 3371 archetypo
751 3291 867 3352 ridetur
886 3292 1001 3352 canabi
1018 3293 1165 3372 scriptum
1183 3290 1304 3366 laute,

140 3405 241 3477 postea
265 3410 435 3459 correctum
458 3400 600 3460 cannabi.

230 3503 251 3566 2
284 3505 320 3565 Si
353 3513 489 3584 emptae
523 3515 629 3566 erunt
660 3507 781 3584 potius
811 3504 851 3565 ad
880 3503 1078 3566 utilitatem
1106 3522 1205 3586 quam
1234 3499 1295 3564 ob

142 3609 317 3690 speciem]
346 3610 438 3672 lmmo
462 3615 505 3673 ud
525 3615 662 3689 speciem.
700 3614 736 3673 od
759 3622 879 3691 praeter
902 3610 982 3672 hunc
1010 3609 1111 3672 locum
1139 3609 1225 3672 semel
1244 3611 1291 3668 in

143 3718 190 3778 luis
213 3716 297 3777 libris
316 3716 432 3799 legitur,
454 3718 507 3779 sed
526 3720 630 3779 vitiose
650 3719 804 3798 scriptum,
828 3715 867 3778 lll
886 3714 972 3799 9,11
994 3720 1028 3779 id
1044 3737 1111 3780 ease
1129 3720 1165 3780 ob
1184 3721 1288 3790 inore,

142 3842 229 3904 saepe
263 3833 398 3901 propter.
447 3829 490 3887 ad
522 3829 650 3902 speciem
682 3824 804 3905 legitur,
842 3826 975 3903 quamvis
1007 3825 1126 3887 diversa
1157 3822 1285 3886 nominis

141 3931 368 4014 significatione,
397 3929 522 4013 1115,4
549 3935 592 3993 ad
612 3930 742 4010 speeiem
766 3936 972 3994 cancellorum
996 3940 1026 3994 et
1049 3932 1089 3994 ib.
1111 3930 1153 3996 10
1174 3933 1214 3993 ad
1230 3938 1280 3990 ta·

141 4040 231 4100 dulae
253 4043 425 4101 litterariae
447 4043 584 4117 speciem.

230 4144 250 4206 3
282 4145 370 4205 Vasa
393 4143 528 4205 olearia
556 4147 636 4224 iuga
665 4144 843 4225 quinque]
880 4146 960 4207 Vasa
987 4148 1109 4209 olearia
1132 4146 1270 4209 instruero

143 4255 216 4325 tuac
236 4255 368 4326 quiaque
390 4251 541 4312 Iucundus
564 4270 599 4311 er
624 4251 734 4312 Catone
760 4249 811 4334 10,
825 4249 854 4314 2.

231 4355 276 4416 lle
295 4358 525 4418 ferramentis
541 4376 628 4436 quae
644 4360 718 4420 sint
731 4369 765 4420 et
780 4359 873 4438 quod
888 4377 979 4439 opus
993 4349 1259 4429 multitudinem]

142 4463 338 4525 Multitudine
360 4483 398 4526 m.
422 4482 502 4540 quae
524 4468 585 4525 sint
602 4472 632 4526 et
649 4474 720 4541 quot
742 4484 817 4543 opus
835 4469 879 4528 ad
895 4470 1118 4531 multitudinem
1138 4470 1254 4548 inpura
