2874 4994
313 324 361 379 DE
380 323 469 381 AGRI
490 325 662 382 OVL'PVRA
681 326 823 382 LIBRVM
842 326 872 384 G.
893 325 955 382 145
1143 320 1207 384 155

55 482 236 555 dam‘ur'sus
259 489 337 557 erat,
361 484 518 559 inpolitiae
541 484 716 558 notabatur,
740 481 778 545 ib.
798 482 864 544 Xlll
884 480 970 564 23‚8
995 502 1035 545 eu
1062 485 1207 560 Claudiis,

53 604 131 662 quos
160 605 180 647 a
209 588 332 649 Sabinis
363 591 511 650 oriundos
543 594 729 667 accepimus,
762 594 830 666 quis
862 599 931 651 erat
961 594 1088 667 sarepta
1117 599 1209 666 atque

49 697 231 770 praestanti
252 691 449 769 fortitudine,
479 697 559 757 Nero
583 700 752 773 appellatus
775 704 828 757 est.
874 697 952 776 apud
977 696 1117 758 Catonem
1141 703 1208 774 quis

54 818 126 860 cum
150 802 266 862 sivein
291 801 379 862 simili
403 802 529 863 iornuda
554 804 683 882 positum
707 811 753 863 est
771 822 796 863 c.
817 799 882 864 139
905 808 968 865 sive
986 822 1041 880 aaa
1060 809 1123 889 siue
1141 809 1209 880 quis

54 910 142 968 mssa
166 924 231 968 meo
251 906 372 982 fecerit,
396 911 443 969 uti
465 911 499 969 id
521 917 605 970 recte
624 908 744 984 sactum
762 912 820 971 stet
837 919 868 970 et
886 914 962 985 quid
979 909 1034 992 bis,
1054 930 1078 972 c.
1097 909 1157 973 147
1178 921 1209 972 ct

56 1010 166 1095 148,2
184 1015 323 1075 dominus
342 1018 411 1076 uino
430 1019 506 1090 quid
519 1020 595 1077 uolet
606 1014 712 1090 saciet,
731 1033 786 1094 pro
801 1034 861 1095 quo
876 1020 958 1092 quod
971 1021 1049 1079 uolet
1062 1020 1208 1098 scriptum

57 1129 107 1181 est
134 1115 241 1201 156,6
266 1139 301 1183 eo
324 1124 447 1184 interito
471 1126 553 1199 quod
574 1127 651 1185 uolet
675 1125 744 1185 cibi.

148 1226 296 1306 Trapeti
316 1228 426 1289 lecito
444 1231 475 1290 si
489 1231 649 1309 operarii
663 1230 836 1292 conducti
850 1239 1031 1293 eruntaut
1046 1233 1210 1294 iacienda

53 1334 176 1395 iocata
204 1335 277 1395 erit
303 1352 367 1413 pro
396 1353 435 1396 eo
459 1335 637 1399 resoluito
660 1345 721 1398 aut
743 1336 959 1417 deducetur]
988 1339 1112 1416 Trapett
1132 1339 1209 1400 abla-

54 1445 119 1504 tivo
148 1461 220 1503 casu
247 1442 361 1503 dictum
385 1461 451 1504 esse
475 1462 490 1504 a
515 1445 694 1505 nominativo
708 1451 853 1525 ‚trapetes
877 1444 1028 1506 Gesnerus
1051 1447 1209 1509 adnotavit.

56 1553 190 1629 trapetis
218 1548 409 1610 scribendum
436 1569 502 1611 esse
527 1550 729 1612 Schneiderus
752 1553 894 1633 coniecit,
922 1560 956 1612 ut
980 1561 1060 1613 esset
1083 1548 1209 1633 ‘trapete

55 1656 104 1719 vel
133 1658 258 1736 trapetis
286 1659 444 1737 exprimito
472 1653 588 1738 oleam',
616 1676 720 1738 parum
744 1667 825 1740 apte,
855 1666 888 1718 ut
912 1658 1042 1740 videtur,
1070 1661 1208 1739 quioniam

55 1773 176 1845 trapeto
199 1783 275 1844 opus
295 1783 360 1826 esse
384 1767 415 1826 in
439 1765 504 1826 olea
529 1765 664 1826 iacienda
687 1783 797 1844 perse
821 1765 1012 1845 intellegitur.
1050 1785 1147 1846 neque
1172 1767 1209 1828 de

55 1871 225 1934 factoribus
244 1870 375 1933 olearum
395 1872 468 1934 baec
488 1873 621 1952 praecipi
640 1881 722 1954 puto,
741 1871 793 1933 sed
813 1871 849 1933 de
865 1874 930 1952 ipso
945 1881 1060 1952 trapelo
1076 1873 1209 1934 iaciendo

56 1978 105 2040 vel
131 1977 351 2059 coticinnendo,
375 1997 432 2059 qnia
456 1979 492 2040 de
516 1998 549 2040 re
573 1988 731 2059 praecepta
754 1979 895 2059 leguntur
919 1999 944 2041 c.
963 1977 1007 2042 20
1017 1999 1095 2061 sqq„
1119 1990 1149 2041 et
1173 1981 1210 2041 dc

56 2085 233 2147 hominibus
260 2088 291 2146 in
319 2085 369 2146 illo
398 2105 489 2166 opere
516 2085 700 2147 adhibendis.
747 2086 782 2146 ad
811 2105 899 2165 qurum
924 2089 1100 2147 senteutiam
1124 2090 1210 2148 resti·

58 2192 204 2254 tuendam
227 2200 368 2274 corrupta
392 2193 537 2255 librorum
561 2196 710 2274 scriptura
733 2195 764 2253 in
788 2192 868 2254 lium
890 2193 952 2254 iere
971 2195 1093 2255 modum
1112 2212 1210 2255 emen-

58 2300 127 2360 dari
159 2301 284 2379 poterit,
317 2307 468 2378 trapetum
497 2301 611 2377 facito:
641 2304 670 2362 si
700 2303 840 2378 operarii
868 2303 1014 2362 cortdaeti
1040 2310 1131 2362 erunt
1157 2309 1212 2362 aut

55 2407 209 2484 socienda
232 2410 334 2468 locata
357 2418 457 2483 aaut,
477 2427 536 2485 pro
559 2426 594 2470 eo
618 2411 759 2469 resolvite
783 2414 839 2468 aut
857 2410 1036 2483 deducetur,
1059 2407 1087 2468 b.
1107 2426 1131 2467 e.
1154 2417 1212 2468 tra·

58 2522 165 2593 petum
183 2513 355 2592 redemptor
374 2514 471 2575 iacere
491 2514 594 2577 debet:
615 2516 645 2574 in
665 2532 698 2575 ea
718 2533 750 2574 re
770 2515 796 2574 si
815 2515 945 2593 operarii
964 2514 1104 2575 conducti
1123 2523 1213 2575 erunt

58 2619 109 2681 rei
132 2621 159 2680 si
178 2638 211 2680 ea
231 2638 307 2699 quae
326 2620 459 2682 iacienda
478 2630 549 2684 sunt
567 2622 660 2682 locata
680 2629 779 2702 erunt,
800 2622 938 2700 pretium,
958 2620 1037 2700 quod
1057 2639 1072 2681 a
1092 2621 1210 2682 donsino

63 2726 152 2788 tundi
175 2746 230 2807 pro
254 2745 289 2787 eo
313 2744 403 2807 opere
428 2728 557 2790 solutum
581 2731 650 2818 erit,¹
670 2728 843 2807 redemptor
864 2726 992 2788 resolvet
1011 2735 1062 2788 aut
1081 2747 1096 2787 a
1116 2727 1215 2789 debita

59 2834 200 2895 mercede
232 2833 261 2895 id
289 2833 463 2896 deducetur.
515 2840 642 2913 trapetis
662 2835 822 2920 ,sacimas
849 2839 877 2896 si
903 2837 1042 2912 operarii
1069 2838 1214 2896 conducti

58 2949 154 3003 eruut
176 2959 241 3020 sqq.
268 2940 339 3002 olim
367 2945 563 3005 conieceram.
608 2951 745 3021 trapetas
773 2941 936 3003 inosculino
965 2959 1076 3021 genere
1100 2941 1211 3002 dicitur

58 3044 157 3128 22,3
186 3056 324 3125 trapetas
351 3058 467 3127 emptus
494 3057 551 3125 est,
580 3058 609 3110 et
637 3052 804 3111 accusativo
833 3066 904 3109 casu
933 3057 1084 3126 trapetum
1108 3046 1160 3130 20,
1184 3048 1212 3109 1.

58 3153 115 3235 21,
130 3153 160 3216 5.
184 3152 236 3235 22,
253 3155 281 3217 1.
307 3151 380 3236 135,
395 3152 429 3238 63
442 3136 478 3237 ’7,
501 3155 627 3217 ablativo
647 3164 766 3234 trapeto
785 3153 837 3236 22,
851 3154 887 3236 43
912 3163 942 3216 et
961 3155 1067 3234 plurali
1086 3174 1211 3217 numero

61 3265 180 3338 trapeti
204 3260 253 3336 18,
267 3258 298 3324 5.
323 3259 432 3344 135‚2
456 3271 487 3324 et
509 3271 643 3339 trapetos
667 3260 697 3342 3,
710 3259 740 3325 5.
769 3261 817 3324 12.
839 3260 891 3342 22,
905 3260 935 3322 4.
957 3258 1028 3342 135,
1043 3260 1073 3323 6.
1094 3259 1167 3343 146,
1182 3260 1212 3343 3,

60 3368 156 3430 semel
179 3371 349 3446 trapetibus
370 3367 421 3452 18,
435 3367 465 3431 2.
502 3371 670 3431 accusativo
693 3388 763 3431 casu
788 3377 926 3447 trapetas
945 3368 1019 3430 dixit
1039 3367 1129 3429 Varro
1149 3388 1171 3430 r.
1187 3387 1211 3430 r.

62 3471 187 3557 155‚5
210 3484 242 3536 et
264 3472 398 3556 1112,8.

153 3579 174 3644 2
204 3582 240 3643 Si
269 3585 465 3663 sumpserit
492 3586 527 3644 in
555 3583 717 3662 singulas
740 3581 1131 3663 sumptionesffllldlb
1154 3582 1212 3642 de·

60 3691 245 3751 ducentur
262 3708 380 3770 neque
395 3690 598 3769 debebitur]
615 3693 805 3768 Sumptiones
820 3691 888 3752 iibri
902 3709 990 3752 manu
1006 3692 1119 3771 scripti,
1133 3707 1211 3750 sum-

56 3801 183 3877 psiones
205 3815 240 3857 ex
265 3815 369 3859 errore
391 3797 540 3858 secundae
564 3798 703 3859 editionis
719 3797 841 3859 Victorii
861 3797 896 3857 ad
916 3797 1046 3877 reliquas
1066 3798 1212 3859 editiones

60 3913 258 3985 propagatum
286 3913 359 3966 erat.
399 3905 556 3968 estuat
584 3907 775 3967 deducentur
802 3904 969 3983 apographa
998 3914 1028 3965 et
1052 3924 1087 3964 ex
1111 3906 1212 3966 arebe-

63 4022 134 4092 typo
159 4011 337 4074 Politianus:
359 4030 427 4073 nam
451 4013 548 4072 errori
567 4011 690 4073 Gesneri
715 4010 906 4074 tribuendum
931 4019 985 4091 est,
1009 4011 1087 4089 quod
1112 4021 1211 4073 notam

61 4120 182 4181 numeri
195 4120 254 4180 XL
272 4118 449 4180 aPclitiano
468 4121 607 4180 omissam
627 4128 658 4180 et
676 4121 829 4181 deducent
847 4128 880 4179 ut
898 4117 934 4178 ab
954 4115 1059 4178 eodem
1077 4135 1093 4178 e
1108 4118 1211 4179 codice

59 4227 244 4304 adscriptum
274 4244 340 4287 esse
367 4226 526 4288 adnotavit
575 4227 687 4287 HSXL
714 4225 878 4306 lucendus,
906 4225 1045 4286 HSNXL
1072 4226 1212 4305 Angelius

60 4341 92 4394 et
119 4340 190 4412 post
221 4331 301 4393 hunc
328 4331 491 4415 Victorius,
524 4333 575 4394 sed
612 4335 637 4392 is
665 4335 845 4412 scripturam
873 4332 1026 4413 archetypi
1053 4335 1084 4393 in
1113 4332 1212 4394 indice

62 4448 249 4521 erratorum,
274 4448 306 4500 ut
328 4457 418 4522 supra
442 4440 516 4522 dixi,
540 4439 702 4501 substituit.
