2874 4994
306 316 354 371 DE
372 315 461 372 AGRI
480 315 652 372 GVL'PVRA
671 317 811 372 LIBRVM
830 317 860 373 0,
882 317 1009 373 11-14
1186 311 1228 377 39

79 479 232 555 pendium
251 479 400 538 incertum
423 487 515 535 unum
538 480 568 535 et
587 475 727 549 pondera
750 479 837 535 certa
860 474 938 534 edita
961 472 1030 534 inde
1053 492 1070 534 a
1093 476 1229 555 principe

84 584 219 645 editione
242 580 430 660 exemplaria,
453 598 527 659 quae
546 578 705 641 Turnebus
728 581 842 642 advers.
863 580 891 663 7,
906 579 949 643 24
972 600 1077 660 parum
1101 591 1168 661 apte
1189 584 1230 644 ita

84 693 301 770 interpretatus
324 696 379 769 est,
403 699 434 749 ut
457 686 720 766 centumpondium
745 689 893 750 incertum
916 697 995 749 esset
1019 684 1147 769 ‘pondus
1171 709 1229 751 una

84 798 164 860 mole
188 805 308 859 centurn
332 794 422 857 libras
445 795 587 874 pendeus,
611 795 741 874 pondera
765 798 879 857 ineerta
903 814 979 876 quae
1003 795 1139 857 distincta
1164 815 1229 876 par·

86 908 201 985 litaque
225 911 304 984 sunt,
327 921 387 964 uon
410 904 441 964 iu
465 921 557 963 unrrrn
582 902 697 982 pondus
721 899 869 964 conlusa’.
900 905 1052 964 *restituta
1076 903 1229 984 archetypi

85 1014 217 1076 lectione
243 1015 384 1090 pondera
413 1019 517 1073 cetera
547 1011 646 1089 potins
677 1008 833 1070 delendum
863 1019 927 1071 erat
957 1014 1118 1087 incertum,
1151 1012 1228 1091 quod

85 1129 267 1183 excentum
290 1120 393 1180 vitiose
422 1118 581 1197 repetitum
606 1125 682 1198 erat,
710 1121 972 1196 eentumpoadium
997 1120 1017 1179 Ι
1040 1125 1070 1179 et
1088 1122 1229 1196 pondera

84 1238 199 1290 cetera.

174 1334 244 1395 XIV
271 1333 286 1394 1
317 1331 525 1411 lugumeuta
553 1348 694 1391 asseres
722 1330 927 1410 fulmentas]
957 1334 1149 1408 lacunarota,
1180 1352 1228 1395 as-

82 1462 177 1518 seres,
192 1442 373 1518 fulcimenta
387 1437 507 1499 Merula.
538 1441 714 1516 innumerata
728 1438 889 1520 lucuudus‚
904 1439 1069 1515 fulmentas
1081 1437 1228 1502 Victorius

82 1569 120 1612 ex
144 1547 299 1612 codicibus
322 1549 528 1608 restituerunt.

174 1656 290 1719 Cellas
318 1653 488 1732 familiae]
513 1654 610 1714 Sellas
633 1651 773 1727 familiae
801 1651 933 1733 Scaliger
960 1655 990 1713 in
1015 1652 1097 1715 Varr.
1120 1673 1143 1714 r.
1168 1656 1228 1715 1·.l

85 1763 178 1846 13,4
203 1762 282 1843 quod
306 1761 457 1822 Gesnerus
480 1757 624 1839 probavit.
670 1759 706 1819 de
730 1758 812 1820 cellis
836 1777 990 1821 serrorum
1014 1762 1043 1821 iu
1068 1759 1134 1821 villa
1159 1761 1227 1822 iaci-

82 1872 170 1934 endis
193 1870 284 1932 Varro
308 1887 332 1929 r.
352 1887 375 1929 r.
394 1868 406 1929 l
428 1864 511 1949 13,1
536 1868 698 1946 praecepit.

174 1976 194 2040 2
217 1977 385 2039 Carnaria
409 1974 449 2035 lll
477 1972 596 2034 orbern
620 1973 752 2035 ahenea
775 1971 801 2032 ll
829 1973 933 2034 haras
956 1971 996 2052 ll]
1025 1976 1133 2037 Orbem
1156 1980 1227 2039 alre·

81 2106 142 2149 neu
161 2087 195 2166 Α,
218 2088 320 2147 orbem
339 2101 435 2144 aenea
454 2080 482 2161 b,
501 2083 603 2142 orbem
621 2082 768 2141 aheneum
787 2099 812 2161 c,
832 2083 933 2143 orbem
952 2083 1052 2144 lanea
1072 2083 1090 2143 l.
1125 2086 1227 2146 orbem

82 2193 248 2255 Politlauus
276 2190 479 2270 neglegentius
508 2195 641 2248 correcta
669 2186 796 2248 lectione
824 2189 967 2268 principis
996 2189 1133 2251 editionis
1157 2210 1226 2252 car-

82 2304 178 2362 naria
205 2302 267 2360 tria
294 2300 396 2359 orbem
419 2298 515 2357 haras
538 2298 640 2356 elecem
664 2293 779 2355 delevit.
826 2297 928 2356 orbem
952 2298 1051 2357 alena
1075 2295 1226 2359 lucundus

82 2416 115 2469 et
143 2406 251 2468 deinde
275 2405 382 2485 reliqui
405 2403 544 2465 editores.
589 2405 719 2464 ahenum
748 2403 779 2462 in
802 2401 962 2483 archetypo
990 2405 1134 2482 scriptum
1162 2415 1226 2468 erat

82 2514 119 2576 de
144 2522 227 2576 certo
251 2530 359 2593 genere
383 2513 460 2572 vasis
487 2506 579 2591 10,1.
602 2507 632 2570 2.
657 2506 708 2590 11,
723 2505 752 2569 2.
779 2505 861 2588 13,1
887 2519 1049 2572 etcertum
1074 2509 1128 2594 793
1154 2516 1225 2576 alre·
1300 2540 1306 2557 ¹

81 2622 215 2683 neusin
244 2619 396 2681 adiectivis
426 2615 517 2698 10,4
544 2620 632 2679 orbes
659 2619 802 2691 oaeneon,
832 2614 923 2698 11‚2
951 2626 981 2677 et
1005 2615 1094 2700 13,1
1124 2623 1225 2682 orbem

82 2731 241 2803 aheneum,
265 2724 350 2819 13‚2
370 2730 479 2787 trullas
502 2728 642 2801 alteneas,
666 2721 708 2786 66
727 2743 799 2786 oasa
823 2727 946 2800 aheneo,
970 2722 1010 2787 81
1032 2729 1134 2788 aulam
1154 2731 1224 2790 alte-

80 2852 184 2910 neam,
211 2830 300 2915 95,1
331 2852 384 2895 aas
412 2836 572 2912 aheneum,
603 2828 713 2913 135,2
741 2850 815 2892 vasa
843 2835 974 2912 ahenea,
1004 2830 1067 2894 122
1095 2838 1126 2894 r'n
1154 2854 1225 2898 aoso

79 2945 198 3004 aheneo
226 2945 272 3002 ael
297 2944 328 3002 ia
348 2942 487 3018 plumbeo
510 2946 540 3000 et
563 2941 672 2999 omisso
696 2940 814 3000 nomine
838 2957 891 3000 aas
917 2935 979 3000 105
1003 2948 1033 3000 et
1058 2938 1167 3022 107,1
1194 2947 1225 3004 ln

80 3052 230 3112 aheneum
257 3056 312 3109 aut
335 3049 520 3128 plumbeum,
547 3042 639 3127 98,2
666 3047 783 3107 ahenea
811 3048 920 3107 omnia.
966 3046 1018 3107 sed
1047 3050 1129 3108 orbis
1154 3050 1223 3129 quid

79 3160 120 3218 sit
147 3159 179 3217 iu
207 3154 273 3216 villa
301 3153 495 3235 aedificanda,
522 3171 581 3214 non
609 3160 738 3232 apparet
784 3151 889 3213 ahenei
917 3152 1005 3214 orbes
1029 3154 1170 3216 dicuntur
1193 3158 1224 3217 in

79 3263 256 3325 instruendo
284 3263 362 3324 oleto
390 3270 420 3322 et
447 3263 545 3342 vinea,
576 3258 664 3341 10,4
691 3261 821 3321 abacum
845 3261 873 3334 1,
906 3261 995 3321 orbes
1022 3264 1152 3324 alreaeos
1181 3266 1224 3339 II,

80 3389 200 3433 mnam
220 3372 262 3451 II,
289 3367 372 3450 11,2
392 3372 494 3445 lupam
513 3370 683 3429 asinariam
703 3368 727 3442 Ι,
751 3368 853 3428 orbem
876 3369 1063 3442 aheneuml,
1086 3373 1224 3445 molllel,

79 3487 110 3539 et
133 3476 224 3538 orbes
246 3479 277 3539 in
299 3477 507 3538 instrumentis
530 3474 694 3535 vindemiae
719 3484 749 3535 et
772 3472 913 3548 oleitatis‚
937 3470 979 3535 68
1004 3477 1091 3536 orbes
1111 3478 1223 3549 fibulas

79 3591 192 3660 nectes,
220 3584 338 3663 saepius
365 3584 396 3643 in
426 3583 549 3662 trapetis
572 3580 617 3642 vel
640 3583 671 3642 in
695 3579 869 3661 torculario,
897 3578 927 3662 3,
945 3576 974 3643 5.
1001 3577 1051 3664 18,
1069 3578 1098 3643 9.
1123 3580 1174 3663 20,
1194 3581 1222 3647 2.

78 3689 132 3754 21.
155 3687 209 3753 22.
237 3685 306 3753 135.

168 3797 362 3858 Fenestras
393 3796 530 3857 clatros
558 3798 592 3856 iu
621 3795 801 3857 fenestras
828 3797 975 3856 maioris
1003 3795 1134 3858 lumina
1163 3816 1221 3859 sex

76 3903 258 3984 bipedalis
282 3903 308 3964 X
335 3922 475 3965 scamna
498 3902 538 3964 lll
566 3902 674 3964 sellas
697 3900 720 3960 V
744 3901 834 3963 telas
858 3902 988 3982 togalis
1012 3903 1097 3964 duas
1120 3904 1222 3966 larmi-

76 4015 178 4074 uaria
208 4011 242 4071 Vl
270 4009 464 4091 paullulam
496 4009 602 4090 pilam
635 4010 695 4071 urbi
728 4011 892 4071 triticum
924 4012 1043 4089 pinsat
1071 4011 1083 4069 l
1113 4011 1220 4072 lullo·

76 4122 169 4180 niam
194 4117 221 4196 l]
253 4119 338 4180 Telos
365 4122 473 4194 localis
501 4117 664 4179 Politianus
692 4125 722 4178 et
749 4116 929 4198 apographa,
956 4135 1060 4195 parum
1084 4129 1221 4180 accurate

75 4226 227 4289 Victorius
256 4243 344 4304 supra
370 4221 460 4300 10,5
484 4224 640 4286 lectionem
664 4226 776 4286 codicis
799 4224 961 4303 adnotavit,
990 4227 1076 4286 tedas
1099 4228 1220 4301 locales.

74 4333 184 4395 deinde
214 4335 340 4410 pinsant
371 4333 452 4393 dedit
483 4332 609 4413 Merula,
639 4331 817 4408 fullonicam
849 4330 1008 4393 lucuudns.
1058 4332 1220 4408 fenestras,

75 4446 193 4505 clatros
222 4444 253 4502 ln
274 4439 427 4517 fenestras
449 4443 580 4502 maiores
607 4449 636 4502 et
663 4443 793 4502 minues
816 4441 969 4516 bipedales
991 4441 1026 4500 X
1045 4443 1159 4500 lamina
1180 4441 1224 4502 Vl
