2874 4994
261 288 304 356 96
621 298 812 353 COllblEN'l'.
831 299 869 351 IN
889 296 1047 353 CATONIS

261 452 422 517 xvtt126
450 456 597 535 adscripta
626 467 696 517 snm
724 475 813 537 supra
841 474 866 516 c.
884 453 936 517 44.
967 454 1044 535 apud
1073 453 1215 515 Catonem
1239 454 1390 517 mutilatam

262 582 350 624 rrtarrn
368 566 548 644 scriptorum
567 563 712 625 librorum
731 576 761 626 et
775 567 1046 645 antiquissimarum
1067 564 1234 625 editionum
1248 562 1392 627 lectionem

261 669 412 731 iucundus
435 691 471 732 ex
494 671 588 732 Plinio
613 672 774 753 supplevit,
804 677 857 748 qui
879 677 988 734 oletum
1010 675 1186 749 saepissime
1208 680 1240 733 et
1263 675 1393 735 obesiore

260 781 404 852 miscebit,
429 783 454 838 is
477 782 667 839 lertrrissimos
686 782 808 839 radices
827 781 981 859 exarabit,
1003 782 1032 839 si
1048 783 1127 839 mele
1146 780 1262 861 orabit,
1284 784 1394 843 radices

260 905 380 946 sorsum
410 888 536 946 obibunt
563 904 628 965 sqq.
673 882 743 957 ‘Qui
771 885 882 947 oletum
911 888 1083 964 saepissime
1113 896 1143 947 et
1171 886 1331 949 altissimas
1357 906 1393 949 rr

260 992 343 1053 dices
376 991 520 1054 exarabit:
559 992 637 1053 llaec
670 1003 716 1053 est
746 1001 831 1054 vetus
860 993 961 1054 lectio:
997 995 1028 1053 in
1055 996 1175 1054 excusis
1202 992 1291 1073 plura
1318 994 1394 1055 reru

260 1098 414 1180 leguntur,
447 1119 521 1179 quae
550 1100 587 1160 ll.
607 1101 725 1160 Catonis
754 1103 826 1181 sint,
861 1119 896 1160 err
928 1102 1130 1161 recentiorum
1157 1100 1395 1183 hominumue

260 1206 358 1267 locum
386 1207 466 1267 lruuc
495 1207 633 1286 supplere
658 1207 818 1286 soluerint,
846 1208 994 1267 al'llrmare
1018 1226 1078 1268 non
1101 1226 1240 1286 possum:
1267 1226 1336 1270 narn
1356 1226 1396 1269 so·

261 1316 361 1393 perior
380 1317 526 1374 sententia
548 1314 628 1375 valde
648 1315 773 1374 aPlinio
793 1314 929 1376 laudatur
948 1322 1036 1394 atque
1056 1314 1212 1377 oraculum
1231 1314 1396 1397 appellatur.

260 1423 290 1481 in
319 1421 407 1482 Plinii
435 1423 561 1483 dirersis
589 1422 742 1483 codicibus
773 1441 831 1483 non
861 1441 919 1483 uno
947 1423 1035 1483 modo
1063 1422 1185 1501 legitur:
1216 1440 1287 1504 nos,
1315 1424 1395 1484 utin

260 1531 379 1619 optimis
408 1529 626 1609 exemplaribus
655 1532 833 1609 invenimus,
863 1532 902 1591 ita
929 1529 1007 1590 illam
1036 1524 1225 1609 scripsimus’
1248 1528 1395 1591 Victorius

260 1636 366 1695 deinde
385 1656 505 1698 sorsum
525 1640 651 1698 obibunt
672 1637 728 1697 init
747 1640 776 1697 in
797 1638 885 1698 editis
904 1647 972 1698 ante
991 1636 1154 1698 victorium
1173 1636 1397 1717 exemplaribus,

261 1742 313 1802 ubi
340 1742 502 1805 Politiauus
535 1747 565 1805 iu
594 1747 728 1824 principe
757 1745 887 1805 editione
919 1762 1020 1804 susum
1048 1763 1083 1803 ex
1111 1743 1217 1804 codiee
1247 1745 1398 1823 adnotavit,

260 1853 387 1911 obibunt
410 1871 469 1912 non
493 1855 630 1931 mutavit,
653 1871 754 1913 susum
778 1854 906 1913 odibunt
928 1850 1109 1931 apographa,
1131 1870 1257 1913 sorsum
1281 1854 1399 1913 adibunt

260 1957 350 2018 editio
381 1936 518 2041 Victorii,
545 1978 647 2020 susum
675 1961 801 2020 ebibent
828 1958 951 2019 Plinius.
996 1967 1098 2038 posteo
1126 1962 1303 2021 crassiores
1328 1962 1397 2033 pent

259 2074 288 2125 ct
311 2084 346 2126 eo
370 2070 400 2126 in
425 2069 548 2129 radices
571 2071 651 2127 eires
674 2072 759 2128 oie’oc
782 2069 908 2127 obibunt
931 2066 1049 2126 codices
1072 2064 1169 2127 Plinii.
1217 2064 1255 2125 de
1275 2066 1396 2126 aratione

260 2184 289 2231 et
312 2176 464 2252 {tutatione
493 2173 593 2259 oliveti
622 2174 734 2234 dicium
763 2185 826 2235 erat
854 2191 944 2253 supra
971 2192 997 2233 c.
1015 2170 1068 2233 44.
1113 2179 1280 2233 exarantur
1309 2180 1395 2233 autent

259 2280 374 2341 radices
403 2300 477 2360 (lirae
506 2282 616 2342 arando
640 2280 784 2342 tolluntur
808 2291 838 2341 et
861 2290 1038 2360 enecantur,
1065 2297 1116 2361 ne,
1147 2278 1220 2340 dum
1244 2281 1396 2340 crassiores

261 2386 345 2467 liunt,
369 2407 488 2449 sursum
512 2398 649 2449 crescant
673 2397 702 2448 et
725 2387 883 2449 arboribus
906 2390 985 2449 vires
1008 2386 1174 2448 detrahant.

348 2495 477 2571 Agrum
507 2498 781 2557 frumentarium
811 2515 888 2556 eum
911 2515 991 2557 ares
1013 2494 1103 2555 bene
1127 2503 1163 2555 et
1187 2496 1394 2575 tempestiuo

259 2620 338 2660 ores
363 2602 462 2663 sulco
488 2606 589 2664 uorlo
614 2624 655 2664 ue
679 2601 772 2680 ores]
802 2606 873 2664 Cum
896 2624 971 2665 ures
994 2605 1070 2664 berte
1092 2610 1121 2662 cl
1144 2606 1320 2679 tempestivo
1335 2620 1394 2663 ores

260 2707 380 2769 llerula.
409 2730 477 2770 cum
501 2730 571 2771 mes
591 2710 738 2772 Victorius
763 2714 902 2772 restituit.
932 2729 1000 2772 cum
1024 2711 1216 2771 coniunctiso
1239 2710 1393 2789 praesentis

260 2820 403 2895 ternporis
427 2837 495 2879 cunt
517 2822 640 2898 ponitur
663 2822 693 2879 iu
718 2821 871 2879 enuntiato
895 2840 911 2877 a
935 2820 1123 2880 coniunctim
1148 2816 1302 2895 pendente
1319 2812 1390 2897 28,1

258 2934 372 3001 cerem,
406 2945 473 2987 cum
506 2935 610 2987 tiericus
642 2932 698 2988 siet
730 2937 785 2987 erut
813 2930 915 3001 imber,
948 2928 1077 3001 cllodios
1105 2934 1160 2985 eet
1184 2924 1277 3000 seres
1306 2934 1335 2985 et
1358 2919 1390 2983 'ld

257 3036 363 3106 pellem
387 3038 553 3109 rrrrpttioom
579 3037 632 3095 ubi
654 3038 766 3095 rideris
790 3038 882 3095 tollito
906 3043 935 3094 et
958 3036 1088 3114 condito,
1111 3044 1389 3107 vicecomitem

259 3157 333 3213 epm
355 3143 427 3211 siet;
450 3160 517 3200 cum
542 3143 730 3201 coniunctivo
750 3142 875 3219 perlecti
895 3142 924 3200 in
945 3138 1065 3219 obliquo
1085 3155 1225 3199 sermone
1244 3136 1277 3220 2,
1295 3134 1315 3199 3
1335 3152 1388 3197 curt

260 3252 448 3320 tempestates
463 3252 587 3324 pluviae
597 3248 725 3324 suerint,
744 3267 823 3322 erecte
837 3266 932 3323 opero
947 3266 1006 3322 per
1020 3248 1145 3307 imbrem
1156 3249 1233 3319 fieri
1242 3246 1388 3322 potuerint,

259 3354 340 3412 dolio
368 3358 481 3429 lodoci,
514 3354 593 3415 tul
622 3374 691 3415 cum
718 3359 800 3415 screi
826 3357 1030 3429 coemeterium
1063 3355 1188 3413 cibario
1216 3358 1305 3415 terete
1332 3350 1389 3412 deri

258 3478 316 3519 non
350 3467 526 3538 oportuisse.
577 3472 729 3541 praeterea
761 3465 791 3521 iu
825 3462 880 3521 hoc
913 3460 989 3521 libro
1023 3478 1091 3522 cnm
1123 3459 1286 3521 indicativo
1318 3455 1388 3519 modo

260 3576 373 3627 tantum
394 3570 585 3629 coniunctum
605 3580 658 3650 est,
678 3572 763 3629 euius
783 3568 911 3647 plurima
930 3578 1000 3628 sunt
1019 3566 1162 3648 exempla,
1182 3586 1260 3647 quae
1278 3566 1389 3627 Schoen-

259 3672 423 3733 doerll'erus
451 3675 486 3734 de
515 3677 642 3753 gerruina
666 3678 726 3737 Cat.
751 3675 787 3735 de
811 3678 900 3754 agric.
924 3673 993 3735 libri
1022 3676 1115 3734 lorma
1139 3692 1168 3753 p.
1188 3670 1233 3735 60
1256 3672 1388 3735 indicarit

259 3783 430 3853 terrrpestieo
458 3800 493 3840 ex
526 3781 685 3861 archetypo
709 3781 928 3842 restituendum
951 3800 1017 3842 esse
1040 3780 1207 3842 Pontedera
1230 3800 1261 3861 p.
1280 3778 1323 3843 62
1341 3794 1389 3839 no
1427 3854 1429 3859 Ι

260 3888 331 3944 utut.
378 3888 456 3947 idern
489 3889 518 3948 in
552 3908 640 3949 mortu
674 3892 795 3967 seriptis
827 3888 912 3949 libris
944 3888 1053 3968 legitur
1086 3887 1181 3949 Plaut.
1213 3886 1333 3950 'Procul
1356 3880 1390 3947 60
1427 3872 1429 3889 ¹

257 3988 282 4073 (l
302 3992 328 4074 1,
338 3988 395 4075 tl)
416 3998 474 4067 (tici
485 4006 609 4056 nostroe
624 4000 719 4057 aeteri
732 4001 903 4073 terrrpcstieo
918 3999 1093 4073 tormer-inu
1112 4004 1217 4057 eontra
1231 3996 1390 4073 tempestior

259 4098 339 4158 l'arr.
360 4120 382 4159 r.
404 4120 425 4160 r.
446 4101 456 4160 l
477 4100 528 4182 st,
548 4102 568 4163 ὑ
592 4113 624 4162 ut
648 4108 817 4180 tcrrrpestire
836 4107 1017 4179 diriperetur.
1046 4121 1062 4162 a
1081 4102 1193 4164 Catone
1212 4103 1250 4164 tle
1270 4112 1388 4183 temporo

258 4206 395 4264 similiter
414 4210 543 4268 elstret-bii
564 4210 650 4269 undo
670 4211 782 4270 dictrun
802 4220 847 4271 est
866 4230 969 4291 eeroo,
988 4210 1066 4289 quod
1086 4206 1389 4291 suprasedente,

172 4314 176 4321 '
259 4322 288 4370 rt
306 4318 486 4387 scorpitcrno
505 4318 580 4395 aliud
598 4318 764 4377 llltarisiurn
783 4337 811 4397 p.
827 4317 901 4399 218,
918 4317 959 4378 15
978 4320 1168 4395 Sempiterrro
1191 4320 1267 4380 Coto
1285 4320 1388 4379 dierum

259 4422 410 4479 <lictorum
431 4424 469 4482 dc
488 4428 645 4483 consulem
665 4445 727 4499 seco,
747 4420 814 4500 ‘epo
832 4427 908 4485 rribi
924 4428 1002 4487 icccc
1020 4428 1205 4488 monitrrenta
1221 4428 1388 4505 sempiterno
