2874 4994
318 326 367 381 DE
386 326 475 383 aaut
493 325 666 382 CVLTVRA
685 328 825 383 tranum
844 324 875 385 0.
898 327 960 385 157
1021 368 1030 391 .
1146 321 1206 388 181

143 477 196 543 12
218 480 384 542 Brassica
403 484 559 544 erratica
579 485 760 545 maximam
780 486 849 544 uim
869 483 988 561 babet]
1005 484 1079 546 Plin.
1095 483 1207 547 111192

50 590 217 648 siluestris
239 591 303 650 sive
325 592 482 650 erraticae
506 592 646 651 immenso
662 594 732 666 pius
751 592 877 665 effectas
896 594 1003 651 laudat
1025 593 1107 672 Cato,
1131 597 1208 655 adeo

51 701 83 753 ot
106 698 230 756 aridae
252 713 371 771 qaoque
390 696 529 773 farinam
553 699 585 756 in
608 695 769 772 olfactorio
789 701 945 758 collectam
965 703 1122 761 velociore
1141 707 1206 761 taa-

54 808 113 860 tam
141 805 276 864 naribus
301 811 390 879 rapto
414 807 487 863 vitia
511 822 617 864 earam
636 808 934 880 graveolentiamque
952 825 1067 868 sanare
1085 801 1209 888 (sartari

55 906 189 988 codices,
208 914 319 972 aridae
337 929 456 985 quoquc
471 911 599 986 tarinae
613 915 644 972 io
663 910 825 986 olfactorio
840 916 987 974 collectae
1002 917 1049 975 oei
1060 918 1154 976 odore
1164 948 1205 958 -

56 1021 173 1077 sanari
195 1013 385 1097 biayboitius)
410 1021 558 1091 adfirmet.

146 1122 294 1204 Siquem
323 1143 477 1204 purgare
507 1125 606 1186 uoies
630 1125 747 1204 pridie
772 1145 812 1185 ue
836 1136 940 1187 cenet
963 1146 1061 1187 mane
1085 1130 1206 1188 ieiuno

53 1225 137 1288 dato
173 1231 370 1292 brassicam
404 1234 525 1292 tritam
559 1251 669 1311 aqrtae
702 1232 849 1311 cyathos
882 1231 947 1311 1111]
984 1236 1104 1308 Siquam
1138 1233 1205 1294 iibri

52 1349 144 1395 manu
175 1340 282 1417 scripti
309 1348 339 1399 et
367 1339 436 1399 oiim
467 1341 618 1419 impressi,
645 1343 792 1415 siquidem
816 1339 906 1400 editio
931 1339 1053 1401 Victorii
1076 1340 1207 1401 secunda

51 1444 216 1506 manifesto
240 1447 319 1526 vitio,
344 1447 422 1525 quod
447 1455 544 1507 tamen
568 1447 603 1507 ad
624 1447 753 1526 reliquas
773 1448 918 1508 editiones
937 1456 1131 1527 propagatum
1151 1455 1205 1508 est.

48 1545 164 1613 deinde
199 1573 259 1614 non
292 1556 391 1614 minus
425 1573 564 1633 perverse
598 1558 669 1617 dato
698 1558 855 1618 brassicae
882 1560 975 1617 tritae
1003 1560 1206 1631 decoctaeque

46 1672 157 1729 aquae
181 1663 309 1738 cyathos
335 1662 409 1721 IIII
429 1680 463 1721 er
488 1660 591 1721 Aldina
616 1662 745 1723 editione
771 1661 971 1724 Schneiderus
995 1663 1084 1724 dedit.

146 1765 190 1830 13
216 1766 281 1838 om
306 1767 370 1828 bac
389 1771 605 1847 purgatione
624 1778 801 1848 purgatus
820 1771 892 1830 erit
911 1772 962 1830 sic
983 1789 1059 1830 eum
1079 1778 1204 1831 curato

43 1871 262 1936 sorbitione
295 1873 432 1953 liquida
465 1874 530 1934 boc
562 1895 625 1953 per
657 1876 735 1935 dies
764 1884 898 1955 septem
930 1876 1024 1955 dato]
1061 1881 1118 1951 (iai
1146 1881 1205 1939 bac

39 1985 242 2055 purgatione
267 1983 449 2058 purgandus
477 1985 536 2042 erit
564 1981 641 2042 edita
665 1982 733 2043 inde
757 2002 773 2042 a
797 1985 931 2061 principe
955 1984 1084 2045 editione
1108 2004 1205 2045 exem·

23 2080 156 2170 ,piaria
196 2088 233 2149 de
258 2089 407 2166 scriptura
431 2106 520 2148 manu
545 2091 725 2168 scriptorum
749 2089 893 2150 librorum
918 2090 1048 2152 dubitari
1071 2110 1130 2152 non
1155 2093 1204 2152 de·

40 2187 152 2258 bebat
200 2213 268 2256 nam
292 2214 350 2256 non
374 2196 528 2275 deprime
553 2199 737 2277 purgatione,
761 2197 797 2257 dc
822 2216 879 2275 qua
903 2205 988 2257 autea
1012 2206 1203 2276 praeceptum

39 2308 130 2381 erat,
156 2303 231 2364 baec
255 2305 365 2381 scripta
388 2310 471 2384 sunt,
500 2304 550 2364 scd
576 2304 612 2364 dc
636 2306 789 2364 curatione
813 2306 878 2364 eius
902 2306 952 2382 qui
976 2305 1033 2384 sic,
1057 2313 1090 2364 ut
1114 2323 1203 2383 supra

40 2409 205 2488 scripturn
229 2420 302 2489 erat,
326 2418 469 2489 purgatus
493 2418 546 2471 est.
584 2413 684 2490 itaque
708 2422 775 2490 post
798 2413 922 2489 primam
948 2414 1152 2489 purgationem
1176 2414 1203 2472 ci

40 2515 100 2586 qui
127 2520 173 2580 ita
199 2526 343 2596 purgatus
367 2519 424 2577 erit
446 2536 498 2597 per
518 2518 582 2578 dies
601 2526 714 2597 septem
734 2519 891 2579 continuos
910 2517 988 2577 idem
1007 2518 1203 2579 medicamen-

42 2624 112 2681 tum
153 2625 266 2705 liquida
300 2624 462 2685 sorbitione
496 2624 657 2684 bibendum
691 2623 859 2703 praebetur.
906 2644 964 2700 per
996 2627 1060 2685 dies
1092 2635 1203 2702 septem
1244 2616 1255 2663 -”

42 2736 166 2813 autern,
189 2733 226 2792 de
246 2750 305 2812 quo
325 2731 478 2792 dubitabat
496 2730 528 2791 C.
548 2730 578 2790 F.
600 2729 644 2792 W.
669 2730 827 2792 biuelierus
846 2731 940 2792 annal.
961 2730 1060 2810 philol.
1076 2751 1100 2792 a,
1118 2730 1203 2794 1865

43 2843 70 2902 P·
92 2831 183 2919 558,
207 2839 243 2899 de
268 2841 363 2917 spatio
388 2841 543 2919 temporis,
570 2857 623 2917 per
647 2840 725 2918 quod
749 2842 846 2900 omnis
870 2839 918 2900 ilia
943 2858 1014 2901 cura
1038 2839 1203 2900 adhibenda

43 2944 89 3016 181,
125 2946 257 3008 dicitur:
287 2942 378 3024 70,2
404 2964 462 3022 per
489 2948 624 3005 triduum
652 2949 690 3006 de
718 2965 755 3006 ea
780 2950 903 3022 potione
926 2950 981 3006 ani
1003 2951 1113 3022 cuique
1136 2950 1204 3008 bovi

46 3041 148 3130 dato,
176 3051 249 3133 143,
269 3049 288 3112 2
314 3072 373 3128 per
401 3055 578 3127 eosdemque
601 3055 665 3114 dies
688 3055 751 3112 tari
770 3051 922 3127 familiari
941 3072 1000 3128 pro
1025 3057 1113 3129 copia
1135 3073 1204 3131 sap·

33 3146 157 3219 tit-ee.
193 3160 248 3221 aiia
268 3157 401 3236 crempia
421 3159 554 3219 eiusdem
573 3161 803 3237 praepositionis
823 3161 852 3218 in
871 3158 1042 3218 defiuitione
1061 3162 1203 3239 temporis

31 3257 171 3326 rasicae
202 3266 271 3326 dedi
303 3284 392 3344 supra
421 3284 446 3326 c.
473 3263 542 3327 155.
594 3284 661 3325 nam
690 3268 808 3344 saepius
836 3267 866 3325 in
895 3265 955 3345 bis,
986 3284 1061 3343 quae
1090 3274 1201 3328 certam

26 3366 174 3432 nutrieri
197 3373 399 3433 definitionem
424 3372 547 3451 babent,
576 3374 776 3432 accusativum
800 3374 864 3432 sine
889 3374 1107 3450 praepositione
1133 3376 1202 3452 poni

20 3470 164 3539 Π0111111
187 3490 240 3540 est.

150 3585 213 3647 Ubi
234 3603 313 3646 csse
337 3585 435 3646 uolet
458 3603 601 3646 carnem
620 3587 754 3645 asinam
773 3585 854 3646 dato
874 3588 905 3646 si
923 3603 1002 3646 esse
1022 3604 1089 3645 non
1108 3585 1203 3646 solet

14 3667 142 3748 disto
168 3693 364 3754 brassicam
392 3702 528 3754 coctam
556 3700 591 3752 et
619 3692 754 3777 panem]
787 3695 915 3754 Carnem
939 3711 1038 3754 assam
1063 3696 1147 3767 dato,
1175 3698 1204 3754 si

12 3796 100 3845 ⁶⁸⁸3
148 3820 202 3862 noa
227 3805 311 3874 volet,
336 3803 407 3861 dato
426 3803 594 3861 brassicam
613 3798 725 3860 bierula
745 3808 835 3879 recte,
860 3809 892 3860 ut
911 3801 1036 3861 videtur.
1063 3818 1202 3861 scornem

13 3893 175 3968 “Sinam
199 3907 243 3968 vei
263 3911 415 3969 asininam
434 3909 534 3986 inepte
553 3907 685 3968 defendit
704 3907 869 3968 Pontedera
888 3926 916 3985 p.
932 3904 983 3967 81.
1019 3906 1069 3966 sed
1090 3909 1201 3967 rectius

13 4011 203 4076 sententia
222 4015 372 4096 procedet,
392 4017 417 4075 si
436 4014 585 4075 scribetur
604 4018 657 4076 ubi
674 4033 738 4076 esse
758 4018 833 4075 votet
852 4031 986 4085 caraem,
1006 4031 1105 4072 assam
1121 4017 1201 4073 dato.

146 4117 186 4182 Et
222 4125 341 4201 siquis
378 4119 482 4182 ulcus
519 4130 650 4182 tetrum
685 4121 741 4181 uel
774 4138 902 4182 recens
935 4117 1081 4178 babebit
1113 4118 1201 4178 banc

17 4205 252 4290 brassicam
285 4230 476 4288 erraticam
505 4247 592 4307 aqua
622 4226 796 4306 spargite]
827 4228 866 4287 Et
892 4229 986 4301 siquis
1014 4224 1084 4285 iibri
1112 4243 1199 4285 manu

18 4320 158 4401 ⁸⁰¹”ipti
187 4343 218 4396 et
246 4335 336 4395 editio
365 4337 505 4413 princeps
534 4353 548 4394 a
577 4333 721 4394 Potitiauo
750 4353 808 4394 non
837 4341 980 4394 correcta.
1031 4351 1098 4393 nam
1128 4332 1200 4393 saiso

20 4418 207 4505 Gelinerito
236 4449 265 4504 et
292 4441 474 4504 aPoiitiano
502 4440 632 4502 deletum
663 4459 729 4502 esse
757 4441 921 4522 adnotavit,
949 4442 979 4500 iu
1002 4457 1135 4523 errorem
1158 4443 1201 4500 in·
