2874 4994
141 340 184 404 92
483 345 674 401 conmuni.
693 345 733 400 IN
751 343 939 400 VARRONIS

140 505 324 565 seruandum
348 505 382 562 id
403 521 422 562 n
442 504 618 578 pleniluniis
642 509 672 561 et
690 498 782 560 xviii
803 496 866 562 321
891 501 992 559 omnio
1011 516 1091 574 qnae
1108 499 1245 576 caeduntur,

141 620 323 690 carpuntur,
352 611 535 688 conduntur,
559 610 749 670 innocentius
776 610 972 670 decrescente
998 609 1075 668 luno
1107 621 1186 681 quam
1206 620 1247 666 cre

141 727 245 779 scente
264 721 352 791 fiunt.
389 719 479 777 immo
498 716 555 776 hoo
575 714 647 777 dicit
669 715 819 794 Agrasius,
840 732 872 774 se
892 729 997 774 cavere
1021 730 1069 792 ne,
1087 711 1115 772 si
1136 718 1249 772 ommate

141 823 210 885 luna
239 823 377 903 capillum
405 823 540 904 tondeat,
568 821 668 882 calvus
697 822 755 884 fiat.
802 839 893 900 quare
925 820 1034 900 scripsi
1065 836 1106 880 nc
1136 824 1268 897 metente„

141 934 214 992 tuno
238 932 373 991 tondens.
421 946 487 989 nam
511 930 546 988 ni
566 946 682 1007 prone
711 928 824 989 dictum
853 944 924 988 num
947 925 1074 986 Varroni
1102 922 1253 986 tribuerim

141 1038 189 1117 sit,
214 1034 331 1116 dubito,
355 1052 534 1115 quamquam
560 1033 686 1095 Ursinus
710 1037 883 1096 coniectura
906 1033 1040 1096 scribere
1064 1049 1126 1093 nnn
1147 1028 1255 1093 dahiud

141 1138 269 1225 159‚3
301 1146 336 1204 ni
366 1145 558 1204 extrinsecus
590 1144 717 1219 spiritus
749 1144 843 1218 adstet
875 1150 905 1203 et
937 1133 1127 1221 11116,34
1155 1139 1187 1199 ni
1209 1138 1257 1213 pn
1306 1202 1308 1207 ,

143 1253 305 1312 eximetur.

232 1354 251 1417 3
294 1353 488 1436 Numquam
529 1374 615 1416 rnre
659 1355 795 1419 audisti
835 1352 961 1434 inquid
1004 1361 1136 1414 octauo
1173 1349 1258 1412 lanan

141 1463 259 1526 lunam
292 1471 327 1523 et
360 1472 587 1524 crescentem
620 1472 654 1524 et
687 1470 814 1525 contra
847 1468 1102 1522 senescentem
1135 1468 1169 1519 et
1200 1475 1259 1537 qun

144 1577 334 1632 crescente
358 1568 441 1631 luna
461 1570 546 1630 sieri
565 1578 753 1650 oporteret
776 1578 811 1631 et
835 1579 951 1631 tamen
975 1566 1147 1648 quaedam
1165 1563 1261 1626 melius

144 1677 229 1738 iieri
252 1686 333 1757 post
355 1685 484 1737 octauo
515 1677 629 1738 ianam
657 1676 776 1738 lunam
805 1694 910 1757 quam
937 1672 1034 1753 ante]
1059 1674 1168 1734 Ionam
1188 1675 1262 1732 tunm

146 1794 272 1864 utroque
302 1783 366 1844 loeo
391 1782 468 1844 edita
491 1783 563 1844 inde
587 1803 603 1843 a
626 1786 762 1865 principe
785 1784 915 1845 editione
945 1779 1134 1861 exemplaria
1176 1784 1263 1857 oportet

144 1890 237 1952 codex
256 1889 458 1972 Florentinus,
477 1899 615 1968 oportent
638 1910 667 1952 m
691 1900 722 1952 et
740 1890 900 1952 iucundus.
937 1896 1045 1952 octono
1064 1888 1172 1949 Ionem
1189 1889 1263 1947 tunna

144 2006 329 2060 crescentem
353 2005 382 2059 et
405 2004 514 2058 contro
538 2005 754 2073 senescentem,
782 2007 812 2060 et
837 2017 917 2074 qunc
944 2001 1104 2059 crescente
1130 1997 1199 2056 luno
1216 1994 1265 2067 fieri

144 2111 296 2184 oportent,
328 2113 428 2165 tomen
456 2106 562 2164 metius
587 2107 661 2177 fieri
678 2113 747 2181 post
770 2112 877 2166 octono
900 2105 1010 2164 Inncm
1034 2105 1138 2163 lunum
1159 2098 1264 2161 Ursinus

145 2212 182 2273 de
206 2210 331 2273 formula
354 2209 432 2290 apud
456 2211 586 2271 rusticos
606 2221 747 2290 usurpata
766 2220 873 2273 octouo
893 2211 1002 2271 lunam
1021 2213 1135 2284 lunum,
1154 2224 1207 2287 qna
1221 2204 1264 2265 nn

145 2327 266 2379 octavus
299 2327 367 2378 ante
400 2316 517 2396 plenam
550 2326 580 2377 et
612 2326 680 2378 ante
708 2336 812 2379 noram
841 2317 940 2380 lunam
970 2313 1203 2395 significabatur,
1224 2327 1264 2372 noa

145 2424 262 2485 ridetur
286 2422 480 2485 dubitandum
512 2441 587 2486 esse.
633 2424 685 2485 sed
714 2425 806 2486 altero
835 2424 913 2504 loco,
937 2422 988 2484 ubi
1017 2421 1162 2502 quaedam
1187 2416 1264 2480 melin

145 2539 213 2609 post
235 2548 304 2591 enm
327 2530 405 2591 diem
429 2531 495 2590 [ieri
516 2529 636 2612 dicitur,
652 2542 721 2608 post
744 2541 882 2593 octonum
904 2531 1020 2610 scripsi.
1058 2537 1089 2591 et
1106 2538 1172 2591 ante
1191 2537 1263 2588 rann

146 2635 305 2696 delendum
328 2654 394 2697 esse
414 2636 486 2697 vidit
505 2635 640 2718 Ursinus,
658 2657 739 2714 quue
761 2647 918 2700 crescente
939 2641 1014 2698 Iuno
1034 2639 1110 2710 fieri
1130 2640 1267 2714 oporteret,

146 2752 246 2804 tomen
269 2746 419 2818 prunedum
451 2748 556 2805 metius
580 2749 654 2819 fieri
677 2753 747 2823 post
774 2754 913 2807 octonum
936 2746 1046 2805 Ionum
1075 2746 1176 2803 tunam
1200 2756 1272 2816 qnam

147 2857 227 2909 onte.
260 2865 327 2907 nam
351 2848 451 2909 addito
474 2859 541 2928 post
565 2851 715 2912 relatiuam
739 2852 916 2912 sententiam
939 2849 1117 2930 pronomine
1143 2849 1270 2925 quosdam

146 2972 217 3034 pars
235 2952 382 3015 indicatur
401 2973 505 3017 eornm
520 2975 595 3035 quiae
615 2959 679 3019 fieri
694 2967 828 3037 oportet,
847 2953 926 3038 155,
942 2955 959 3018 1
976 2974 1057 3031 quoe
1071 2973 1161 3016 monn
1174 2956 1273 3023 stricta,

147 3065 253 3124 metior
280 3080 317 3124 cn
341 3080 420 3138 pune
443 3066 547 3138 diuitis
571 3068 674 3145 nudis,
705 3063 806 3146 112
838 3083 875 3125 eu
908 3082 988 3140 quoe
1017 3061 1141 3138 suriunt
1170 3064 1273 3123 mnne

146 3170 347 3230 honestiorem
378 3187 488 3243 nortem
518 3174 667 3247 pleraque
699 3190 759 3231 non
790 3175 885 3232 sotum
918 3166 1157 3245 fructuosiorem
1186 3167 1274 3229 codes

143 3273 274 3350 incitent,
298 3272 449 3356 1119,16
472 3280 555 3352 onon
573 3277 643 3353 sere
666 3297 745 3354 prone
768 3287 840 3339 unte
859 3281 1010 3354 pleraque
1032 3294 1093 3338 non
1120 3276 1275 3337 succedunt.

235 3379 314 3441 Dixi
347 3381 388 3442 de
422 3383 690 3464 quadripertita
719 3386 831 3445 torma
859 3382 1003 3445 cultura
1032 3379 1125 3463 agri]
1150 3381 1278 3443 cumeae

147 3487 225 3549 edita
255 3486 324 3548 inde
352 3505 369 3547 1
397 3491 531 3569 principe
560 3491 689 3552 editione
718 3490 906 3572 exemplaria.
951 3507 1007 3570 pro
1039 3507 1077 3550 eo
1109 3491 1140 3550 in
1170 3490 1279 3550 corna

149 3596 264 3672 scripsi.
311 3593 555 3673 quadripertitam
587 3607 685 3658 autem
719 3599 843 3660 formam
875 3605 999 3677 apparet
1036 3613 1096 3657 non
1133 3613 1193 3656 eam
1216 3589 1281 3664 diri,

148 3718 224 3779 «prae
252 3718 288 3759 ex
313 3708 453 3779 quattuor
481 3701 616 3781 partibus
645 3703 730 3764 lunae
759 3703 892 3784 ducitur,
920 3704 1000 3762 sicut
1026 3701 1178 3763 Gesnerus
1199 3697 1279 3760 1111·

147 3807 230 3885 tavit,
258 3804 309 3865 sed
339 3814 479 3885 quattuor
506 3817 607 3887 partes
639 3812 702 3888 agri
735 3809 870 3872 cniturae
900 3809 1058 3889 dicuntur,
1090 3824 1164 3888 quas
1188 3800 1279 3866 enta

152 3929 243 3992 supra
266 3909 335 3992 5,3
364 3923 569 3994 proposuerat.
615 3914 670 3976 hac.
694 3918 785 3996 igitur
808 3916 1007 3996 disputatione
1030 3916 1115 3977 finita
1134 3916 1188 3975 iam
1205 3905 1281 3970 Staio

146 4020 378 4099 descriptionem
411 4019 493 4082 addit
524 4040 648 4102 operum
676 4025 859 4084 rusticorum
891 4024 923 4083 in
951 4040 1004 4084 sex
1034 4031 1136 4103 partes
1162 4019 1279 4087 dit'ffls

147 4146 222 4207 quae
246 4135 293 4186 est
315 4125 408 4186 altera
432 4132 600 4207 temporum
624 4128 728 4189 divisio
752 4131 923 4208 sexpertita.

236 4230 257 4291 4
289 4229 380 4300 Quin
412 4234 634 4312 sexpertita]
674 4238 758 4308 Quoue
791 4240 821 4296 in
845 4255 901 4297 sex
920 4239 1042 4313 purtitu
1065 4245 1110 4297 est
1134 4228 1272 4296 tonnus·

149 4358 228 4414 peren»
250 4348 294 4398 rst
316 4344 485 4415 serpertitn
508 4343 623 4420 scripsi.
669 4360 737 4403 uam
760 4346 833 4420 quin
862 4341 1007 4422 particula
1036 4340 1202 4404 adfirmante
1220 4331 1265 4391 iifl

147 4443 245 4506 lorrrm
268 4462 327 4507 trun
351 4443 448 4508 habet
