2874 4994
312 357 361 412 DE
379 354 469 410 aunt
488 355 661 411 cvutvtsn
679 356 819 411 LIBRVM
839 356 867 411 C.
885 355 1014 413 23-25
1195 349 1237 416 53

85 530 236 576 summum
267 532 360 575 enses
389 513 464 574 IIII
487 520 517 572 et
545 514 589 572 ed
613 530 758 573 summurn
782 515 974 595 pertundite,
1009 509 1085 594 145,
1109 511 1129 575 3
1158 531 1238 590 quse

87 625 156 682 etds
180 639 259 699 pers
285 624 345 682 erit
373 636 458 681 omne
486 621 663 694 deducetur,
698 616 819 700 144‚2
847 622 930 695 quod
955 624 980 681 is
1007 624 1115 696 lecerit
1142 639 1237 696 omne,

88 725 133 790 92
157 746 246 789 omne
268 729 351 803 quod
372 729 518 787 luteuere's
541 732 571 784 et
595 723 731 785 similiter
756 722 829 807 162,
848 724 869 786 2
892 731 1021 802 eequute
1040 726 1148 802 sueito.

180 833 363 913 Quidquid
394 833 473 893 uini
500 830 728 909 detrudabis]
758 832 937 909 Defrutnbis
969 852 1004 893 ex
1035 832 1136 895 Ursini
1168 854 1237 896 eon-

87 945 204 1002 ieetura
224 939 334 1020 l’opms
353 948 384 1000 et
402 936 604 999 Schneiderus
628 939 833 999 restituerunt
875 939 979 1000 eodem
1003 940 1093 1000 verbo
1117 951 1237 1020 praeter

88 1047 234 1108 Catonem
258 1065 331 1109 usus
354 1054 400 1108 est
423 1044 582 1107 Columella
605 1045 631 1104 ll
650 1043 737 1128 21,4
761 1046 915 1123 defrutum
937 1066 1056 1124 quoque
1075 1048 1185 1125 secere
1208 1059 1237 1112 et

88 1159 192 1216 vinnm
216 1154 377 1231 defrutare
400 1149 483 1215 ticet'

178 1262 262 1322 XXV
290 1260 416 1321 Facito
441 1262 495 1321 uti
518 1268 689 1320 seruetur
719 1259 876 1320 familiae
905 1261 1057 1339 primum
1086 1264 1236 1343 suisque

87 1369 274 1448 tacitoque
313 1367 460 1429 studeas
492 1366 581 1426 bene
613 1376 824 1446 percoctum
857 1369 1065 1447 siccumque
1101 1367 1234 1448 legere]

88 1477 220 1552 Sutspue
244 1475 403 1552 scutoque
426 1474 549 1533 studeas
572 1471 736 1533 Politianns
760 1482 790 1533 et
814 1472 904 1533 editio
928 1472 1051 1534 Victorii
1075 1492 1144 1535 eum
1167 1494 1236 1555 apo

87 1581 224 1662 graphis:
254 1600 320 1642 nam
345 1579 381 1640 de
405 1578 550 1639 Politiuno
575 1578 644 1640 lalsa
669 1579 785 1641 rettulit
809 1579 968 1641 Gesnerus.
1012 1584 1117 1656 sieque
1136 1581 1235 1657 seeito

85 1693 212 1751 studeas
235 1687 313 1749 edita
337 1694 405 1747 ante
432 1685 592 1747 Victorium
617 1685 803 1766 exemplaria.
849 1691 969 1762 tuisque
992 1687 1142 1750 Gesnerus
1166 1708 1234 1749 eon-

87 1799 167 1878 ieeit‚
185 1799 291 1872 sieque
305 1794 405 1870 [netto
423 1795 545 1854 studeat
564 1788 620 1875 (sc.
636 1787 758 1874 familie)
778 1803 899 1855 auctore
918 1793 1096 1855 llottboellio
1112 1793 1234 1856 Schnei-

86 1903 188 1965 derus.
233 1905 266 1963 in
296 1903 361 1964 uvis
390 1900 522 1980 legendis
550 1902 680 1980 primum
709 1900 871 1961 servandae
899 1910 970 1961 sunt
997 1919 1062 1980 eae,
1095 1919 1170 1980 quae
1198 1902 1234 1962 ad

84 2010 283 2071 domesticum
308 2027 395 2070 usum
418 2006 582 2068 destinatae
602 2016 680 2068 sunt.
719 2025 785 2067 nam
804 2011 854 2068 sui
871 2007 1022 2089 dicuntur,
1045 2010 1097 2087 qui
1116 2016 1234 2086 praeter

85 2135 189 2178 servos
224 2119 254 2177 in
286 2115 354 2176 villa
388 2122 459 2175 sunt
487 2123 517 2175 et
532 2112 579 2173 -nd
608 2114 729 2175 domum
756 2117 877 2194 proprie
906 2117 1065 2193 pertinent.
1115 2134 1150 2175 ex
1179 2117 1234 2178 bae

86 2227 210 2287 notione
233 2225 313 2284 enim
337 2232 421 2283 ortus
445 2229 491 2281 est
514 2239 587 2281 usus
610 2222 795 2299 pronominis
818 2220 958 2281 liberiore
979 2221 1067 2280 modo
1087 2223 1127 2282 ita
1146 2241 1233 2282 usur-

86 2333 163 2414 pati,
192 2339 226 2392 ut
253 2348 312 2410 quo
340 2328 489 2389 referatur
517 2329 615 2388 minus
640 2334 778 2387 accurate
802 2327 958 2389 indicetur.
1004 2330 1090 2388 cuius
1114 2331 1233 2406 generis
1325 2314 1329 2326 ¹

84 2436 221 2517 exempla
249 2455 285 2498 ex
312 2436 369 2497 boe
398 2435 473 2495 libro
502 2436 601 2495 notavi
628 2433 714 2516 baec,
742 2432 835 2516 28,1
865 2438 947 2495 olees
974 2468 1018 2477 —
1045 2453 1114 2496 eum
1140 2454 1232 2510 seres,

84 2549 162 2608 bene
184 2562 261 2607 eum·
277 2545 436 2605 radicibus
459 2545 582 2605 eximito
603 2560 672 2603 eum
690 2548 778 2603 terre
795 2560 853 2603 suu
872 2551 962 2617 quum
977 2545 1121 2620 plurimu,
1145 2539 1196 2621 31,
1211 2539 1232 2603 2

83 2655 229 2714 materies
256 2685 298 2694 -
328 2658 390 2711 turn
423 2652 483 2712 erit
514 2652 701 2729 tempestiue,
733 2666 801 2711 euru
832 2666 934 2710 semen
964 2667 1052 2710 suum
1079 2656 1232 2710 maturum

82 2764 159 2841 erit,
187 2755 279 2840 33‚5
307 2761 447 2819 salictum
475 2775 529 2819 suo
557 2765 691 2834 tempore
713 2759 842 2833 caedito,
870 2753 960 2838 37,3
985 2759 1053 2816 uitis
1075 2760 1104 2817 si
1125 2774 1232 2818 meere

82 2871 159 2940 erit,
187 2873 342 2927 sarmenta
370 2883 427 2926 suu
455 2866 620 2940 concidito,
651 2860 762 2945 132,2
791 2865 858 2925 Ioue¹
880 2872 963 2925 ceste
983 2862 1151 2941 profanato
1174 2882 1232 2924 suu

82 2975 277 3049 contaedere,
302 2967 375 3053 145,
394 2969 415 3033 3
439 2973 566 3033 accedet
587 2975 684 3032 oleum
707 2976 737 3031 et
758 2973 823 3031 sete
845 2987 920 3031 suae
942 2972 1043 3031 usioni
1059 2973 1142 3046 quod
1157 2974 1232 3031 setis

80 3085 154 3156 siet,
181 3075 254 3162 157,
273 3075 315 3139 13
338 3096 436 3153 neque
459 3081 537 3139 ullus
560 3079 682 3139 morbus
708 3079 807 3138 ueniet
829 3079 891 3137 nist
910 3095 968 3137 suu
991 3081 1091 3154 culpe,
1123 3074 1230 3158 158‚1

81 3207 120 3252 eo
145 3189 250 3248 addito
277 3217 313 3228 -
341 3186 427 3246 betae
450 3187 594 3246 coliculos
617 3187 693 3245 duos
716 3201 783 3245 eum
806 3185 1007 3257 radicesue,
1033 3182 1145 3265 162‚2
1168 3188 1231 3246 eut·

81 3298 157 3356 mito
181 3295 276 3355 omnis
299 3309 368 3353 eum
390 3308 445 3352 suo
465 3295 537 3352 sete.
580 3290 713 3369 exemplu
733 3288 865 3350 rellexivi
885 3291 1071 3368 pronominis
1094 3309 1162 3351 eum
1186 3294 1230 3351 in-

83 3401 209 3463 definito
233 3399 408 3478 pronomine
432 3399 521 3476 positi
545 3397 612 3458 dedi
637 3394 666 3478 l,
687 3394 716 3457 1.

172 3506 346 3567 Vinaeeos
370 3505 507 3567 cotidie
531 3506 694 3583 regentis
718 3505 927 3565 sueoernito
951 3504 1067 3564 lector
1090 3503 1230 3565 estibus

77 3615 256 3678 subtento
285 3611 342 3673 uel
371 3611 511 3672 cribum
540 3610 640 3673 illius
668 3614 722 3671 rei
750 3610 891 3690 parato]
915 3613 1028 3674 lector
1050 3613 1162 3673 estibus
1186 3612 1231 3672 vel

77 3725 216 3787 uestibus
240 3719 309 3781 libri
332 3737 422 3780 manu
446 3720 560 3798 scripti.
601 3721 699 3780 minus
723 3727 861 3779 accurate
886 3717 1048 3779 Politianns
1071 3716 1230 3779 lectionem

77 3830 228 3912 principis
251 3826 390 3888 editionis
414 3830 506 3889 lectos
530 3829 663 3887 uestibus
686 3828 727 3887 ita
750 3828 890 3905 correxit,
913 3829 1009 3887 lector
1034 3820 1125 3907 (corr.
1144 3828 1229 3900 lecto,

76 3948 114 4001 ut
133 3927 265 4017 videtur)
289 3936 429 3996 restibus.
466 3952 534 3993 nam
559 3952 633 4012 quae
657 3935 688 3993 in
712 3934 844 4012 margine
869 3931 1029 4010 adscripsit
1046 3935 1122 3993 lectu
1141 3936 1230 3992 resti-

76 4049 136 4108 bus
174 4042 378 4121 superscripto
416 4042 533 4102 retibus
570 4039 615 4101 vel
653 4041 747 4119 ipsius
781 4041 971 4099 coniecturae
1004 4035 1151 4098 debentur
1183 4037 1230 4099 vel

76 4160 184 4233 postea
218 4151 248 4209 in
280 4150 413 4228 margine
446 4147 557 4208 codicis
590 4146 739 4226 adscripta
772 4152 865 4206 erant.
920 4147 1061 4206 vinaceos
1095 4147 1228 4220 quotidie

76 4265 220 4322 recentes
248 4259 430 4317 suecernito.
477 4258 568 4316 lectos
596 4257 751 4316 exsiecato
779 4254 910 4314 restibus
934 4253 1094 4334 subteutis,
1124 4253 1228 4314 eribro

77 4370 126 4429 illi
151 4368 202 4427 rei
225 4369 339 4441 pereto
362 4360 526 4441 iucundus,
554 4365 696 4423 utneeeos
723 4363 857 4437 quotidie
886 4366 1023 4421 recentes
1045 4363 1219 4421 suceernito

80 4478 160 4537 tecto
183 4471 301 4534 retibus
322 4470 459 4532 subtecto
482 4469 620 4530 cribrum
644 4470 724 4530 iltius
747 4470 796 4529 ret
810 4473 924 4544 purete
942 4464 1099 4527 Victorius
1136 4470 1228 4528 tectos
