2874 4994
271 355 319 410 DE
339 354 428 410 AGRI
446 354 620 411 CVLTVRA
643 353 784 409 LlBIiVM
803 353 832 408 O.
850 351 1023 410 106-110
1160 345 1222 409 123

166 509 188 573 4
218 510 342 591 Siquis
370 509 450 590 plus
480 509 580 571 uoles
604 529 715 591 aquae
739 511 895 570 marinae
919 511 1136 570 concinnare
1161 527 1224 589 pro

76 621 247 699 portione
281 637 320 680 ea
352 620 466 680 omnia
501 618 626 697 tacito]
661 619 814 694 Siquidem
842 622 910 694 plus
943 622 1021 678 voles
1050 616 1128 677 edita
1156 627 1224 678 ante

76 724 242 787 victorium
274 725 460 805 exemplaria.
505 730 534 786 si
564 729 631 802 quis
663 707 891 805 ex‘archetypo
925 723 1072 785 Victorius
1102 726 1224 804 recepit.

77 833 130 895 sed
160 852 266 895 verum
295 851 361 894 esse
388 841 461 912 puto
488 835 591 909 siquid
614 837 683 910 plus
711 836 802 906 votes,
833 831 911 911 qnod
940 831 1105 893 Pontedera
1132 851 1159 911 p.
1183 830 1225 892 70

77 943 216 1003 coniecit.
254 959 321 1002 nam
345 944 440 1016 siquis
464 959 532 1001 eum
555 940 684 1002 secunda
709 939 789 1000 verbi
814 958 939 1019 persona
964 940 1022 1000 dici
1041 958 1100 1000 uon
1119 942 1224 1019 potuit.

168 1049 252 1110 OVII
278 1047 293 1110 1
315 1047 453 1127 Coquas
473 1049 666 1109 sarmentis
685 1055 719 1108 et
738 1046 817 1109 leui
838 1045 988 1124 flamma]
1010 1048 1088 1108 Leni
1100 1051 1225 1123 stemma

78 1155 272 1218 scribendum
296 1174 371 1238 esse,
396 1174 453 1216 non
478 1161 544 1233 levi,
568 1155 730 1238 apparebit,
754 1175 787 1216 os
809 1157 845 1216 iis
865 1154 1015 1236 exemplis,
1040 1173 1114 1235 quae
1136 1173 1225 1234 supra
1249 1157 1251 1162 “

79 1262 175 1346 33,4
199 1266 360 1344 composui.
748 1320 749 1324 ,
943 1241 948 1253 ’
1083 1330 1091 1345 ,

169 1369 306 1433 OVIII2
330 1371 416 1432 'lum
434 1372 469 1432 id
489 1372 877 1451 percolatupulentam
897 1370 1046 1449 adicito]
1068 1373 1226 1433 Potentem

78 1479 246 1541 Politianus
279 1497 347 1539 cum
376 1479 553 1559 apographis
586 1487 616 1541 et
651 1498 740 1558 supra
774 1484 927 1556 polentam
952 1482 1123 1554 praedem:
1160 1498 1226 1539 nam

78 1585 153 1647 saiso
178 1586 329 1647 Gesnerus
354 1593 481 1666 utroque
507 1586 570 1647 loco
590 1592 765 1665 punientem
783 1584 928 1648 Politiano
948 1585 1066 1648 tribuit:
1086 1591 1227 1664 polentae

79 1690 155 1775 156,
174 1689 196 1755 ἴ)
216 1703 245 1754 et
266 1689 338 1776 157,
357 1690 387 1754 9.
421 1694 528 1755 deinde
543 1697 667 1756 adiicito
682 1692 844 1755 Beroaldus
859 1695 889 1754 in
904 1693 1032 1755 editione
1048 1693 1227 1754 Bononiensi

77 1801 174 1862 edidit
193 1810 223 1861 et
241 1809 309 1879 post
327 1800 407 1862 bunc
427 1800 587 1863 Gesnerns.
615 1804 715 1865 vinum
735 1821 802 1863 cum
821 1802 940 1882 polenta
960 1803 1040 1863 terve
1060 1802 1101 1883 nt,
1121 1801 1227 1862 deinde

77 1908 259 1990 percolatur,
282 1907 400 1988 polenta
424 1908 561 1990 abicitur,
586 1912 686 1970 vinum
710 1910 765 1971 sub
789 1910 838 1970 dio
862 1912 991 1990 ponitur.
1033 1910 1153 1988 grandis
1176 1929 1226 1990 po·

77 2015 159 2077 lenta
183 2025 283 2076 autem
307 2016 417 2077 dicitur
441 2035 516 2096 quae
539 2037 575 2077 ex
598 2017 756 2096 grandiore
779 2018 872 2078 farina
897 2018 972 2078 lacta
996 2027 1049 2079 est

171 2123 237 2184 cix
260 2123 305 2184 De
329 2142 416 2186 eruo
441 2125 590 2185 larinam
615 2127 727 2186 tacito
751 2125 863 2185 libras
883 2125 935 2185 1111
955 2133 990 2185 et
1009 2128 1084 2185 nini
1104 2136 1227 2205 cyatos

79 2229 134 2290 1111
163 2235 400 2312 conspargito
433 2251 516 2311 sapa
550 2241 672 2312 postea
703 2233 812 2293 iacito
841 2232 1053 2310 laterculos]
1082 2232 1227 2312 Corrupto

79 2338 155 2400 baec
179 2357 245 2399 esse
270 2338 420 2400 Gesnerns
443 2339 603 2421 intellexit,
629 2340 680 2401 sed
705 2358 809 2419 parum
833 2350 900 2420 apte
925 2341 1081 2400 emendare
1105 2340 1228 2414 studuit,

79 2465 150 2508 oum
178 2445 275 2508 deleto
304 2467 331 2509 v.
359 2451 423 2508 vini
455 2447 645 2509 scribendum
674 2451 824 2510 coniceret
853 2456 881 2510 et
911 2450 1037 2525 eputbos
1063 2449 1135 2508 IIII
1158 2466 1228 2508 eon-

78 2558 217 2632 sperpito
245 2573 354 2631 sapae,
382 2554 411 2615 b.
431 2574 455 2616 e.
480 2574 567 2635 sapae
596 2556 694 2636 cyathi
722 2563 862 2636 quattuor
891 2555 1072 2616 admiscendi
1096 2564 1166 2616 sunt
1190 2555 1228 2614 ia-

81 2663 173 2722 rinae.
221 2680 288 2721 nam
317 2670 350 2722 ut
381 2661 517 2724 laterculi
545 2637 610 2724 fleri
637 2665 766 2744 possint,
799 2672 920 2742 apparet
948 2681 1006 2724 non
1035 2661 1131 2723 solum
1159 2680 1228 2740 sapa

81 2770 208 2830 farinam
232 2769 496 2851 conspargendam,
520 2770 572 2831 sed
597 2772 684 2831 otiam
709 2770 875 2831 addendum
900 2790 965 2831 esse
989 2773 1098 2831 vinnm.
1132 2788 1228 2849 neque
1262 2843 1266 2852 Ι

80 2895 290 2953 coresperpere
317 2877 428 2938 dicitur
457 2878 493 2938 de
522 2880 558 2938 iis
587 2897 662 2958 quae
694 2879 859 2958 spargendo
883 2877 919 2939 ad
943 2877 1069 2958 aliquam
1094 2896 1155 2938 rem
1180 2876 1228 2936 ad-

80 2983 205 3064 duntur,
236 2983 288 3043 sed
318 2983 354 3044 de
382 2986 457 3065 ipsis
484 2983 588 3065 rebus,
620 2985 655 3046 ad
685 3004 758 3065 quas
786 2985 856 3065 quid
888 2986 1084 3065 adspergitur.
1130 2988 1229 3064 itaque

81 3093 184 3171 potius
212 3090 405 3152 scribendum
434 3099 498 3152 erat
525 3100 555 3153 et
583 3097 647 3153 nini
668 3101 773 3170 epotos
799 3094 873 3154 IIII
892 3096 1007 3166 addito,
1035 3096 1230 3169 eonspnrpito

80 3217 169 3278 sepo.
219 3201 332 3260 rectius
361 3206 460 3260 tamen
488 3201 563 3260 ratio
592 3201 691 3278 operis
724 3200 840 3261 ridetur
869 3199 1046 3286 procedere,
1079 3202 1103 3259 si
1136 3209 1230 3261 trans·

81 3310 191 3388 positis
219 3305 317 3368 verbis
346 3305 494 3367 scribetur
523 3309 561 3367 de
593 3325 664 3368 ereo
691 3305 829 3382 ferinum
854 3306 953 3382 [celto
980 3308 1076 3367 libres
1104 3309 1178 3368 IIII
1202 3317 1231 3368 et

81 3419 282 3493 conspergite
296 3433 382 3491 sepo.
412 3422 519 3491 postem
535 3416 640 3474 addito
657 3417 722 3475 vini
735 3421 840 3491 cpetos
856 3415 935 3495 IIII,
950 3417 1112 3476 laterculos
1124 3414 1230 3490 serito.

173 3522 224 3583 ΟΧ
253 3520 404 3583 Odorem
432 3510 656 3581 deteriorem
684 3520 826 3581 demere
856 3522 939 3582 uino
964 3528 1092 3582 testam
1115 3521 1156 3582 de
1181 3527 1230 3581 te-

79 3630 163 3710 gula
188 3646 347 3691 crassam
372 3647 494 3708 puram
519 3626 701 3706 ealiacito]
731 3630 860 3692 Odorem
884 3633 1065 3691 deteriorem
1088 3632 1157 3690 vino
1181 3631 1231 3689 de·

80 3758 167 3800 mere
189 3741 218 3798 si
239 3741 326 3812 votes,
350 3744 456 3799 testem
475 3754 540 3816 sqq.
559 3735 718 3798 iucundus.
752 3739 881 3799 Odorem
905 3741 1087 3799 deteriorem
1111 3740 1232 3798 demere

80 3850 153 3907 nino
177 3843 326 3905 Victorius
350 3863 404 3923 pro
428 3846 622 3923 inscriptione
647 3847 747 3923 posuit
771 3853 800 3905 et
824 3844 929 3905 deinde
954 3847 984 3904 in
1013 3847 1097 3906 initio
1126 3846 1231 3924 capitis

80 3954 194 4014 omisit.
245 3954 374 4014 Odorem
403 3954 583 4013 deteriorem
612 3954 733 4013 demere
760 3957 828 4013 nino
856 3956 884 4012 si
911 3956 1001 4027 votes,
1034 3962 1139 4012 testam
1168 3971 1232 4030 sqq.

81 4061 238 4122 Gesnerus
261 4068 291 4120 et
311 4058 514 4120 Schneiderus
533 4059 680 4120 dederunt
700 4058 905 4140 supplemento
925 4076 959 4118 ex
981 4058 1084 4118 Aldina
1104 4059 1231 4119 editione

81 4169 188 4249 petito.
217 4167 381 4227 infinitivus
400 4168 431 4226 io
450 4168 618 4246 praeceptis
637 4169 762 4248 positus,
782 4185 840 4246 quo
857 4184 951 4246 genus
966 4165 1115 4227 indicatur
1129 4185 1232 4226 eorum

82 4294 160 4357 qnae
191 4275 432 4357 praecipiuntur,
460 4277 578 4355 saepius
607 4274 738 4335 editores
766 4273 883 4335 ielellit:
919 4270 994 4357 115,
1018 4271 1039 4336 2
1063 4278 1162 4336 oinrrm
1191 4276 1235 4335 od

84 4380 185 4445 otrrlm
210 4384 386 4443 movendam
409 4386 612 4458 concinnere,
649 4379 712 4443 122
735 4386 838 4443 vinum
861 4385 1058 4466 concinnere,
1080 4386 1108 4443 si
1129 4386 1232 4444 lotium

85 4490 247 4566 difficilius
262 4491 412 4566 transibit,
429 4487 490 4552 121
507 4494 551 4552 od
564 4494 754 4568 dyspepaiem
769 4494 1019 4567 elstrenpnrinm
1028 4493 1153 4574 mederi,
1170 4488 1232 4554 128
