2874 4994
300 345 429 401 RERVM
447 344 687 403 ttvsTtoAtatM
705 347 773 401 LlB.
792 348 804 400 1
825 344 953 403 57-58
1140 338 1201 403 121

120 503 194 582 avit,
218 519 303 581 poma
327 520 362 562 eo
387 503 505 563 nominc
530 513 616 582 saepe
641 500 834 581 appellantur.
880 519 970 581 quaro
995 500 1109 584 dubito,
1132 520 1203 563 utrm

120 607 203 686 :olari
228 608 365 669 Varronis
390 611 522 689 opinioni
545 609 601 670 hoc
626 607 817 671 tribuendum
841 611 887 690 sit,
907 616 940 669 ut
958 610 1109 669 anxinneas
1132 627 1203 670 uras

120 717 225 776 arianas
253 715 375 797 dixerit,
399 716 450 778 sed
481 718 550 776 vitio
579 715 739 777 scribentis
765 717 874 777 lactum
903 733 969 775 esse
999 724 1085 796 puto,
1108 724 1141 775 ut
1168 733 1202 775 ex

124 841 197 902 quae
230 833 333 902 postea
365 823 402 884 de
435 826 530 903 pomis
562 825 673 904 scripta
701 832 771 884 suut
797 824 829 883 in
856 822 936 883 hunc
965 820 1062 883 locum
1095 840 1202 884 nomen

120 931 279 993 islerretur.
317 938 406 1011 atquo
430 933 519 992 etiam
543 930 621 1010 apud
640 930 768 993 Plinium
791 948 895 1010 parum
919 938 986 1010 apte
1010 930 1082 990 baec
1106 932 1199 992 inter·

119 1039 155 1098 ita
179 1056 243 1099 esse
268 1038 351 1100 lacilo
376 1048 505 1119 apparet.
546 1042 647 1119 itaque
671 1039 748 1119 apud
773 1038 933 1098 Varronem
955 1041 1135 1099 aconitanas
1158 1040 1202 1099 in·

120 1147 146 1221 ti,
175 1145 250 1226 apud
280 1144 408 1207 Plinium
437 1164 470 1206 ea
501 1164 575 1225 quae
603 1146 662 1207 buc
693 1149 857 1225 pertinent,
885 1148 1035 1206 amineam
1062 1148 1204 1223 proxime

120 1261 172 1313 tam
208 1253 306 1315 Varro
333 1258 524 1315 scantianam
552 1263 648 1329 vocat,
677 1272 714 1314 ax
737 1251 812 1314 libro
837 1251 976 1312 Varronis
1005 1263 1104 1313 vetere
1133 1250 1203 1313 ritio

120 1368 202 1438 rupto
222 1359 360 1421 ridentur
383 1360 481 1422 addita
506 1380 580 1423 esse.
618 1365 787 1423 duracinos
806 1363 963 1421 aminneas
982 1359 1051 1420 olim
1071 1358 1202 1420 scriben-

120 1483 135 1525 n
164 1468 291 1548 conieci,
324 1475 357 1527 ut
389 1476 436 1528 est
467 1468 544 1548 apud
578 1467 732 1549 Catonem3
766 1475 883 1547 poterat
917 1475 1014 1527 tamen
1044 1465 1150 1548 Varro,
1178 1469 1204 1527 si

120 1574 217 1634 urinas
241 1571 276 1632 ab
301 1576 444 1635 aminneis
469 1577 533 1635 uris
564 1575 694 1635 diuersas
721 1592 787 1635 esse
815 1572 945 1655 volebat,
973 1573 1071 1634 addita
1100 1573 1204 1654 copula

120 1685 228 1741 acinos
251 1688 280 1742 et
303 1685 460 1743 omr'naeas
483 1682 624 1742 scribere.
670 1691 836 1761 sequuntur
860 1691 1017 1761 praecepta
1039 1682 1074 1743 de
1099 1685 1204 1763 pomis,

128 1787 228 1866 quibus
252 1786 323 1848 Cato
349 1787 376 1870 l,
396 1786 417 1850 3
440 1788 544 1850 scribit
573 1789 658 1871 haec,
686 1807 761 1869 quae
789 1791 852 1868 ipsa
881 1807 999 1868 quoquo
1024 1788 1114 1850 Varro
1144 1808 1203 1850 non

120 1911 148 1953 ne
169 1907 305 1956 accurate
329 1899 485 1977 expressit,
504 1914 610 1974 poma,
634 1902 715 1958 mala
741 1906 858 1958 straten
887 1905 1012 1958 cotonea
1041 1902 1203 1959 scantiana

120 2002 254 2078 lintona,
279 2007 347 2065 item
371 2008 433 2065 alia
458 2007 619 2086 conditiva,
642 2009 722 2065 mata
745 2013 861 2066 mustea
884 2012 914 2064 et
932 2007 1058 2080 patrica.
1102 2006 1133 2064 in
1157 2003 1203 2065 his

120 2125 188 2170 mum
213 2113 243 2171 in
267 2111 354 2172 editis
378 2121 446 2172 ante
466 2111 628 2172 Victorium
652 2109 868 2189 exemplaribus
887 2111 926 2170 de
941 2113 1037 2185 pomis
1060 2111 1203 2171 omissum

120 2215 190 2276 tituli
214 2217 277 2278 loco
302 2220 339 2279 de
360 2223 457 2295 pomis
479 2222 656 2280 condiendis
680 2217 725 2279 vel
748 2219 923 2292 condendis,
947 2214 1026 2295 quod
1050 2218 1080 2276 in
1104 2215 1201 2278 indice

120 2322 256 2385 italorum
275 2323 384 2403 legitur
403 2327 621 2404 praescriptum
640 2333 712 2385 erat.
749 2328 787 2385 de
806 2327 903 2401 pomis
922 2324 1076 2384 conditiva
1096 2332 1203 2405 autem,

120 2448 181 2490 .ea
205 2449 279 2509 curae
308 2450 343 2491 ex
373 2433 468 2510 pomis
497 2431 678 2513 conduntur,
701 2433 744 2492 sic
775 2439 807 2492 ut
831 2448 922 2508 poma
950 2429 1027 2510 apud
1052 2430 1204 2514 Catonem,

120 2552 232 2599 rersum
256 2556 349 2616 genus
369 2540 534 2616 significant
554 2557 666 2618 eorum,
687 2538 722 2598 de
743 2535 851 2617 quibus
875 2538 1065 2616 praecipitur.
1097 2537 1203 2600 deinde

120 2640 236 2705 luntioa
265 2645 394 2706 editione
423 2664 477 2725 pro
505 2665 539 2706 eo
568 2645 647 2725 quod
675 2647 705 2706 in
737 2662 825 2705 manu
853 2645 973 2723 scriptis
1000 2643 1085 2705 libris
1113 2653 1144 2706 ot
1173 2648 1203 2707 in

120 2750 279 2829 quioribus
298 2750 478 2812 editionibus
498 2751 606 2831 legitur
624 2756 798 2815 scandiana
819 2771 854 2813 ex
874 2751 984 2813 Catone
1008 2751 1204 2814 substitutum

151 2862 342 2934 arciriniona,
373 2859 451 2938 quod
481 2878 496 2920 a
524 2859 653 2921 Victorio
682 2869 836 2940 receptum
864 2869 894 2920 et
926 2861 957 2919 in
985 2858 1115 2938 reliquas
1143 2860 1202 2921 edi·

123 2983 160 3026 es
183 2977 375 3046 propagatum
408 2974 461 3028 est.
507 2967 558 3028 sed
588 2986 624 3027 ex
652 2970 688 3028 iis
718 2966 861 3027 malorum
890 2964 1062 3048 generibus,
1086 2985 1161 3046 quae
1189 2986 1205 3027 a

120 3089 172 3133 *ne
197 3075 344 3135 nominata
369 3084 462 3154 erant,
480 3074 572 3135 Varro
595 3075 733 3154 repetivit
754 3080 904 3154 quattuor,
922 3076 1060 3135 strntbea
1079 3083 1204 3135 cotonea

120 3185 224 3241 reinna
248 3189 379 3257 mustea,
399 3181 457 3243 duo
487 3182 597 3242 addidit
626 3199 712 3260 nora,
736 3182 908 3241 scandiana
936 3173 1018 3259 (nam
1042 3181 1082 3239 ita
1105 3182 1204 3258 potius

120 3283 250 3349 bendum
279 3282 339 3371 est)
373 3298 403 3349 ot
430 3291 612 3349 orbiculata.
660 3306 675 3346 e
704 3285 813 3366 quibus
845 3284 1007 3346 orbiculata
1035 3303 1123 3364 saepe
1153 3304 1204 3365 ap·

120 3403 214 3476 intur,
238 3394 395 3455 scarrdiana
419 3414 435 3455 a
460 3394 595 3477 Scaudio,
618 3397 772 3455 inventore
797 3393 924 3473 generis,
944 3410 1050 3453 nomen
1077 3394 1201 3453 traxisse

120 3496 235 3562 Plinius
258 3501 308 3560 XV
326 3500 378 3562 49.
416 3502 518 3562 eadem
542 3500 689 3581 appellant
708 3500 822 3561 Plinius
846 3501 955 3560 iterum
974 3498 1024 3559 XV
1043 3496 1095 3581 58,
1116 3498 1201 3560 Colu-

126 3627 146 3668 a
165 3606 253 3688 vlo,
271 3606 320 3690 19,
344 3608 473 3670 Cloatius
498 3607 574 3688 apud
594 3607 776 3669 Macroblum
796 3606 913 3669 Saturu.
929 3604 968 3666 lll
985 3604 1034 3688 19,
1051 3605 1081 3690 2,
1101 3606 1204 3668 Celsus

120 3717 199 3777 med.
220 3714 316 3777 1124.
341 3714 377 3775 lV
398 3714 449 3778 26.
495 3718 667 3778 scandiona
696 3714 806 3776 habent
838 3714 943 3792 optimi
976 3714 1093 3776 codices
1127 3716 1203 3795 apud

126 3823 186 3883 ium
219 3833 250 3883 et
282 3823 478 3905 lllacrobium,
510 3826 673 3884 scaidiana
706 3823 798 3883 codex
828 3820 1091 3899 sangermanensis
1120 3822 1204 3883 Colu-

120 3925 171 3990 lae.
199 3963 236 3973 —
262 3950 358 4008 supra
382 3935 491 4007 paleas
519 3931 576 3991 dm
605 3940 634 3991 ct
664 3930 741 3990 edita
775 3927 842 3988 inde
876 3926 912 3987 ab
939 3926 1042 3987 Aldina
1075 3929 1204 3990 editione

120 4036 356 4116 mpla1·ia,supra
376 4042 468 4115 palea
489 4038 657 4120 apographa
678 4037 853 4097 recentiora.
884 4052 980 4111 snpra
993 4038 1117 4111 paleam
1136 4035 1204 4096 olim

120 4147 173 4223 psi.
202 4163 268 4205 nam
284 4145 458 4224 plerumque
475 4144 617 4224 singulari
632 4161 755 4204 numero
771 4141 884 4222 paleam
895 4139 985 4201 Varro
1001 4142 1081 4222 dixit,
1098 4138 1205 4226 t13,4

120 4259 164 4339 »aa
182 4255 356 4312 stramentis
375 4270 413 4312 ac
433 4255 534 4328 palca,
559 4247 646 4330 52,2
666 4268 740 4311 acus
759 4269 797 4311 ac
813 4253 913 4326 palea,
937 4246 1023 4332 59‚3
1048 4251 1204 4312 substrata

120 4377 147 4417 eo
175 4361 222 4419 oel
248 4362 338 4419 etiam
362 4363 484 4435 floccis,
512 4355 902 4438 112,10solialicnlnea
926 4364 956 4417 et
974 4362 1079 4433 palea,
1112 4354 1142 4438 5,
1163 4356 1204 4421 12

120 4480 147 4529 ta
169 4484 208 4526 ac
228 4465 329 4541 faeno,
352 4464 392 4525 lll
414 4463 455 4527 10
478 4467 732 4526 substernendam
752 4469 853 4546 paleo,
876 4462 915 4524 ib.
934 4461 956 4525 4
978 4465 1204 4526 substrameae
