2874 4994
309 354 440 412 uuum
458 354 698 411 nosocomum
716 354 784 410 um.
803 355 816 409 1
837 351 936 410 s-1o
1007 316 1009 320 ’
1150 344 1191 408 41

25 522 167 582 tantem
188 519 243 573 out
266 514 342 588 quid
363 515 451 573 atiud
472 511 633 592 Iucundos,
656 510 735 589 quod
759 509 844 590 rotgo
869 518 1022 588 receptum
1042 518 1115 588 erat,
1140 515 1194 568 aut

27 626 222 689 sextantem
243 637 297 680 seu
320 621 397 693 quid
418 620 506 680 atiud
522 616 695 679 Hultschius
715 617 868 696 metrolog.
888 618 989 695 script.
1010 634 1035 676 v.
1055 614 1081 675 ΙΙ
1099 634 1127 695 p.
1143 611 1194 675 52.

30 738 76 797 sie·
131 729 202 803 quid
222 728 311 787 aliud
338 727 444 805 scripsi
474 725 624 804 frequenti
652 724 730 803 apud
759 723 919 785 Varronem
948 742 1004 784 usu
1032 721 1194 802 particulae

33 844 97 911 ste,
138 852 206 912 quae
230 851 319 913 saepe
342 843 373 894 et
395 833 426 892 in
445 832 492 892 his
511 831 595 893 libris
615 842 644 893 et
663 834 693 893 in
713 830 797 893 libris
816 831 852 892 de
872 832 971 912 lingua
991 830 1080 892 latina
1099 832 1194 911 posita

37 951 88 1006 est
129 942 157 1000 iu
178 942 401 1001 enumeratione
426 958 535 1019 rerum,
564 956 631 1000 cum
656 937 703 1000 vel
726 945 807 999 certa
838 957 886 999 res
915 947 1063 1018 tamquam
1092 936 1195 997 simiiis

42 1048 173 1113 additor
191 1050 228 1109 iis
247 1065 324 1127 quae
347 1047 425 1108 diota
449 1054 533 1107 erant
554 1044 600 1105 vel
619 1045 673 1106 alia
693 1045 825 1106 eiusdem
845 1048 964 1124 generis
982 1045 1195 1124 significantur.

45 1168 169 1218 temere
195 1162 295 1216 autem
321 1153 445 1214 Ursinus
472 1172 540 1215 eum
569 1157 612 1215 ad
639 1158 777 1229 tuperum
805 1172 865 1214 non
889 1160 1096 1230 pervenerunt
1124 1153 1195 1211 scri·

50 1261 185 1324 bendum
209 1264 346 1323 coniecit

148 1369 241 1441 Ouod
272 1368 378 1439 hahet
404 1371 568 1447 iugerum
598 1356 760 1447 scripula
784 1366 1000 1428 cccxxxviii
1024 1375 1196 1448 quantum

58 1493 91 1535 os
120 1479 286 1556 antiquos
310 1484 434 1536 noster
457 1483 537 1535 autc
562 1474 693 1535 bellum
717 1475 887 1553 punicum
912 1472 1092 1552 pendebat
1116 1472 1196 1533 birra

59 1583 179 1659 iugera
202 1582 296 1663 quod
319 1601 335 1642 a
359 1580 497 1643 romulo
518 1584 669 1662 primum
689 1581 805 1642 diuisa
824 1579 1038 1642 dicebantur
1058 1582 1197 1641 uiritim

62 1703 144 1762 quae
167 1691 334 1751 heredem
358 1699 600 1770 sequerentur
628 1689 814 1750 heredium
842 1687 1091 1768 appellarunt]
1121 1691 1199 1761 (tarot

62 1791 146 1855 hahet
164 1803 303 1873 ruperam
320 1803 468 1875 scrupula
487 1801 619 1859 ducenta
638 1801 792 1874 octoqinta
811 1805 886 1858 octo.
928 1798 1078 1870 Quantam
1098 1803 1198 1856 autern

59 1900 96 1954 ad
109 1909 258 1981 antiquas
277 1914 395 1967 nostros
414 1914 485 1966 ante
500 1908 607 1967 bellurn
623 1909 770 1982 punicum
785 1907 960 1985 pendebant
979 1905 1051 1964 hina
1075 1907 1198 1978 honera:

56 2011 130 2072 ruod
161 2032 181 2073 a
209 2014 337 2074 Romulo
357 2016 489 2090 primurn
514 2016 611 2073 diuisa
644 2015 826 2074 dicebantur
849 2015 975 2073 uiritim:
1008 2030 1087 2087 quare
1118 2013 1200 2085 quod

49 2105 219 2181 haeredem
242 2127 458 2195 sequerentur:
481 2123 661 2181 haeredium
684 2123 879 2196 appellarunt
902 2118 1028 2197 Merula,
1053 2121 1087 2178 td
1107 2120 1199 2178 hahet

44 2226 204 2298 mapula
228 2229 360 2288 ducenta
383 2232 538 2303 oetopinta
561 2236 636 2288 octo.
679 2230 829 2300 Quantum
858 2229 966 2286 attinet
988 2229 1032 2286 ad
1058 2229 1198 2299 antiquos

39 2332 90 2401 siti·
142 2332 315 2413 Iucundos,
344 2337 378 2396 r'd
403 2337 495 2397 habet
523 2338 670 2412 scrupula
698 2334 957 2394 CCLXXXVIII
982 2340 1127 2408 quantum
1155 2350 1197 2391 as.

34 2425 207 2512 Antiquos
231 2448 334 2503 noster
353 2448 425 2504 ante
448 2444 556 2503 bellurn
575 2445 722 2518 punicum
742 2443 896 2517 pendebat
914 2442 986 2500 bina
1005 2444 1114 2514 tupera
1134 2457 1197 2517 sqq.

31 2525 291 2628 vici01*ius‘,qui
314 2548 352 2608 de
376 2548 459 2608 libris
483 2550 545 2609 suis
569 2548 641 2608 haec
665 2548 826 2628 adnotavit,
855 2541 982 2626 ‘Locus,
1004 2554 1038 2606 ut
1061 2544 1198 2625 arbitror,

28 2654 177 2727 egregie
201 2656 368 2736 restitutae,
392 2657 422 2716 in
447 2654 725 2736 antiquioribusque
750 2653 834 2715 libris
853 2652 979 2714 fideliter
998 2660 1198 2713 conservatus.

28 2761 154 2820 11111111]
176 2768 290 2823 tautum
310 2770 374 2822 erat
397 2761 476 2841 quod
501 2761 682 2841 improvidos
700 2761 828 2822 lectores
848 2759 968 2821 turbare
988 2761 1094 2839 potuit,
1117 2768 1147 2819 et
1165 2768 1199 2819 ut

25 2863 204 2948 susDicor,
227 2886 327 2929 ansam
347 2875 391 2930 tot
414 2867 568 2929 erroribus
591 2868 742 2948 praebuit:
770 2868 916 2948 Antiquos
944 2869 1022 2929 enim
1052 2869 1198 2949 scriptum

24 2971 88 3022 itit
143 2978 266 3055 antiqua
286 2976 512 3056 consuetudine,
536 2994 611 3055 quae
630 2974 756 3037 muitum
780 2978 811 3036 in
832 2975 878 3035 his
897 2974 981 3036 libris
999 2983 1114 3035 retenta
1139 2985 1198 3034 est:
1225 2992 1237 3030 3

26 3087 96 3131 nam
152 3100 250 3163 ovom,
277 3102 361 3158 avos,
390 3101 483 3162 equos
507 3085 616 3163 passim
641 3102 695 3162 pro
719 3101 807 3143 orum
831 3100 903 3142 avus
931 3099 1026 3160 equus
1054 3083 1199 3159 scriptum

28 3172 110 3242 ist'·
167 3209 285 3271 pravam
313 3190 473 3252 verborum
501 3191 722 3252 distinctionem
746 3190 874 3251 Ursinus
901 3197 931 3249 et
959 3188 1111 3248 Mercerus
1138 3198 1199 3247 not.

31 3288 57 3345 io
73 3284 183 3359 Non.
202 3318 231 3378 p.
250 3295 316 3360 666
341 3307 537 3359 correxerunt
567 3307 597 3359 et
624 3316 704 3373 quae
727 3299 869 3358 heredem
891 3306 1091 3371 sequerentur
1115 3298 1198 3356 rosti-

35 3404 193 3485 itltrunt
214 3403 266 3465 ubi
284 3408 465 3481 quaequod
481 3407 623 3466 heredem
639 3405 669 3464 io
689 3403 868 3465 editionibus
883 3403 946 3463 init.
980 3402 1057 3482 apud
1073 3401 1200 3461 Nonium

38 3520 61 3580 1¹·
78 3499 162 3590 61,
177 3511 214 3573 ll
240 3513 271 3572 in
299 3529 387 3573 manu
417 3514 537 3592 scriptis
565 3511 650 3572 libris
677 3511 818 3590 leguntur
845 3511 932 3594 haec,
961 3513 1110 3573 heredioli
1128 3529 1200 3586 pro·

38 3613 218 3685 rdetaten
242 3622 359 3682 indicat
390 3620 488 3681 Varro
512 3623 550 3681 de
572 3639 608 3681 re
630 3623 748 3680 rustica
771 3620 821 3680 h'b.
842 3620 873 3700 I,
892 3621 964 3680 hina
988 3621 1097 3694 iuqera
1120 3620 1202 3692 quod

42 3717 225 3790 alienato
246 3731 379 3805 primurn
402 3729 500 3788 diuisa
519 3730 632 3788 viritim
655 3744 735 3802 quae
752 3728 893 3787 heredem
912 3735 1083 3802 sequentur.
1122 3724 1200 3786 unde

42 3824 242 3897 dicebamur
265 3833 342 3914 apud
367 3833 528 3895 Varronem
552 3852 671 3913 quoque
695 3832 788 3894 deleri
814 3833 907 3893 voluit
929 3832 1090 3893 hieroerus.
1129 3834 1202 3893 hina

41 3930 177 4017 iwera,
200 3951 273 4019 quat
292 3962 311 4002 a
331 3944 459 4004 Romulo
478 3942 651 4004 Hultsohius
673 3950 796 4003 secutus
815 3943 1091 4019 interpretationem
1110 3940 1201 3999 Lach-

40 4047 157 4105 manni
176 4067 253 4112 mus.
272 4049 366 4112 Rhen.
386 4069 412 4111 v.
428 4049 454 4110 11
473 4043 512 4132 (a.
535 4045 633 4133 1843)
652 4070 679 4130 p.
699 4046 773 4128 359,
793 4050 894 4126 script.
911 4050 979 4107 min.
995 4064 1023 4125 p.
1040 4043 1111 4107 182.
1150 4045 1200 4105 sed

39 4135 115 4202 bina
140 4152 248 4238 iugera
268 4156 421 4217 heredium
440 4156 583 4236 appellata
603 4165 674 4216 suut
693 4153 954 4241 propterea,quod
971 4155 996 4213 is
1013 4152 1119 4213 modus
1138 4155 1202 4232 agri

37 4241 225 4326 aR⁰111qu
253 4263 368 4326 civibus
396 4264 482 4325 datus
510 4281 576 4324 esse
604 4252 771 4343 dicebatur,
795 4271 829 4323 nt
851 4260 992 4327 heredem
1016 4269 1202 4340 sequeretur.

140 4362 243 4432 Haec
262 4380 386 4450 postea
405 4378 547 4432 centum
567 4371 731 4430 centuria
751 4370 915 4430 centuria
935 4374 990 4428 est
1010 4366 1202 4448 quadrata]

34 4450 136 4527 Haec
163 4486 273 4559 postea
296 4499 316 4540 a
340 4485 460 4541 eentum
483 4481 633 4541 centuria.
670 4480 812 4541 centuria
835 4483 880 4541 est
902 4477 1057 4556 quadrata
1081 4474 1202 4555 Merula,
