2874 4994
120 404 123 409 .
146 346 209 411 158
485 358 674 414 COMMENT.
694 359 733 413 IN
751 359 938 416 VARRONIS

236 509 256 574 3
289 512 333 572 Ab
349 515 434 574 initio
450 517 487 586 fit
504 517 657 575 studiosus
675 514 841 594 apographa
856 513 1007 596 Italorum,
1026 523 1058 575 et
1076 515 1115 575 ita
1131 514 1158 573 in
1174 513 1241 577 erue

149 628 216 699 typo
241 621 384 698 scriptum
410 620 500 680 luisse
526 621 651 701 videtur,
675 624 713 682 aab
738 625 823 683 initio
843 621 1023 697 fastidiosus
1047 618 1138 681 codex
1157 618 1243 681 Floret-

148 728 234 787 tinus.
277 726 329 802 sai
353 730 518 802 studiosus,
548 729 626 807 quod
656 732 685 790 ia
714 730 847 808 principe
878 729 1009 789 editione
1036 724 1188 788 Politionus
1207 744 1242 789 on

146 835 285 913 correxit,
308 832 437 894 Merulae
462 838 632 896 coniectura
657 835 773 895 videtur
797 837 949 895 inventum
975 853 1051 896 esse.

234 939 359 1001 Potius
373 940 414 1000 ab
429 941 600 1018 laniario]
619 943 754 1002 Lanario
769 941 935 1023 apographa
950 942 1128 1023 recentiore,
1140 940 1186 1002 seri
1196 944 1243 1002 lui

146 1050 398 1128 minimaeque
410 1047 638 1109 Politianushoc
653 1051 683 1109 in
694 1050 829 1128 principe
840 1048 969 1109 editione
982 1050 1148 1109 correxisse
1157 1046 1242 1109 nostr.

170 1139 172 1144 ¹
235 1154 490 1234 Praeterquam
515 1154 668 1235 pedibus
692 1152 829 1235 capite]
855 1156 987 1217 Pedibus
1012 1164 1044 1219 et
1063 1154 1243 1233 capitelam

52 1262 55 1267 '
146 1261 210 1337 dus,
234 1262 312 1340 quod
338 1262 539 1324 Schneiderus
559 1264 680 1343 recepit.
717 1261 880 1342 asyndeton
899 1264 929 1321 in
948 1262 1039 1322 huius
1058 1259 1137 1322 modi
1154 1259 1243 1341 dani

147 1368 276 1429 tionibus
309 1379 338 1430 et
371 1373 537 1449 praeceptis
569 1368 782 1430 admittendum
817 1370 932 1449 putari,
964 1363 1126 1448 1119,14
1155 1368 1243 1443 peak

145 1478 284 1537 clunibus
306 1478 421 1538 habere
444 1481 600 1554 coeperint
614 1481 735 1553 pinnas,
759 1479 903 1552 acupile,
923 1494 940 1536 e
958 1478 1036 1536 collo
1056 1491 1156 1536 eorum
1172 1474 1252 1534 asin·

144 1587 277 1659 elipandi
295 1586 397 1661 pedes,
420 1581 517 1664 16‚5
537 1592 631 1661 prata
651 1586 695 1644 ibi
711 1585 850 1661 herbosa,
871 1585 992 1658 putatio
1013 1583 1157 1643 arborum
1172 1583 1241 1641 trae

144 1693 242 1771 iiiior,
266 1699 296 1751 et
318 1693 348 1751 in
378 1691 529 1751 adiectivis
551 1690 564 1750 Ι
583 1687 654 1772 9,5
678 1698 773 1767 prata
800 1692 958 1751 retorrida
984 1705 1136 1762 muscosa,
1164 1686 1185 1747 11
1198 1682 1241 1764 ³,t

144 1800 305 1858 tridentium
334 1806 367 1858 ut
388 1803 450 1859 sint
469 1802 580 1872 firmae
602 1816 740 1878 mannae,
765 1799 795 1856 in
819 1795 916 1856 verbis
940 1794 953 1854 Ι
973 1792 1003 1876 2,
1018 1792 1062 1856 26
1082 1797 1169 1873 peaes
1182 1796 1241 1855 neit

145 1907 256 1979 dolere,
281 1908 311 1965 in
328 1904 432 1980 fronte
450 1909 632 1967 contrahere
649 1923 754 1980 rapas,
779 1903 790 1963 1
812 1899 897 1983 13,2
917 1906 1034 1978 aliquot
1052 1921 1103 1963 res
1120 1903 1240 1975 coapata

145 2019 204 2086 tur,
228 2014 312 2072 ciliis
332 2020 468 2088 paratur
491 2031 529 2073 nc
554 2016 685 2088 capitur.
731 2011 795 2092 alia,
826 2028 900 2088 quae
929 2008 1008 2071 haud
1032 2007 1121 2069 dubie
1143 2014 1240 2084 corrupt

145 2128 243 2199 erant,
271 2117 368 2178 addita
397 2119 500 2198 copula
527 2121 656 2198 correxi,
689 2114 807 2196 141,6
833 2135 950 2192 neaera
976 2119 1109 2189 ficorum
1134 2116 1241 2175 clueat

144 2226 335 2286 chalcidicae
357 2235 386 2287 et
409 2229 511 2304 lydiae
539 2234 571 2286 et
600 2225 775 2301 africanae,
804 2221 877 2285 158
898 2223 977 2299 saba
1004 2231 1038 2284 et
1066 2216 1241 2299 loyranni

143 2328 208 2411 3,3
229 2335 258 2392 in
278 2333 426 2395 Sauracti
444 2342 478 2395 et
497 2337 637 2415 Fiscello,
661 2331 685 2392 11
705 2329 792 2414 9,14
811 2349 933 2393 muscae
951 2339 982 2392 et
999 2333 1095 2391 ricini
1111 2337 1144 2391 et
1156 2330 1241 2406 pulian

143 2436 182 2497 111
203 2436 253 2520 16,
267 2436 310 2499 23
334 2444 419 2502 melle
447 2449 481 2502 et
504 2443 633 2518 propoli.
680 2437 815 2499 similiter
842 2447 871 2500 et
894 2441 924 2498 in
952 2437 1113 2517 archetypo
1141 2436 1240 2495 omium

144 2543 334 2627 eral16,6
364 2555 393 2608 et
423 2551 466 2609 nri
492 2550 663 2626 colendum,
697 2543 753 2626 27,
773 2542 793 2606 3
817 2553 846 2606 ei
872 2548 986 2620 placa,
1020 2542 1046 2603 11
1067 2539 1137 2622 t‚2
1161 2538 1241 2615 etsta

144 2655 282 2732 omrriurn,
306 2650 371 2734 9,2
395 2663 424 2715 et
447 2673 481 2715 eo
506 2659 640 2727 uenisset,
669 2649 817 2730 1111,10
840 2660 871 2713 et
889 2669 1001 2728 parum
1022 2657 1168 2728 putasses,
1186 2638 1241 2727 216

144 2765 173 2817 et
195 2776 297 2838 spero,
326 2756 355 2839 5,
373 2757 413 2821 13
437 2769 466 2821 et
489 2766 659 2822 exteriores
682 2807 688 2820 .
713 2766 805 2834 atque
832 2756 929 2818 addidi
952 2753 1074 2837 117,4
1101 2759 1151 2832 qai
1169 2752 1242 2816 tani

144 2872 234 2939 atque
257 2869 361 2940 aliqrra
383 2869 443 2926 sint
466 2870 654 2928 inmanitate
678 2868 791 2927 imbuti.

232 2971 439 3033 Unicoloris
464 2975 704 3053 potiusquam
725 2969 864 3047 uarias]
890 2970 1061 3031 Unicolorrs
1075 2972 1241 3046 potiusnon

142 3082 225 3139 carii
245 3078 365 3160 Merula,
389 3084 479 3141 anias
503 3083 614 3141 coloris
639 3083 853 3157 potiusquam
883 3079 965 3136 uarii
986 3074 1145 3136 iucundus.
1174 3069 1240 3132 arabe

142 3187 202 3265 typi
228 3188 405 3266 scripturam
428 3186 576 3248 Victorius
601 3188 740 3246 restituit.
785 3186 958 3244 unicolores
982 3184 1097 3262 scripsi.
1137 3198 1191 3242 nam
1207 3190 1239 3236 nu

144 3296 199 3353 uni
221 3297 331 3354 coloris
355 3296 489 3372 genetivo
514 3312 582 3354 casu
608 3313 622 3351 a
648 3292 777 3352 Varrone
802 3291 914 3350 dictum
938 3307 1005 3349 esse
1030 3288 1240 3357 credentunest

143 3417 319 3478 utrumquem
338 3398 349 3459 1
367 3398 417 3480 16,
432 3399 452 3462 6
472 3400 568 3461 dativo
584 3419 652 3461 casu
669 3418 728 3460 uno
744 3401 886 3475 operario
902 3399 1047 3476 scriplum
1062 3404 1109 3457 est
1121 3393 1171 3456 etl
1184 3382 1238 3472 2,19

143 3508 279 3583 genetivo
308 3508 451 3581 alii'tlei,
480 3526 576 3586 neque
602 3508 767 3566 accusativo
795 3523 864 3566 casu
890 3507 1065 3566 unicoloris.
1107 3501 1156 3564 sed
1175 3495 1240 3560 inti

143 3614 301 3672 accersativi
326 3613 428 3673 tarmis
453 3615 555 3673 vitiose
576 3615 684 3693 scripta
709 3622 779 3673 saint
805 3612 887 3692 haec,
910 3607 1031 3692 144,4
1050 3602 1241 3687 praepacant

142 3714 332 3799 et115,11
363 3723 506 3793 (antiocia,
540 3721 569 3778 in
600 3721 805 3799 comparativis
828 3717 840 3777 Ι
862 3715 912 3796 18,
926 3715 957 3777 4.
980 3713 1070 3796 120,
1087 3716 1114 3779 1.
1137 3710 1208 3793 1112,
1220 3700 1242 3770 li

141 3827 266 3885 maioris
291 3834 321 3885 et
344 3829 476 3902 raineris,
501 3846 575 3906 quac
599 3830 661 3905 ipsa
682 3845 800 3906 quoque
820 3826 915 3884 terrori
934 3826 1035 3904 potius
1054 3822 1171 3903 librarii,
1186 3830 1246 3900 qttffl

142 3931 264 3992 Varroni
288 3933 443 3994 tribuentia
468 3953 533 3994 esse
557 3944 637 4016 puto,
662 3935 740 3994 sieut
763 3935 793 3992 in
817 3931 941 3992 ablativo
966 3926 1085 4013 151,1
1107 3925 1249 3994 materiari.

141 4048 254 4100 restant.
278 4050 395 4120 [tracter
419 4040 559 4101 adieetiva
583 4044 613 4101 in
638 4045 662 4101 is
686 4042 841 4101 terminata
865 4038 947 4118 haec,
971 4056 1050 4117 quae
1070 4058 1107 4099 ex
1127 4038 1255 4115 nuncupo

141 4149 252 4226 recepi,
281 4146 291 4204 1
314 4145 377 4226 1,4
404 4149 570 4222 Consentis,
600 4143 665 4226 6,5
688 4144 882 4228 et11117,3
902 4148 1019 4222 pluris,
1048 4144 1061 4205 1
1084 4144 1174 4229 13,6
1191 4160 1262 4224 prae

140 4255 226 4325 sepis,
252 4250 275 4308 lt
297 4249 383 4329 1,1‘2
403 4258 512 4333 partie,
536 4253 576 4313 tlt
597 4251 660 4334 1,6
685 4256 782 4332 callio,
813 4249 898 4334 12,6
923 4255 1021 4330 Alpis,
1052 4251 1140 4334 13,l
1164 4253 1267 4315 cicutis.

144 4352 193 4434 lii,
213 4354 250 4415 10
273 4361 435 4434 larmirus,
462 4358 511 4441 16,
526 4358 569 4420 22
589 4364 743 4436 primoris,
771 4356 820 4439 tt,
834 4358 874 4439 43
899 4356 1041 4436 ipiscis.
1083 4360 1110 4422 ΙΙ
1132 4359 1196 4443 t,4
1214 4379 1272 4422 con·

139 4467 277 4535 crurenlr's
301 4468 427 4524 certia-cit
451 4466 639 4527 liciaricirius
664 4467 834 4528 Varronian.
855 4464 867 4524 1
886 4484 913 4544 p.
933 4464 984 4528 39.
