2874 4994
222 306 265 372 50
582 317 773 376 COMMENT.
791 319 832 374 IN
850 318 1008 376 CATONIS

223 475 317 548 quala
345 478 507 549 parentur,
540 476 729 555 sarcientur,
761 474 875 537 collatis
908 477 944 536 iis
977 493 1052 555 quae
1080 473 1117 535 de
1145 470 1287 553 operibus
1315 489 1373 552 per

223 577 349 640 imbrem
373 580 516 641 faciendis
539 583 650 662 scripta
673 591 758 643 erant
781 579 846 664 2,3
870 600 949 658 quae
969 600 1064 660 opero
1078 599 1137 658 per
1157 582 1281 641 imbrem
1297 581 1375 653 fieri

219 689 388 762 potuerint,
412 689 494 748 dolie
516 691 619 749 levari
637 692 750 766 picari.
794 690 884 749 immo
907 708 995 750 manu
1020 690 1199 767 scriptorum
1223 685 1371 747 librorum

222 792 381 855 lectionem
405 796 431 854 si
454 796 617 874 sequimur,
641 794 714 857 hacc
735 797 967 876 praecipiuntur,
991 802 1024 855 ut
1049 812 1116 854 vasa
1138 793 1282 873 laventur,
1305 811 1373 854 cor-

222 900 309 962 bulae
328 903 496 962 sarciantur
514 909 544 962 et
562 903 709 982 picentur,
733 901 810 961 dolia
830 920 905 981 quae
925 920 1000 980 opus
1019 908 1090 962 sunt
1103 903 1250 982 picentur,
1269 899 1371 979 pluvia

222 1014 398 1086 tempestate
417 1005 502 1095 quala
521 1015 665 1086 parentur
683 1016 713 1068 et
731 1011 907 1069 sarciantur.
941 1012 1054 1090 picari,
1078 1008 1156 1089 quod
1181 1006 1217 1068 de
1236 1004 1372 1068 corbulis

222 1113 281 1175 dici
313 1132 372 1174 non
406 1132 493 1192 posse
522 1114 676 1175 videbatur
704 1114 882 1196 editoribus,
915 1115 952 1176 de
979 1114 1098 1176 tiscellis
1127 1113 1163 1175 ad
1191 1112 1371 1175 vindemiam

222 1220 361 1300 parandis
389 1222 542 1300 praecepit
564 1220 724 1282 Columella
748 1221 801 1281 llll
826 1220 877 1303 18,
896 1220 916 1283 2
942 1227 1077 1296 fiscellae
1099 1223 1250 1284 texendae
1272 1227 1303 1282 et
1322 1223 1371 1296 pi·

223 1329 352 1389 candae.
390 1328 441 1387 sed
461 1346 565 1388 verum
583 1346 649 1389 esse
669 1338 741 1408 puto
761 1328 840 1408 quod
860 1328 930 1390 olim
949 1331 1072 1410 conieci,
1093 1337 1127 1390 ut
1145 1327 1252 1390 deletis
1269 1326 1372 1388 verbis

223 1453 300 1514 quae
327 1453 435 1513 pravae
464 1437 635 1514 repetitioni
663 1434 755 1497 tribui
782 1444 924 1515 poterunt
951 1436 1100 1497 scribatur
1122 1453 1197 1496 oasa
1219 1439 1373 1509 inventur,

223 1543 369 1602 corbulae
387 1544 576 1617 sarciantur,
595 1545 677 1604 dolio
693 1546 854 1619 picentum
872 1561 959 1618 quom
973 1547 1058 1619 pluet
1074 1546 1167 1618 quein
1180 1544 1373 1602 sarciantur.

310 1647 430 1708 Menae
454 1647 631 1727 emantur]
654 1651 778 1711 Benace
801 1649 1116 1719 ementnrlucundus
1140 1667 1175 1710 ex
1199 1647 1279 1708 Paul.
1305 1664 1372 1708 exc.

222 1755 293 1816 Fest
314 1773 343 1834 p.
362 1752 415 1837 32,
437 1753 477 1816 14
505 1757 612 1817 Benna
639 1760 746 1832 linque
770 1760 886 1832 eunice
911 1774 1008 1832 nenos
1034 1759 1166 1819 vehiculi
1187 1758 1372 1833 appelletur,

221 1865 303 1924 ende
329 1869 479 1923 vocentur
506 1865 724 1925 combennones
752 1867 782 1924 in
811 1866 917 1926 eedem
945 1866 1044 1926 benna
1071 1867 1216 1925 sedentes.
1262 1879 1372 1922 mentm

222 1968 423 2030 Schneiderus
456 1977 577 2030 auctore
610 1969 776 2030 Pontedera
808 1990 837 2049 p.
864 1967 908 2031 43
941 1988 976 2030 ex
1009 1987 1097 2029 manu
1130 1966 1251 2045 scriptis
1283 1964 1371 2026 libris

220 2077 362 2137 restituit.
399 2074 508 2137 dicitur
527 2084 626 2137 autem
645 2095 740 2156 genus
758 2079 896 2156 piscium,
915 2076 994 2159 quod
1013 2076 1157 2154 operariis
1175 2076 1207 2134 in
1222 2072 1371 2133 vindemia

220 2184 256 2244 ad
284 2183 383 2245 cibum
411 2192 543 2262 paratur.
588 2202 697 2245 moene
725 2187 818 2245 eride
846 2183 924 2262 apud
953 2183 1093 2244 Catonem
1118 2178 1207 2262 88,1
1238 2196 1370 2240 comme·

222 2298 362 2351 moratur.

309 2396 330 2459 2
355 2397 446 2459 linas
469 2396 651 2458 miscellas
670 2399 791 2458 uinum
811 2397 1078 2477 praeliganeunt
1099 2394 1189 2475 quod
1209 2394 1372 2472 operarii

221 2504 346 2566 bibant
369 2504 430 2564 ubi
450 2511 590 2582 tempus
609 2506 680 2563 erit
700 2502 824 2582 legito]
846 2505 924 2565 Unus
942 2507 1090 2565 miscellae
1109 2504 1153 2563 cd
1169 2504 1271 2562 vinnm
1290 2499 1370 2561 edita

221 2596 289 2672 indo
313 2631 328 2670 a
353 2612 486 2690 principe
510 2608 640 2669 editione
664 2609 850 2688 exemplaria.
888 2608 924 2670 ab
944 2628 999 2671 uva
1018 2608 1148 2670 miscella
1168 2608 1286 2667 initium
1307 2607 1370 2665 vin·

221 2717 335 2777 demine
355 2717 420 2776 fieri
439 2714 511 2776 dicit
530 2713 620 2775 Varro
640 2733 664 2776 r.
684 2733 706 2777 r.
727 2714 739 2774 l
758 2712 810 2795 54,
827 2715 853 2777 l.
890 2715 993 2776 eadem
1013 2714 1049 2775 de
1068 2732 1157 2776 causa
1176 2713 1247 2774 Cato
1266 2715 1370 2773 vinum

220 2824 299 2902 quod
328 2842 363 2884 ex
392 2823 448 2883 boc
476 2840 585 2901 genero
614 2841 737 2883 uvarum
766 2824 812 2904 fit,
840 2830 997 2903 propterea
1026 2821 1105 2902 quod
1129 2840 1181 2882 eae
1204 2828 1272 2882 ante
1296 2819 1371 2880 alias

220 2931 408 3011 legebantur,
432 2929 652 3009 praeliganeum
676 2930 794 2992 videtur
817 2931 940 2992 dixisse:
968 2949 1034 2991 nam
1058 2930 1095 2991 ab
1118 2929 1183 2991 aliis
1206 2927 1234 2988 id
1258 2944 1370 2988 nomen

220 3045 398 3116 usurpatum
426 3056 493 3097 esse
520 3055 579 3097 non
606 3039 731 3098 invenio.
778 3041 880 3099 vinum
900 3042 1132 3115 prnelipcnenm
1156 3043 1254 3097 autem
1278 3053 1371 3116 appo·

221 3147 340 3205 sitionis
367 3142 433 3205 loco
460 3143 594 3205 additum
618 3153 676 3224 est,
704 3152 737 3205 ut
764 3163 813 3205 res
841 3144 1003 3224 indicetur,
1031 3152 1154 3223 propter
1182 3161 1270 3223 qnam
1293 3160 1369 3203 urae

219 3251 374 3329 leguntur:
403 3250 433 3331 5,
452 3248 472 3312 8
496 3269 563 3312 eane
586 3253 707 3312 condito
730 3268 791 3313 non
810 3255 991 3328 peraridum
1010 3253 1156 3328 pabulum
1179 3252 1296 3331 ovibus,
1323 3246 1368 3310 27

219 3361 373 3419 sementim
395 3357 493 3433 facito
513 3360 642 3431 oemunt,
665 3361 785 3439 viciam,
804 3357 930 3434 scenam
947 3375 1105 3437 praecum,
1125 3356 1240 3433 sebam,
1263 3374 1370 3417 croam

217 3468 364 3542 pabulum
389 3467 497 3544 breden,
526 3459 565 3524 15
584 3467 821 3541 sexquipedalem
841 3470 992 3542 parietem
1011 3468 1149 3526 dominus
1165 3464 1370 3540 fundamenta

217 3571 328 3648 saciat,
358 3568 440 3652 18,7
462 3576 597 3632 ceterum
612 3574 816 3648 pavimentum
837 3580 929 3634 totum
944 3572 1147 3648 fundamenta
1165 3592 1195 3648 p.
1212 3572 1249 3631 ΙΙ
1260 3569 1372 3647 facito,

222 3674 265 3738 55
289 3680 446 3739 codicillos
469 3682 654 3753 oleepineos,
677 3682 800 3741 radices
822 3681 878 3739 snb
902 3681 952 3739 dio
975 3685 1068 3739 meins
1088 3677 1195 3753 facito.

311 3784 450 3845 Siccum
475 3787 618 3864 puriter
642 3788 796 3846 omnium
820 3784 960 3846 dierum
983 3787 1121 3864 pariter
1144 3786 1179 3843 in
1204 3783 1296 3844 dolia
1316 3785 1372 3844 di·

219 3890 350 3969 uidito]
361 3893 493 3954 Sursum
508 3903 576 3953 ante
586 3892 749 3953 Victoriam
765 3892 861 3953 luitin
872 3892 1060 3972 editionibus,
1076 3891 1153 3970 qnod
1166 3891 1371 3953 Schneiderus

219 3999 333 4078 recepit
361 4007 391 4058 et
418 3998 454 4059 de
483 4008 581 4059 musto
609 3997 757 4057 conditiro
786 4000 999 4077 interpretatus
1028 4007 1082 4060 est.
1128 4002 1241 4060 siccum
1266 4000 1370 4060 vinum

219 4104 377 4184 legendum
401 4124 467 4166 esse
490 4106 674 4184 praecipitur
697 4123 722 4166 c.
742 4102 794 4166 25.
835 4108 931 4166 siccae
955 4108 1047 4184 igitur
1071 4124 1143 4166 uvae
1167 4115 1198 4166 et
1220 4124 1313 4185 purae
1337 4109 1370 4168 in

219 4210 296 4272 dolia
323 4214 363 4272 ita
392 4211 565 4271 ‹lividendac
590 4219 672 4290 stant,
701 4221 734 4271 ut
757 4229 843 4290 pares
867 4221 967 4291 partos
991 4206 1065 4272 liant¹
1086 4215 1217 4274 omnium
1241 4213 1370 4275 dierum.

309 4317 494 4377 llelrutum
518 4317 633 4378 indito
657 4319 692 4377 in
716 4326 869 4380 mustum
894 4319 934 4379 de
959 4329 1074 4381 musto
1094 4319 1206 4381 lirino
1225 4328 1369 4381 coctum

219 4433 355 4505 partem
386 4423 691 4503 quadragesimam
720 4425 841 4487 addito
869 4424 996 4486 delriti
1025 4425 1082 4487 uel
1111 4427 1196 4488 salis
1224 4430 1368 4508 sesqui-
