2874 4994
364 331 412 387 DE
432 332 521 388 AGRI
540 332 713 388 CVLTVRA
731 333 872 388 LIBRVM
892 333 920 388 (¹.
937 332 972 389 31
983 331 1065 388 -32
1246 325 1286 389 61

135 496 173 548 ut
200 489 279 548 vites
306 486 434 548 habeant
461 486 560 549 sulcos
589 497 619 549 et
642 483 835 568 propagines'
860 486 1032 569 αο11.43,2
1055 491 1165 550 ritibus
1187 493 1286 550 sulcos

135 602 169 655 et
188 598 379 672 propagines
401 614 440 657 ee
461 599 559 657 minos
580 615 610 673 p.
630 597 690 657 HS
706 614 825 672 quoquo
848 615 953 658 versio
969 594 1076 672 serito.
1112 595 1198 656 aliter
1217 595 1287 656 Ges·

135 719 235 763 uerus
263 701 361 763 deleto
393 720 419 763 v.
447 706 516 763 vitis
548 705 715 781 posteriore
747 700 824 782 loco,
858 702 937 782 quod
966 704 996 763 in
1025 702 1128 764 Aldina
1156 703 1286 764 editione

137 811 286 869 omissum
309 818 388 891 erat,
412 803 441 870 et
463 827 554 888 prave
578 818 688 870 mutata
714 808 905 870 distinctione
930 808 1097 890 verborum,
1121 813 1196 871 vites
1215 827 1288 886 pro·

133 935 250 992 peges:
278 920 378 977 sulcos
400 934 521 977 sorsum
545 934 678 991 eorsum,
702 920 805 991 quood
826 919 892 977 eius
911 916 1021 992 [ααανα
1040 921 1169 993 poteris,
1190 915 1288 990 facito

137 1027 187 1083 uti
220 1025 325 1084 ducos.
374 1026 458 1084 sirico
486 1022 645 1084 Turnebus
676 1023 789 1085 advers,
813 1020 865 1104 25,
885 1020 928 1085 20
956 1026 1132 1085 coniecerat.
1183 1040 1287 1083 verum

138 1148 209 1190 esse
238 1134 270 1191 in
296 1133 397 1191 sulcos
423 1130 573 1192 Menrsius
602 1141 632 1192 et
654 1130 821 1192 Pontedera
848 1150 875 1211 p.
895 1128 936 1191 47
966 1132 1119 1211 viderunt,
1147 1129 1199 1191 scd
1227 1148 1287 1190 uon

137 1245 224 1297 recte
253 1236 310 1297 hoc
337 1255 353 1296 a
381 1237 588 1315 superioribus
616 1247 830 1317 separaverunt
855 1247 885 1298 et
908 1256 977 1298 cum
1000 1236 1194 1318 sequentibus
1218 1255 1287 1297 con·

138 1345 318 1425 iunxerunt,
351 1348 425 1405 vites
453 1363 621 1423 propages,
655 1349 686 1406 in
717 1349 817 1407 sulcos
843 1364 945 1406 susem
972 1364 1092 1407 vorsum
1123 1378 1161 1387 -
1188 1344 1287 1419 facito

137 1455 188 1512 oti
206 1454 311 1512 docos.
350 1451 544 1513 scribendum
561 1454 662 1531 potins
682 1461 727 1513 est
746 1456 820 1514 vites
834 1471 988 1530 propages
1007 1456 1167 1514 insoleus:
1184 1469 1286 1512 susum

137 1577 277 1638 vorsum,
303 1561 385 1634 qood
411 1563 477 1620 eius
496 1558 606 1636 fecere
625 1563 755 1637 poteris,
784 1563 852 1620 vitis
872 1559 971 1635 facito
994 1563 1041 1620 uti
1062 1562 1168 1620 duces.
1213 1561 1287 1620 vites

139 1668 272 1744 primum
296 1667 327 1726 in
351 1664 450 1726 sulcos
473 1665 688 1748 propagandae,
711 1665 819 1727 deinde
843 1685 962 1727 sursum
987 1685 1099 1747 versus,
1124 1666 1203 1746 quod
1222 1666 1286 1726 eius

139 1773 206 1832 lieri
226 1781 335 1852 potest,
354 1770 506 1832 ducendae
525 1781 604 1832 sunt.
641 1774 814 1852 propagatio
833 1773 937 1833 vitium
957 1775 987 1833 in
1005 1772 1104 1833 sulcos
1118 1773 1287 1835 accuratius

138 1879 325 1940 describitur
348 1887 453 1957 postea
476 1897 501 1940 c.
520 1875 563 1939 33
592 1888 622 1939 et
645 1878 723 1957 apud
747 1878 875 1939 Plinium
895 1877 972 1938 XVII
994 1877 1055 1940 167
1076 1897 1140 1959 sqq.
1184 1897 1287 1940 susem

138 2003 264 2047 vorsum
282 1987 313 2046 in
332 1985 493 2065 archetypo
512 1987 600 2045 etiam
620 1982 671 2067 33,
692 1985 708 2046 1
730 1987 876 2064 scriptum
895 1993 960 2046 erat
977 1993 1008 2045 et
1026 1983 1078 2063 61,
1101 1985 1127 2046 l.
1152 1982 1226 2067 157,
1246 1982 1287 2046 15

137 2108 253 2168 susum,
276 2110 336 2153 uon
359 2110 489 2166 sorsum,
514 2089 586 2173 162,
608 2090 624 2152 1
650 2095 780 2167 deosum,
804 2091 856 2152 sed
878 2089 931 2174 22,
949 2089 970 2153 2
990 2095 1126 2153 deorsum
1146 2099 1176 2151 et
1195 2088 1246 2173 38,
1265 2089 1286 2153 3

138 2202 296 2273 deorsum,
331 2195 449 2278 156,4
481 2196 630 2261 deorr'tum
663 2218 780 2274 verses,
813 2199 841 2259 h.
865 2218 890 2259 e.
923 2202 1063 2279 deorsum
1092 2217 1205 2259 vesus.
1255 2199 1286 2257 in

138 2302 267 2384 reliquis
291 2304 379 2366 huius
402 2308 521 2385 generis
545 2305 696 2367 vocabulis
719 2306 756 2366 de
780 2307 929 2384 scriptura
952 2304 1064 2366 codicis
1087 2304 1159 2365 haec
1178 2306 1287 2383 notavi,

137 2407 193 2474 53.
223 2407 324 2493 95,1.
352 2407 473 2493 105,1.
499 2410 619 2495 114,1.
645 2410 707 2473 117
731 2430 879 2485 seorsum,
909 2408 1021 2492 115,2
1044 2429 1177 2485 seorsus,
1207 2409 1285 2488 quod

138 2517 254 2579 Merula
277 2521 417 2600 correxit,
442 2517 495 2600 43,
514 2517 535 2581 2
558 2538 677 2596 quoquo
701 2538 815 2600 versus,
838 2516 890 2601 22,
908 2516 938 2581 4.
961 2515 1053 2598 46,1
1077 2501 1196 2594 quoquo
1218 2535 1286 2578 vor·

137 2644 207 2687 sum
230 2635 261 2687 et
284 2622 384 2707 15,1.
410 2623 497 2709 19,1
526 2623 599 2708 135,
617 2624 638 2688 6
661 2644 780 2703 quoquo
804 2644 931 2702 versum,
953 2623 1006 2706 43,
1027 2622 1045 2686 1
1065 2633 1286 2700 controversus,

141 2729 233 2814 18,3
258 2735 469 2809 exadversum,
494 2731 604 2809 144,1
630 2709 777 2796 adversus
800 2753 846 2814 eo,
871 2732 943 2815 144,
962 2731 984 2794 4
1007 2736 1168 2795 adversum
1191 2752 1237 2796 eo.

232 2837 255 2901 2
277 2839 376 2901 Vites
405 2839 494 2902 bene
519 2840 697 2903 nudentur
720 2860 783 2921 per
806 2859 927 2902 omnes
951 2858 1066 2901 ramos
1089 2840 1286 2918 diligenter

136 2954 271 3008 caueto
294 2965 337 3007 ne
360 2949 471 3010 uitem
495 2951 718 3029 praecipites
741 2957 836 3010 etue
856 2950 1001 3009 nimium
1021 2947 1283 3027 praestringas]

139 3054 249 3116 Utrum
269 3058 485 3132 praestringes
508 3074 545 3116 an
564 3060 760 3133 perstringas
782 3058 813 3117 iu
837 3055 998 3135 archetypo
1022 3056 1167 3134 scriptum
1187 3055 1286 3134 inerit,

137 3180 200 3222 non
225 3170 309 3222 certo
333 3170 457 3223 constat
504 3181 571 3223 num
591 3167 787 3241 perstringas
810 3171 846 3224 ex
869 3162 1046 3243 apographis
1070 3161 1180 3222 habent
1198 3162 1284 3241 clm,

136 3286 238 3347 neque
266 3267 296 3328 id
324 3270 355 3328 iu
383 3271 518 3348 principe
548 3269 677 3332 editione
705 3289 720 3330 a
744 3269 889 3330 Politiano
918 3278 1063 3330 mutatum
1087 3287 1153 3329 esse
1177 3259 1284 3347 notavi,

136 3377 211 3436 item
239 3374 330 3436 editio
354 3374 489 3457 Victorii,
513 3381 729 3454 praestringas
751 3376 819 3457 th,
847 3384 877 3437 et
904 3375 941 3437 ab
968 3378 1032 3455 ipso
1057 3375 1200 3436 Politiano
1227 3375 1283 3435 hoc

136 3482 324 3560 adscriptum
352 3499 417 3543 esse
446 3482 596 3545 Gesnerus
625 3484 783 3545 adnotavit.
831 3487 904 3545 vites
931 3486 1006 3546 dene
1033 3486 1201 3545 enodentor
1225 3500 1284 3557 per

135 3607 240 3651 omnes
259 3606 361 3649 remos
379 3590 542 3664 diligenter
560 3589 726 3651 Pontedera
749 3589 826 3670 apud
846 3589 1011 3650 Gesnerum
1031 3597 1061 3649 et
1079 3589 1169 3667 antiq.
1187 3605 1216 3666 p.
1230 3585 1283 3667 47,

135 3696 164 3756 h.
184 3715 210 3755 e.
230 3691 315 3755 ‘vitis
334 3703 368 3756 ut
386 3713 440 3775 per
459 3714 562 3757 omnes
582 3715 681 3757 ramos
701 3669 884 3776 truncosque
903 3698 1094 3776 pampinariis
1113 3693 1283 3774 palmitibus

134 3821 169 3863 ac
201 3801 368 3863 furunculis
396 3801 557 3883 enodetur,
590 3803 747 3883 diligenter
775 3803 939 3867 curandum
968 3813 1026 3885 est,
1058 3806 1165 3882 nequis
1193 3805 1282 3865 inter-

134 3919 226 3970 natus
250 3908 364 3992 oculus,
387 3910 418 3970 in
443 3929 532 3990 quem
556 3910 696 3972 humores
720 3930 735 3972 a
759 3914 855 3991 capite
877 3921 1046 3991 evocentur,
1071 3905 1282 3988 relinquatur'.

133 4021 212 4079 vites
248 4018 323 4078 bene
357 4025 515 4094 ponentem
542 4037 602 4095 per
633 4036 734 4079 omnes
765 4037 879 4092 ramos,
915 4020 1076 4093 diligenter
1108 4024 1213 4077 caveto
1245 4036 1283 4076 ne

132 4127 262 4185 nimium
291 4127 477 4202 praecipites
507 4133 537 4185 et
562 4144 601 4187 ne
628 4129 716 4186 vitem
739 4128 955 4203 praestringere
984 4122 1185 4183 Schuciderns
1213 4141 1281 4183 con·

132 4233 217 4293 iecit
256 4230 361 4291 nodari
384 4232 459 4292 vites
483 4231 623 4293 ridentur
646 4232 714 4312 dici,
739 4251 814 4312 quae
838 4230 948 4292 habent
966 4229 1059 4291 nodos
1078 4230 1124 4291 rel
1143 4248 1282 4311 gemmas,

131 4337 215 4400 uude
240 4339 324 4398 nasci
347 4340 464 4416 possint
486 4337 623 4417 palmites
646 4338 682 4399 ad
707 4357 779 4400 uvas
803 4339 939 4400 ferendas
958 4336 1059 4400 utiles:
1082 4334 1135 4421 33,
1156 4337 1172 4399 1
1193 4343 1282 4399 vitem

132 4446 212 4508 bene
244 4447 391 4507 nodotum
422 4449 562 4523 deligato.
616 4465 684 4508 uam
717 4448 757 4507 ita
788 4445 831 4507 ibi
862 4447 893 4506 in
924 4464 1014 4507 manu
1045 4448 1166 4526 scriptis
1198 4445 1283 4506 libris
