2874 4994
312 319 361 374 DE
379 319 470 375 AGRI
489 321 662 376 everunt
678 321 822 375 menum
842 321 869 375 C.
887 319 1016 376 36-37
1193 312 1235 377 69

88 494 145 537 nec
174 493 235 536 non
263 483 293 538 et
319 479 394 537 satis
421 477 602 552 quibusdam
629 479 701 552 ipsis
724 480 816 553 pasci
842 484 958 537 terram
981 478 1064 536 dicit.
1110 481 1235 550 segetem

86 589 265 644 stercorant
283 583 403 659 fruges,
426 585 575 661 lupinum,
596 582 682 658 saba,
706 586 796 665 nicia,
818 587 897 644 sicut
921 586 1118 644 econtrario
1143 586 1236 658 cicer,

86 693 162 764 quio
193 693 315 751 vellitur
342 696 372 752 et
403 693 476 765 quia
505 694 618 750 salsum
646 696 703 764 est,
736 692 897 769 hordeum,
926 689 1052 764 suenum
1078 707 1235 769 araceum,

86 814 206 871 noum,
233 799 312 859 hoec
339 800 441 857 omnia
468 803 597 872 sequen
626 803 762 857 exurunt
790 805 819 857 et
846 800 947 857 omerio
972 815 1052 872 quoe
1074 800 1234 857 uellantur.

86 906 212 964 nucleos
235 904 266 963 in
289 911 418 977 segetem
442 922 480 963 ne
504 897 677 964 indideris'.

176 1007 270 1071 Haec
303 1012 417 1071 omnia
450 1018 606 1089 segetem
639 1010 833 1090 exsugunt]
868 1013 1030 1087 Eesuount
1063 1012 1235 1091 Politianus,

86 1135 147 1176 non
167 1125 305 1193 esuaunt
327 1126 360 1178 ut
378 1116 530 1178 Gesnerus
548 1117 707 1198 adnotavit,
730 1120 801 1178 item
821 1118 912 1179 editio
932 1118 1062 1180 Victorii.
1100 1126 1235 1180 emerunt

86 1243 104 1283 e
126 1222 224 1284 Plinio
249 1222 371 1284 dederat
393 1223 553 1288 Iucundos.
591 1224 695 1285 eodem
719 1223 810 1284 verbo
834 1224 870 1285 de
895 1225 1046 1304 segetibus
1064 1225 1156 1286 Varro
1171 1244 1194 1286 r.
1210 1243 1233 1287 r.

85 1310 219 1409 117,11¹
245 1348 318 1391 usus
341 1339 396 1412 est,
419 1314 534 1407 segetes
557 1336 740 1393 exactiores·

171 1435 327 1498 Nucleos
350 1439 386 1498 in
410 1445 569 1514 segetem
592 1455 634 1497 ne
653 1436 832 1499 indideris
853 1456 941 1517 quae
961 1448 1120 1517 segetem
1140 1449 1233 1500 ster·

84 1554 213 1605 carent
239 1544 364 1623 iruges
391 1541 554 1622 lupinum
583 1543 661 1604 faba
690 1537 796 1627 nicia]
826 1546 955 1606 Nueleos
983 1550 1014 1606 in
1043 1553 1172 1622 segetem
1196 1567 1234 1608 ne

84 1654 249 1725 indiderrs,
286 1653 340 1726 qui
370 1651 525 1724 suffocant
553 1650 672 1725 fruges.
718 1654 853 1728 lupinum
882 1670 945 1730 sqq.
978 1651 1099 1712 Merula.
1154 1672 1234 1728 quae

83 1766 214 1834 segetem
232 1765 404 1819 stercorant
418 1756 528 1831 fruges
545 1754 693 1817 Victorius
713 1758 854 1836 restituit,
873 1758 924 1817 sed
944 1758 1009 1818 loco
1029 1761 1232 1838 inscriptionis

83 1867 194 1943 posuit.
240 1882 320 1939 quae
347 1871 477 1938 sconem
504 1870 678 1924 stercorant
702 1862 824 1940 fruges,
858 1868 1006 1941 lupinum,
1035 1865 1126 1947 sobo,
1152 1870 1232 1927 vicia

83 1970 297 2032 Schneiderus.

174 2075 195 2137 2
228 2076 380 2138 Stercus
417 2075 509 2135 unde
543 2076 655 2136 iacias
689 2084 885 2137 stramenta
917 2076 1079 2157 lupinum
1112 2077 1232 2158 paleas

82 2182 215 2244 fabalia
243 2202 327 2244 acus
354 2181 515 2242 frondem
539 2182 707 2261 iligneam
732 2183 936 2262 querneam]
962 2187 1069 2245 deeris
1089 2186 1231 2262 frondem

83 2289 206 2351 Merula.
258 2285 372 2350 ‘Aceris
405 2288 540 2348 trondem
573 2288 723 2367 iligneam:
757 2288 806 2350 Sic
837 2298 900 2350 erat
928 2292 959 2350 in
988 2291 1125 2352 omnibus
1155 2295 1231 2371 typis

83 2398 213 2457 excusis.
259 2398 290 2455 in
319 2396 443 2456 vetustis
471 2394 597 2474 legimus
624 2396 703 2456 Acus
731 2396 866 2456 frondem
894 2396 1031 2475 iligneam
1061 2416 1230 2476 querneam.

83 2503 164 2583 apud
188 2501 331 2583 Plinium,
354 2504 406 2582 qui
429 2501 501 2562 haec
525 2501 644 2563 Catonis
668 2511 825 2582 praecepta
849 2502 885 2562 de
909 2511 1041 2564 stercore
1065 2505 1165 2587 relert,
1189 2506 1230 2569 Ac

83 2608 207 2670 frondes
244 2608 366 2686 iligneas
404 2626 619 2688 querneasque.
674 2609 819 2670 veriorem
857 2618 954 2669 tamen
993 2621 1132 2689 putamus
1164 2631 1229 2673 esse

82 2716 206 2777 Catonis
228 2714 372 2776 librorum
397 2714 553 2776 lectionem
577 2725 608 2776 et
627 2716 706 2777 Acus
729 2716 911 2776 uon'Aceris
929 2715 988 2795 legi
1007 2716 1115 2778 dehere
1136 2719 1230 2779 credi·

81 2840 165 2902 mus,
189 2830 223 2882 ut
245 2819 408 2882 levissimas
432 2820 539 2902 paleas,
567 2841 625 2883 non
649 2822 784 2884 frondem
808 2822 925 2883 arboris
948 2825 1042 2883 aceris
1066 2820 1229 2903 significet'

80 2928 242 2990 Victorius.
280 2928 432 3003 subulcum
454 2947 529 2990 acus
554 2928 755 2990 Schneiderus
778 2931 906 2990 coniecit
929 2929 994 2991 coll.
1014 2927 1101 3011 54‚2
1122 2936 1229 3007 [rolens

79 3038 223 3098 triticeos
246 3043 275 3097 et
296 3038 494 3110 hordeaceae,
519 3054 594 3096 acus
609 3036 800 3112 [alcoinum.
839 3035 940 3097 sedin
961 3037 1118 3098 frumentis
1137 3037 1228 3098 Varro

80 3165 104 3206 r.
127 3162 152 3204 r.
172 3143 184 3203 1
203 3139 291 3224 522
315 3159 387 3202 acus
410 3159 469 3202 una
490 3160 557 3202 cum
576 3140 659 3222 palea
679 3143 761 3222 dixit,
785 3147 882 3216 ttulit
900 3151 933 3203 ut
950 3147 1229 3218 qttodleuissimum

78 3258 127 3312 est
151 3255 183 3311 in
206 3268 241 3312 eo
264 3258 356 3325 atque
379 3253 551 3326 appellatur
575 3268 651 3311 acas
674 3269 712 3311 ac
733 3254 824 3327 polea
847 3258 1026 3310 coornatur.

173 3355 222 3416 Ex
245 3359 360 3434 segeti
379 3355 507 3417 uellito
526 3355 684 3433 ebulum]
704 3358 754 3417 Ea
772 3361 872 3430 seque
890 3358 1006 3416 evellito
1026 3354 1138 3415 Plinius
1157 3357 1175 3418 l.
1190 3377 1229 3419 c.:

78 3463 161 3544 apud
196 3462 347 3527 Catonem,
369 3464 498 3544 primus,
531 3473 565 3524 ut
598 3462 726 3543 videtur,
760 3462 910 3523 Gesnerus
938 3481 978 3523 ex
1004 3469 1105 3537 segete
1129 3466 1227 3524 vellito

76 3572 226 3632 restituit.

90 3690 96 3699 ·
171 3673 288 3738 svnt
316 3678 346 3736 si
375 3693 490 3736 macra
519 3679 589 3736 erit
618 3685 795 3737 sarmenta
820 3694 881 3738 sua
905 3674 1102 3755 concidito]
1135 3677 1227 3738 Vinea

73 3790 106 3847 si
125 3803 234 3846 macru
253 3787 313 3845 erit
332 3783 478 3844 editiones
496 3792 564 3844 ante
579 3783 745 3856 Victoriam
761 3802 798 3844 ex
817 3782 921 3845 Plinio.
958 3789 1026 3846 uitis
1046 3804 1081 3846 ex
1096 3784 1227 3845 Mediceo

73 3891 184 3954 codice
208 3889 370 3951 Politianus
393 3890 552 3951 adnotavit.

171 3997 236 4057 Per
272 3996 422 4057 hiemem
460 3996 757 4058 lucurabartione
792 3995 878 4056 haec
911 3993 1033 4070 lecito]
1068 3995 1226 4056 Lucurro-

72 4108 221 4169 luertione
244 4103 282 4183 Α,
305 4105 416 4163 lucare
439 4103 603 4164 beurcione
627 4120 669 4183 m,
693 4104 945 4163 lacerabartione
968 4099 992 4180 l,
1015 4101 1227 4161 lucubratione

72 4210 247 4294 apographa
272 4211 437 4284 recentiora
462 4217 491 4268 et
515 4207 606 4268 editio
630 4210 770 4288 princeps
793 4227 808 4267 a
833 4206 976 4267 Politiano
1000 4223 1059 4266 non
1083 4215 1225 4267 correcta.

73 4323 109 4381 in
134 4317 299 4394 archetypo
322 4317 575 4378 tuwooartione
599 4314 716 4375 videtur
739 4317 883 4394 scriptum
907 4313 1012 4396 luisse,
1036 4321 1136 4392 postea
1162 4333 1225 4375 cor-

71 4434 198 4489 rectum
225 4425 447 4485 lucubratione.
492 4421 529 4482 de
559 4421 700 4500 operibus
723 4420 929 4483 lucubratione
956 4420 1097 4482 iaciendis
1121 4420 1227 4481 scribit
