2874 4994
142 294 205 359 198
484 301 675 357 contiuua.
694 301 734 356 nt
751 299 940 357 VARRONIS

141 459 229 518 etiam
267 460 367 518 asinus
395 457 553 518 adducitur
585 455 750 535 eodemque
777 454 865 516 modo
892 473 947 535 per
974 456 1077 535 origas
1101 463 1209 517 curtim
1229 467 1251 519 ot

142 583 232 643 equas
255 566 343 624 ineat.

231 670 314 732 Cum
338 672 527 749 pepererit
555 668 662 748 equa]
695 671 768 730 Cum
784 673 910 747 peperit
937 687 973 730 ex
996 670 1133 751 principe
1152 668 1255 732 edititue

142 779 255 857 recepi:
275 775 345 859 112,
362 774 403 839 15
423 787 453 838 et
465 773 497 857 5,
513 773 555 838 15
570 795 766 854 comparere
779 785 955 855 comesuri,
973 774 1005 859 4,
1021 774 1066 839 15
1078 795 1147 839 euin
1156 780 1257 855 peperit

231 879 252 944 5
289 883 447 945 Alterum
481 893 519 944 ut
551 885 715 945 uenturis
753 884 913 945 suiierre
945 881 1094 946 labores
1124 882 1258 965 possint]

143 994 280 1052 Alterum
304 995 334 1051 in
362 995 500 1053 uecturis
527 1009 555 1050 m
576 1038 583 1050 .
603 994 732 1052 aiterum
760 999 794 1052 ut
821 992 1011 1053 inventuris
1038 992 1155 1071 oeripal.
1187 1008 1261 1069 unua

143 1101 222 1158 enim
247 1092 381 1158 ‘labores
404 1099 529 1158 sullerre
554 1092 699 1158 vecturis’
725 1098 784 1157 dici
807 1105 924 1177 poterat
946 1074 1000 1177 sic,
1024 1105 1059 1159 ut
1081 1096 1120 1158 de
1138 1099 1261 1159 nutricata

143 1205 309 1266 scrofarum
334 1206 478 1283 scriptum
502 1200 819 1283 est114,19quod
844 1222 943 1280 neque
970 1213 1072 1266 ntum
1094 1212 1191 1284 potest
1211 1206 1263 1267 tul

141 1312 230 1389 serre
248 1315 305 1372 loc.
342 1305 476 1371 ‘labores
495 1306 638 1371 suilerre'
657 1310 766 1390 legitur
785 1308 936 1373 Columell.
957 1309 971 1372 1
988 1311 1084 1392 prael.
1101 1308 1144 1374 12
1162 1312 1265 1373 uirida

146 1426 275 1480 aetatem
298 1436 367 1479 enm
390 1420 501 1479 robore
529 1421 668 1494 corporis
695 1420 739 1478 nd
765 1419 885 1480 iabores
911 1419 1107 1494 sufferendos
1131 1420 1266 1480 derideret

235 1522 255 1585 6
291 1523 429 1584 Hinnus
449 1525 508 1602 qui
528 1522 733 1603 appellatur
756 1534 810 1584 est
829 1544 869 1584 ex
889 1542 979 1603 equo
998 1534 1036 1585 et
1058 1526 1159 1585 asina
1177 1527 1267 1585 minor
1316 1540 1318 1547 ·

146 1650 248 1713 quam
271 1630 387 1692 mulus
411 1649 562 1710 corpore
587 1629 802 1710 plerumque
822 1630 1067 1693 rubicundior
1085 1630 1228 1693 auribus
1241 1641 1269 1692 ot

147 1740 292 1818 equinis
315 1736 430 1798 iubam
456 1746 490 1798 et
509 1736 655 1798 caudam
673 1737 828 1799 similem
852 1736 963 1815 asini]
989 1739 1041 1799 lix
1059 1757 1137 1814 equo
1156 1746 1185 1800 et
1200 1742 1270 1799 cana

148 1844 240 1905 deleri
264 1843 355 1904 voluit
379 1842 544 1904 Pontedera
568 1863 595 1924 p.
615 1842 680 1906 tat
711 1855 859 1924 tamquam
883 1846 1009 1925 repetita
1036 1864 1072 1906 ex
1095 1847 1135 1907 iis
1156 1844 1271 1925 quaeda

148 1952 239 2013 binno
263 1968 353 2030 supra
377 1952 486 2031 scripta
511 1961 608 2032 erant,
636 1960 745 2013 contra
773 1970 813 2012 ex
840 1970 916 2027 equo
939 1961 970 2013 et
991 1957 1082 2013 unna
1111 1955 1226 2015 binnan
1242 1985 1271 1995 -

148 2060 277 2119 nuribus
304 2066 339 2119 ut
369 2061 453 2133 equis
482 2075 519 2119 m.
557 2058 625 2118 inde
658 2060 786 2119 uteribus
813 2066 847 2119 ut
877 2062 984 2134 aequas
1011 2057 1106 2120 edidit
1135 2058 1273 2121 iucundus

148 2170 266 2243 equinis
289 2164 438 2227 Victorius
457 2167 597 2226 restituit.
644 2167 772 2226 nuribus
795 2172 829 2225 ut
851 2168 935 2241 equi,
965 2169 1009 2227 itu
1033 2167 1107 2227 iuba
1136 2174 1166 2228 et
1190 2168 1275 2227 conda

148 2277 254 2335 similis
272 2266 334 2354 (rel
351 2265 494 2354 similior)
513 2275 595 2333 asini
612 2274 739 2332 coniecit
759 2270 970 2332 Schneiderus.
1005 2290 1098 2334 aures
1117 2283 1152 2334 ut
1168 2275 1276 2352 equinae

149 2389 220 2441 sunt
243 2397 330 2440 aures
354 2381 471 2458 equinis
495 2377 617 2439 auribus
646 2378 766 2440 similes.
804 2380 987 2440 accusativos
1015 2388 1117 2440 autem
1141 2382 1278 2442 utana

149 2492 281 2549 eundem
307 2506 366 2546 non
391 2497 463 2565 puto
489 2489 528 2546 ita
552 2485 672 2546 delendi
696 2503 793 2568 posse,
816 2494 850 2546 ut
872 2484 1005 2546 Gesnero
1025 2488 1124 2548 vistim
1143 2498 1197 2569 est,
1213 2485 1277 2567 quod

149 2598 179 2655 in
198 2594 451 2671 descriptionibus
472 2594 577 2653 variari
597 2611 684 2654 casus
703 2593 906 2655 membrorum
920 2590 1045 2654 soleant
1074 2596 1163 2655 cuius
1175 2595 1278 2673 generis

151 2700 240 2760 multa
265 2698 397 2776 exernpla
422 2707 505 2779 sunt3
529 2698 580 2759 sed
604 2702 635 2759 iu
659 2697 844 2778 longioribus
871 2699 1128 2780 descriptionibus
1151 2700 1207 2762 hoc
1228 2700 1279 2761 lieri

150 2806 226 2867 solet
251 2805 435 2885 neglegentia
463 2805 588 2884 quadam
612 2805 745 2886 dicendi,
774 2824 849 2886 quae
876 2805 913 2867 ab
941 2805 999 2867 boe
1028 2806 1095 2868 loeo
1124 2806 1217 2869 alicua
1236 2815 1280 2867 est

150 2914 250 2992 itaque
274 2914 379 2990 scripsi
404 2914 506 2972 iubam
534 2922 563 2973 et
585 2916 718 2974 eandum
740 2915 832 2974 babet
853 2917 979 2975 similem
1006 2917 1099 2975 esini
1137 2932 1204 2975 nam
1225 2932 1280 2993 pro

150 3019 276 3080 babillus
308 3018 363 3077 boe
391 3020 487 3079 risum
516 3026 570 3099 est,
593 3037 682 3098 quam
706 3018 785 3097 quod
808 3019 879 3079 olim
903 3020 1018 3080 conieci
1042 3021 1118 3080 iuba
1141 3030 1172 3082 et
1193 3022 1281 3082 cnudo

149 3130 255 3188 similis
278 3133 322 3186 est
345 3129 433 3186 asini.
471 3124 577 3185 deinde
602 3129 734 3186 educant
762 3124 872 3186 babent
898 3128 997 3186 omnia
1025 3126 1211 3207 apographa,
1234 3145 1283 3187 non

151 3236 292 3307 educunt,
317 3232 395 3311 quod
420 3234 451 3292 in
474 3233 609 3312 principe
634 3232 763 3293 editione
790 3231 953 3294 Politiauus
978 3251 1037 3294 non
1061 3237 1204 3295 correxit

239 3337 320 3400 IXl
360 3338 594 3418 Relinquitur
627 3341 746 3417 inquit
768 3340 904 3400 atticus
927 3339 969 3400 de
1003 3340 1285 3422 quadripedibus

152 3446 243 3526 quod
267 3445 307 3505 ad
332 3462 439 3505 canes
462 3446 598 3506 attinet
620 3446 767 3506 maxime
795 3445 835 3506 ad
860 3463 922 3506 nos
950 3447 1013 3526 qui
1041 3464 1158 3525 pecua
1182 3448 1285 3528 pasci·

153 3572 227 3613 urus
255 3551 395 3628 lauare]
435 3553 521 3624 Quod
551 3553 595 3612 od
620 3569 721 3613 omnes
749 3555 857 3614 attinet
886 3554 1014 3613 coniecit
1042 3551 1190 3636 Ursinus3
1219 3554 1286 3615 iden

153 3669 251 3719 tamen
276 3677 362 3737 prava
387 3658 505 3719 licentia
530 3676 611 3738 usus,
635 3667 668 3719 ut
691 3659 776 3739 solet,
799 3660 839 3720 ita
863 3659 921 3738 legi
944 3676 1033 3737 posse
1058 3660 1223 3743 adnotavit,
1246 3679 1286 3721 re

153 3769 309 3840 linquitur,
329 3768 426 3840 ingerit
440 3768 567 3840 Atticus,
586 3769 625 3827 de
643 3767 881 3841 etenimquod
897 3769 1006 3826 attinet
1022 3771 1161 3830 maxime
1179 3771 1221 3829 ad
1235 3784 1288 3828 nos.

153 3872 257 3932 lacuna
280 3874 379 3951 potius
408 3880 548 3951 corrupta
576 3890 643 3931 esse
672 3871 809 3932 videntur
837 3890 912 3952 quae
940 3874 972 3932 in
994 3872 1162 3954 archetypo
1189 3876 1286 3952 scripta

152 3987 244 4039 erant.
291 3997 355 4038 eam
383 3981 414 4038 in
443 3977 522 4037 hunc
551 3977 670 4038 modum
699 3977 846 4058 suppleri,
874 3980 957 4054 quod
986 3981 1032 4039 ad
1060 3998 1160 4043 canes
1184 3985 1286 4054 atim,

152 4089 234 4160 quod
255 4088 390 4160 pertinet
417 4087 550 4145 maniam
577 4087 620 4144 od
645 4101 707 4145 nos.
754 4103 790 4145 ex
817 4086 855 4144 iis
887 4102 963 4164 quae
996 4085 1034 4146 de
1064 4086 1285 4169 quadripedibus

153 4189 360 4267 praecipienda
384 4202 454 4252 suut
477 4185 559 4271 (nam
583 4190 620 4250 de
644 4190 815 4270 pastoribus
840 4201 944 4271 postea
968 4189 1098 4274 dicitur)
1121 4194 1284 4273 relinquitur

155 4313 189 4353 ea
212 4311 290 4373 pars,
314 4313 389 4373 quae
413 4306 460 4356 est
483 4296 519 4357 de
543 4296 675 4378 cautibus,
699 4316 774 4378 quae
793 4295 955 4378 disputatio
975 4303 1104 4362 maxime
1123 4301 1159 4362 ad
1177 4300 1282 4378 eosqui

154 4416 246 4477 pecus
270 4400 367 4461 lauare
390 4412 516 4482 pascunt
539 4405 677 4482 pertinet
