2874 4994
540 347 746 404 PRAEFATIO
1166 348 1218 402 VII

72 513 209 595 149,2
237 510 399 594 ‘aequasi
426 514 517 576 herba
546 513 721 576 tuberosum
750 515 937 594 reliquerunt
965 533 1109 594 campum.
1156 518 1218 576 Pro

72 616 172 674 lierda
195 616 304 675 excusi
326 617 382 674 alii
403 609 446 692 (b.
460 631 487 673 e.
510 612 601 672 editio
624 606 743 695 Aldina)
766 613 869 693 Barba,
896 617 1036 675 mendose
1058 618 1220 695 liniebant,

73 720 105 776 in
129 714 201 772 aliis
223 703 306 792 (be.
330 712 361 770 in
380 709 510 770 editione
528 704 661 792 luntina)
684 728 746 771 uox
769 714 822 771 illa
841 715 934 787 plane
957 711 1121 786 defecerat.
1159 714 1218 773 Re·

69 814 163 886 posui
184 828 224 870 ex
245 812 378 884 antiquis
401 810 496 882 libris,
519 803 638 868 Herba'.
683 805 1009 870 inseruissemus
1033 808 1121 890 albas,
1146 829 1219 890 quas

73 906 245 968 condideris
272 925 379 985 nouas,
409 908 451 966 sic
480 904 619 967 celeriter
646 925 773 986 proruas.
825 910 952 980 Quidam
977 907 1085 983 formis
1112 913 1221 970 excusi

72 1007 149 1064 libri
171 1008 214 1064 ita
237 1006 361 1084 babent,
386 1008 417 1065 in
441 1007 511 1065 aliis
534 1008 617 1066 locus
640 1009 728 1067 valde
750 1009 906 1067 uarietas:
937 1010 1163 1087 cumulamen,
1188 1015 1221 1067 ut

70 1110 160 1182 puto,
189 1121 292 1163 eorum
316 1107 370 1178 qai
393 1105 426 1164 id
448 1106 674 1164 commiserunt:
705 1107 794 1165 nimis
822 1108 899 1164 enim
923 1108 1051 1165 licenter
1074 1123 1094 1165 a
1117 1112 1221 1165 uetere

74 1203 235 1276 scriptura
255 1196 442 1279 discessere’,
467 1200 518 1262 ubi
542 1203 572 1260 in
592 1200 695 1263 Aldina
720 1202 848 1263 editione
874 1202 1013 1281 leguntur
1035 1204 1117 1284 baec,
1141 1208 1222 1264 olcas

75 1300 173 1372 albas,
196 1317 274 1373 quas
296 1302 424 1360 condire
446 1302 491 1359 vis
514 1317 619 1374 nouas,
642 1303 687 1360 sic
710 1303 852 1361 celeriter
875 1303 1009 1375 condito,
1035 1310 1069 1361 ut
1087 1319 1221 1377 promas.

73 1398 103 1454 in
130 1394 211 1456 Varr.
235 1394 261 1479 li
284 1395 346 1476 1‚4
371 1392 425 1456 ‘nd
449 1395 548 1457 cibum
574 1399 651 1457 euim
675 1398 763 1478 lacte,
787 1406 817 1458 et
840 1416 967 1459 caseum.
1014 1400 1092 1460 Sunt
1114 1402 1223 1459 excusi

74 1497 165 1554 etiam
190 1496 264 1555 libri
285 1499 317 1556 iu
340 1497 449 1570 quibus
472 1498 516 1555 ita
539 1499 660 1570 leantur
680 1490 721 1577 (b.
737 1516 761 1558 e.
781 1498 811 1556 in
831 1495 960 1556 editione
980 1490 1126 1576 luntina):
1149 1514 1220 1556 nam

75 1596 106 1652 in
135 1596 204 1653 aliis
233 1586 279 1674 (h.
299 1612 324 1653 e.
352 1595 382 1653 in
411 1593 540 1653 editione
567 1588 686 1677 Aldina)
714 1594 785 1674 Lac,
818 1597 958 1655 mendose
989 1588 1122 1669 lepitur'.
1168 1593 1220 1652 bas

74 1691 167 1766 igitur
191 1690 265 1750 diras
288 1692 435 1752 editiones
458 1690 530 1751 dicit
553 1708 612 1751 uon
637 1690 731 1750 sotum
755 1700 832 1771 tum,
859 1709 925 1751 cum
951 1708 1075 1751 excusos
1099 1691 1145 1751 vel
1168 1693 1220 1750 im-

74 1806 196 1867 pressos
215 1789 316 1870 libros,
339 1789 390 1850 sed
412 1792 500 1850 etiam
519 1809 587 1851 eum
607 1807 709 1850 omnes
728 1807 854 1850 excusos
873 1789 918 1849 vei
938 1807 1041 1850 omnes
1060 1791 1221 1868 impressos

74 1886 211 1967 appellat,
235 1890 265 1947 in
284 1887 344 1949 Cat.
365 1907 389 1948 c.
405 1884 449 1949 90
472 1884 559 1947 ‘Toni
582 1887 625 1947 iar
645 1888 772 1965 insipiat.
811 1888 896 1948 Haec
915 1895 959 1947 est
977 1890 1104 1961 antiqua
1123 1888 1220 1960 lectio,

73 2002 166 2058 quam
184 1989 276 2046 ualde
292 1988 465 2062 probamus.
485 1994 595 2046 antea
619 1989 649 2045 in
670 1989 822 2062 impressis
841 1987 984 2059 omuibus,
1009 1983 1083 2044 Cum
1102 1984 1220 2044 ieruere

73 2083 205 2162 incipiet,
229 2079 318 2144 crat'.
365 2101 431 2143 nani
456 2085 496 2143 ita
519 2086 550 2142 in
574 2083 677 2144 Aldina
702 2093 732 2145 et
755 2084 872 2145 Iuntina
896 2084 1024 2143 editione
1048 2084 1166 2161 iegitur,
1189 2083 1219 2141 in

72 2181 293 2260 antiquioribus
321 2189 367 2241 est
395 2200 462 2242 cum
487 2181 611 2257 seruere
641 2187 775 2259 incipiat.
821 2185 851 2242 in
876 2182 936 2242 Cat.
964 2179 1078 2260 tous
1103 2177 1219 2240 ‘Tertio

74 2279 124 2339 die
139 2279 257 2339 densita.
298 2281 344 2340 lta
363 2282 475 2341 liabent
489 2284 610 2355 antiqui
622 2283 752 2359 codices,
770 2283 857 2340 etita
872 2281 1009 2339 arbitror
1023 2282 1084 2353 leqi
1097 2280 1221 2338 debere:

74 2395 147 2450 riou,
175 2384 208 2437 ut
232 2380 264 2437 in
287 2381 410 2438 eacusis
436 2379 585 2450 omnibus,
610 2372 787 2456 Demittito',
814 2376 866 2436 ubi
889 2380 1034 2437 demittito
1058 2377 1088 2435 in
1115 2375 1219 2435 iisdem

74 2474 191 2535 duabus
205 2474 386 2535 editionibus
400 2473 519 2553 legitur,
533 2477 563 2535 in
579 2474 797 2553 antiquioribus
812 2478 928 2536 demito.
961 2477 990 2534 in
1008 2473 1088 2533 Varr.
1104 2469 1216 2551 1115‚1
1270 2508 1295 2595 ί

74 2567 178 2652 ‘Vnde,
202 2591 262 2632 non
286 2571 336 2632 ubi
361 2582 521 2633 sunuintur
544 2576 670 2653 pingues
694 2573 782 2633 turdi.
824 2574 914 2634 Hunc
938 2576 1028 2633 ctiam
1051 2576 1149 2633 locum
1172 2590 1219 2631 re·
1271 2600 1277 2617 ν

72 2673 173 2731 stitui:
196 2679 289 2732 antea
313 2674 344 2731 iu
367 2674 504 2732 omnibus
527 2675 663 2761 excusis,
687 2670 769 2731 Vnde
793 2669 939 2750 nonnulli,
965 2679 1021 2731 ete.
1046 2674 1157 2732 insulso
1182 2689 1229 2757 ac

71 2767 189 2844 [riaido
212 2763 323 2830 sensu’.
369 2771 452 2829 unde
478 2787 538 2831 non
566 2772 621 2830 abi
646 2770 736 2829 babet
763 2771 902 2849 princeps
931 2768 1020 2829 editio
1048 2788 1117 2829 cum
1145 2766 1224 2828 ants

74 2868 239 2945 tritissimis,
263 2870 344 2928 uude
367 2871 505 2929 nonnulli
526 2866 630 2927 Aldina
654 2876 685 2928 et
703 2867 828 2928 Iuntina.
866 2867 943 2928 edita
962 2876 1029 2927 ante
1044 2866 1151 2927 bidom
1171 2882 1219 2928 ax·

73 2962 215 3042 emplaria
239 2963 331 3024 semel
355 2967 596 3026 commemoravit
615 2964 772 3045 Victorius,
796 2965 905 3025 sedita
926 2975 959 3025 ut
978 2967 1058 3043 ipsos
1079 2964 1171 3037 libros
1191 2966 1220 3025 ei

73 3079 134 3121 non
159 3061 251 3122 luisse
274 3071 392 3141 paratos
415 3070 563 3143 appareat,
586 3066 617 3123 in
642 3063 830 3124 adnotatione
848 3066 878 3124 in
894 3062 1055 3123 Varronem
1073 3042 1218 3147 111,‘9‚18

72 3155 121 3219 ‘ln
144 3160 305 3220 triclinium
330 3163 511 3240 ganearium.
556 3164 667 3223 Prisca
690 3165 778 3223 lectio
807 3165 931 3223 diuersa
957 3169 1013 3236 est,
1041 3161 1219 3222 Gerruniunr:

72 3276 132 3319 nec
154 3266 255 3320 tamea
279 3262 317 3320 ab
341 3264 424 3322 omui
445 3264 567 3321 macula
594 3265 675 3322 illam
698 3262 840 3321 mundam
864 3279 928 3321 esse
951 3257 1143 3335 affirmarim.
1182 3262 1218 3320 ln

72 3356 199 3429 Leaico,
221 3360 304 3431 qaod
325 3361 487 3433 maqnifico
510 3361 629 3419 nomine
656 3359 842 3420 Thesaurum
865 3359 996 3419 Latinae
1018 3361 1142 3432 linquae
1165 3376 1217 3434 ap·

69 3457 236 3531 peltarum,
258 3455 435 3516 Triclinium
452 3460 618 3531 qenauium
636 3461 797 3534 scripturn:
818 3459 862 3517 ita
881 3460 958 3517 enim
978 3457 1130 3516 habebant
1147 3459 1220 3517 libri
1277 3536 1281 3543 Δ

81 3553 243 3627 Varronis,
266 3556 376 3631 primis
403 3557 477 3615 noui
502 3559 620 3631 reperti
645 3558 819 3617 excutiendi
841 3557 935 3615 libros
958 3554 1141 3631 temporibus
1165 3558 1217 3614 im·

75 3653 186 3725 pressi:
214 3669 269 3712 nec
292 3659 392 3712 tamen
416 3655 535 3727 aliquid
556 3655 755 3727 addiderunt,
782 3656 865 3729 quod
890 3670 956 3714 earu
984 3655 1140 3714 lectionem
1164 3655 1223 3723 ad·⁸

76 3742 220 3809 iuraret'.
262 3753 446 3824 pausarium
474 3748 584 3810 babent
607 3750 711 3811 Aldina
739 3762 769 3812 et
796 3751 926 3831 budius,
952 3753 1117 3826 aenauium
1145 3752 1217 3810 auti·

72 3847 195 3925 quiores
214 3846 368 3908 editiones.
406 3846 759 3930 deniqueVarr.140,4
782 3867 837 3928 pro
856 3867 908 3909 sua
929 3851 1099 3909 coniectura
1118 3849 1219 3925 posuit

71 3943 154 4024 quod
174 3946 204 4004 in
223 3947 358 4024 principe
378 3946 506 4019 editione
526 3965 700 4026 expressum
720 3955 791 4026 erat,
811 3943 861 4008 ‘ac
880 3965 940 4008 non
959 3951 1050 4007 multo
1065 3954 1143 4025 post,
1166 3947 1220 4006 ubi

73 4047 106 4104 in
130 4046 296 4119 impressis,
321 4046 384 4104 Alii
406 4048 557 4106 clauolas:
586 4050 616 4106 in
640 4048 746 4106 iisdem
774 4037 916 4128 (bein
941 4038 1122 4124 codicibus),
1146 4042 1219 4102 Aliis

72 4139 213 4201 clanolas.
251 4143 401 4223 Fortasse,
425 4144 488 4204 Alii
508 4147 669 4224 sciauolas,
693 4147 851 4220 leuandam
875 4136 939 4202 est':
976 4160 1042 4201 nam
1066 4141 1096 4201 id
1120 4143 1217 4220 ipsum

72 4241 105 4298 in
128 4239 266 4317 principe
290 4238 419 4299 editione
443 4243 525 4300 etin
550 4244 587 4301 iis
607 4260 681 4321 quae
701 4260 736 4302 ex
756 4240 804 4301 iila
828 4257 984 4320 expressae
1008 4247 1079 4300 sunt
1101 4239 1218 4318 legitur.

72 4335 144 4396 binc
167 4339 306 4415 sequitur
323 4339 412 4398 etiam
432 4337 513 4420 illud,
532 4338 694 4400 victorium
718 4347 790 4418 tum,
814 4356 882 4398 cum
906 4338 1064 4398 editionem
1088 4338 1219 4418 parabat,

74 4453 109 4495 ea
140 4453 217 4514 quae
250 4433 413 4497 Politianus
450 4440 480 4498 in
513 4440 644 4517 margine
681 4439 826 4517 principis
862 4436 1001 4502 editionis
1033 4455 1069 4496 er
1101 4435 1217 4496 duobus
1263 4440 1266 4447 '

1323 2320 1363 2445 s.
