2874 4994
352 323 482 378 RERVM
499 324 738 379 avarionnvu
762 325 829 379 Lus.
848 320 862 377 I
884 322 902 378 2
1161 316 1198 381 ll

54 482 130 541 vitio
149 481 324 559 scripturae,
344 481 422 558 quod
446 479 503 540 lsoo
526 478 590 540 loco
613 481 643 540 in
664 479 823 560 archetypo
842 480 907 559 luit,
924 484 1038 560 poetali,
1057 480 1086 540 h.
1106 500 1130 540 e.
1147 500 1202 557 pa·

55 591 131 663 caii,
155 585 233 647 unde
254 588 351 647 Paroa·
368 587 481 666 scripsi.
515 603 581 646 nam
601 585 656 645 hae
675 585 768 645 lorma
787 588 915 646 nominis
933 586 1094 647 Varronem
1114 606 1200 649 usum

55 712 125 755 esse
150 693 355 755 lachmannus
385 695 416 754 in
440 692 557 754 Lueret.
576 712 604 772 p.
624 689 689 755 306
712 693 823 755 docuit.
868 702 1000 754 ceterum
1025 696 1203 755 sententiam

55 802 188 881 Pacuvii,
203 819 262 862 non
285 799 382 882 verba,
401 801 540 861 indicarit
559 798 664 882 Varro;
688 803 768 879 ipsos
787 819 891 861 versus
906 799 1085 862 Ribbeelius
1100 803 1202 882 fragm.

56 919 134 988 trag.
154 908 237 969 llom.
256 926 285 987 p.
301 903 342 970 78
366 909 525 968 restituere
549 918 673 969 conatus
691 917 745 968 est.

149 1014 220 1094 Ego
244 1014 300 1075 hic
324 1014 384 1076 ubi
408 993 474 1075 nox
499 1023 533 1075 et
556 1015 633 1075 dies
657 1015 794 1077 modice
817 1015 912 1076 redit
932 1025 965 1076 et
989 1015 1064 1076 abit
1087 1025 1202 1076 tamen

55 1122 631 1184 aestiuodiesinoodillinderem
646 1142 720 1184 meo
736 1125 979 1184 insiticiosum
997 1124 1202 1184 numeridie

56 1233 189 1293 uiuere
203 1249 271 1292 non
286 1229 442 1310 possum]
458 1233 577 1292 Aestivo
592 1234 650 1312 dte,
658 1235 688 1292 si
700 1250 759 1293 nora
770 1231 964 1307 defenderem
978 1249 1024 1292 me
1039 1235 1069 1291 in
1084 1238 1200 1291 aestuo-

56 1357 126 1400 sum
145 1342 311 1420 meridiem,
326 1342 427 1399 rivere
441 1356 501 1399 non
512 1356 629 1415 possem
644 1338 805 1418 lucundm,
820 1342 933 1400 aestivo
947 1341 1005 1414 alie,
1023 1341 1051 1397 si
1069 1356 1127 1398 aon
1146 1337 1203 1414 dis·

51 1450 207 1521 studerem
226 1463 290 1508 meo
309 1448 441 1507 insiticio
459 1462 561 1506 somno
575 1449 711 1520 meridie,
730 1449 831 1506 vivere
844 1464 904 1506 noa
915 1463 1032 1522 possem
1047 1444 1204 1527 Victorius,
1249 1472 1253 1480 ·

55 1552 111 1614 ubi
130 1556 286 1615 meridiem
305 1554 432 1613 oonieeit
451 1551 586 1632 Cuperus
604 1552 681 1632 apud
703 1551 875 1613 Gesnerum.
913 1570 968 1627 aaa
987 1554 1045 1626 lale,
1070 1554 1122 1611 abi
1139 1555 1203 1612 dies
1281 1540 1287 1549 ’

51 1664 176 1722 modice
190 1662 255 1721 aaa
268 1671 297 1722 et
311 1663 399 1734 redit,
414 1671 513 1722 tamen
533 1664 677 1721 aestivam
698 1664 776 1721 diem
793 1654 852 1742 (vel
867 1667 982 1721 aestate
995 1654 1087 1738 diem)
1102 1663 1131 1719 si
1143 1677 1202 1719 non
1311 1660 1314 1667 '

54 1767 253 1844 diffinderem
272 1786 336 1829 meo
360 1771 492 1829 insiticio
514 1786 617 1829 somno
640 1771 775 1842 meridie,
799 1771 900 1829 atsere
922 1784 982 1828 aon
998 1784 1115 1844 possem
1135 1784 1202 1825 oon-

56 1877 130 1935 ieoit
149 1874 283 1948 Ursinus
307 1879 452 1936 aestivam
471 1879 549 1936 diem
572 1879 600 1936 si
617 1894 677 1936 raom
697 1874 889 1952 dissimularem
908 1892 1010 1936 somno
1033 1877 1203 1935 meridiano

54 1981 77 2042 t
104 1981 137 2041 F.
161 1981 327 2043 Gronovius
355 1981 431 2062 apud
459 1981 690 2062 Schneiderum‚
718 1985 831 2043 aestivo
859 1985 938 2044 diem
964 1986 993 2042 si
1014 2001 1074 2043 non
1102 1981 1203 2058 diffin-

56 2092 164 2150 darem
182 2088 347 2150 Pontedera
371 2111 398 2170 p.
418 2086 470 2171 91,
494 2089 571 2169 quod
593 2089 793 2150 Schneiderus
817 2092 938 2170 recepit,
962 2093 1074 2151 aestivo
1098 2092 1156 2164 dle,
1177 2093 1205 2149 si
1235 2122 1240 2141 ι

55 2215 120 2257 mon
153 2194 345 2272 diffinderem
378 2215 445 2258 eum
473 2201 604 2258 insiticia
635 2215 737 2258 somno
770 2199 897 2257 meridie
926 2196 1075 2256 Usenerns
1109 2195 1203 2256 atrnal.

55 2302 160 2384 philol.
180 2323 203 2364 a.
223 2301 306 2366 1878
325 2322 352 2382 p.
369 2300 420 2365 80.
443 2305 678 2364 emendationem
694 2311 851 2381 corruptae
866 2305 1031 2382 scripturae
1046 2302 1203 2382 Victorius,

56 2429 148 2489 quem
173 2410 280 2490 reliqui
303 2397 397 2470 secuti
423 2421 505 2492 sunt,
534 2429 569 2471 ex
594 2413 630 2471 iis
655 2429 729 2490 quae
753 2410 789 2470 de
813 2410 915 2471 eadem
944 2412 1109 2489 rescripta
1134 2417 1204 2469 sunt

56 2518 99 2579 lll
123 2514 216 2601 2,15
247 2520 302 2579 abi
332 2526 447 2579 aestate
475 2522 553 2579 diem
586 2521 713 2579 meridie
745 2521 882 2579 dividere
912 2521 1023 2579 soleam
1051 2518 1203 2596 petiverat.

56 2630 173 2688 aestivo
195 2632 295 2685 autem
319 2643 377 2685 non
401 2624 499 2685 addito
519 2624 703 2686 substantivo
723 2627 841 2685 nomine
861 2625 972 2686 dietum
997 2642 1062 2684 esse
1083 2641 1140 2684 non
1159 2625 1203 2683 in·

56 2735 136 2814 veni,
160 2734 238 2793 sicut
261 2730 371 2792 dictum
396 2742 442 2792 est
464 2734 591 2794 lrlderno
610 2742 640 2792 et
659 2751 751 2794 verno
776 2743 805 2792 et
823 2731 877 2792 alia
898 2734 962 2791 eius
980 2734 1108 2811 generis,
1127 2749 1202 2809 qnae

56 2840 223 2919 Madvigius
242 2843 327 2920 epist.
347 2842 412 2900 erit.
432 2841 466 2900 ad
488 2838 575 2901 Orell.
595 2859 622 2920 p.
642 2837 686 2900 60
704 2841 822 2900 notarit.
846 2841 945 2918 itaque
965 2843 1106 2900 aestivam
1126 2840 1204 2898 diem

54 2951 175 3030 scripsi.

150 3053 170 3117 6
209 3057 295 3129 (laad
321 3059 417 3117 oleam
448 3055 623 3131 Venafrano
650 3054 790 3132 Ursinus,
816 3063 846 3112 et
869 3055 908 3113 ita
936 3055 1080 3131 scriptum
1105 3054 1203 3112 estin

56 3164 163 3227 codiee
186 3163 354 3223 Caesenate.

153 3268 170 3330 7
205 3273 423 3346 Ampeloessam
452 3270 481 3328 in
506 3268 666 3347 archetypo
695 3270 837 3345 seriptum
867 3266 922 3326 luit
950 3275 979 3325 et
1002 3266 1108 3326 deinde
1129 3270 1203 3342 poli·

54 3383 159 3457 piram
183 3376 228 3436 vel
249 3380 401 3454 polipiron
426 3375 523 3435 latinis
548 3374 668 3456 litteris,
692 3377 769 3434 sieut
792 3372 917 3452 plurima
942 3389 1055 3452 graeca,
1078 3390 1152 3450 quae
1174 3376 1202 3432 in

58 3485 287 3546 continuitatem
316 3482 397 3543 latiui
425 3483 572 3542 sermonis
599 3489 717 3560 recepta
747 3489 839 3540 erant.
882 3497 978 3558 neque
1008 3487 1106 3538 tamen
1135 3496 1204 3537 oon-

58 3601 145 3652 stans
173 3592 202 3651 in
231 3589 277 3651 his
305 3588 454 3650 vocabulis
484 3590 540 3649 luit
569 3588 612 3648 rel
640 3587 829 3648 librariorum
859 3587 903 3646 vel
931 3588 1024 3666 ipsius
1050 3586 1205 3664 scriptoris

56 3698 253 3761 consuetudo.

152 3807 242 3884 Ager
265 3804 419 3885 gallicus
443 3823 609 3865 romanus
630 3811 780 3865 uocatur
800 3804 858 3880 qni
885 3803 1023 3861 uiritim
1047 3819 1204 3861 cesarem

57 3913 261 3975 inundatus
284 3920 340 3972 est
364 3912 458 3973 ultra
478 3930 598 3992 agrurn
618 3908 831 3991 picentium]
854 3910 997 3968 Pirenam
1017 3907 1107 3966 editio
1127 3909 1204 3984 prin·

59 4039 134 4101 ceps
158 4018 336 4080 aPolitiano
361 4039 420 4079 non
439 4027 573 4079 correcta
598 4028 627 4079 et
651 4016 741 4078 codex
763 4015 917 4093 Caesenas,
940 4015 1011 4073 item
1036 4012 1113 4071 edita
1138 4022 1204 4071 ante

59 4128 225 4188 Victoriam
241 4127 427 4208 exemplaria,
438 4130 604 4203 picentium
620 4127 728 4204 optima
748 4121 914 4204 apographa
930 4129 959 4180 et
974 4138 1008 4179 ex
1023 4121 1088 4198 ipso
1104 4118 1204 4178 arohe-

58 4250 132 4317 typo
151 4234 308 4295 Victorius.
332 4237 445 4295 viritim
460 4234 672 4294 cesenaatibas
688 4235 776 4291 datas
796 4238 839 4289 est
854 4227 1001 4307 Angelius.
1029 4245 1128 4287 veram
1148 4227 1206 4286 leo·

59 4347 174 4404 tionem
196 4341 370 4402 aPolitiano
390 4343 538 4400 inventam
559 4342 675 4399 uiritim
693 4342 738 4398 cis
757 4337 924 4397 Ariminum
944 4338 1034 4396 datas
1052 4343 1096 4395 est
1110 4333 1204 4394 Victo·

59 4454 126 4513 rius
148 4450 286 4510 restituit.
314 4466 402 4527 prava
422 4445 583 4507 subtilitate
599 4464 672 4507 usus
689 4444 813 4504 Ursinus
833 4444 961 4503 coniecit
979 4460 1055 4517 aper
1073 4443 1207 4502 Gallicas
