2874 4994
332 348 463 403 RERVM
481 349 719 405 Rvsulcsnvu
737 350 805 406 LIB.
825 352 864 406 111
888 351 925 406 17
1141 345 1205 409 305

59 503 156 561 inertis
187 521 214 581 p.
244 499 308 563 190
335 504 381 563 ed.
406 502 563 564 Westerm.
590 499 627 564 ἐν
657 503 768 587 Λυδία
801 499 869 565 ἐστὶ
898 504 997 586 λίμνη
1026 499 1115 567 Τάλα
1144 501 1206 586 μὲν

57 603 260 688 καλουμένη,
284 602 358 690 lepis
382 603 420 671 dl
444 596 529 671 οὖσα
552 609 708 691 νυμφῶν,
731 600 752 690 ἢ
776 606 870 691 φέρει
893 605 1051 691 καλάμων
1077 610 1206 692 πλῆθος

17 760 21 764 ⁴
57 710 113 775 καὶ
138 711 240 794 μέσον
263 706 375 777 αὐτῶν
398 710 467 790 ἕνα,
493 706 534 777 ὃν
553 711 689 794 βασιλέα
709 711 1020 798 προσαγορεύουσιν
1039 716 1076 779 οί
1087 713 1204 799 ἐπιχω-

58 842 137 902 piot.
182 820 305 895 θυσίας
329 816 366 882 dl
388 817 443 882 καὶ
468 815 584 903 ἑορτὰς
608 820 833 896 ἐπιτελοῦντες
862 821 1051 898 ἐνιαυσίους
1080 818 1204 899 ἐξιλάσ-

57 948 183 989 κονται.
228 921 358 990 τούτων
385 923 422 989 δὲ
451 925 729 1009 ἐπιτελουμένων,
758 923 894 992 ἐπειδὰν
924 925 976 992 ἐπὶ
1004 931 1062 1012 τῆς
1090 923 1205 1010 ἠιόνος

58 1028 181 1108 κτύπος
204 1036 403 1116 συμφωνίας
426 1032 573 1116 γίνηται,
598 1030 718 1109 πάντες
741 1035 777 1098 ol
792 1031 934 1118 κάλαμοι
953 1031 1130 1119 χορεύουσι
1150 1031 1205 1098 καὶ

59 1132 77 1201 ὁ
102 1134 258 1221 βασιλεὺς
281 1138 347 1203 οὐν
371 1133 485 1215 αὐτοῖς
508 1137 657 1222 χορεύων
685 1144 903 1224 παραγίνεται
936 1139 988 1206 ἐπὶ
1012 1137 1074 1224 τὴν
1097 1136 1204 1224 ἠιόνα.

59 1248 174 1309 viderat
201 1256 298 1309 atatem
325 1249 397 1310 baec
420 1249 512 1310 Varro
537 1260 608 1323 tum,
632 1269 699 1310 cum
731 1250 844 1328 legatus
868 1252 1003 1331 Pompeii
1026 1254 1056 1312 in
1080 1252 1205 1330 piratico

59 1354 136 1414 bello
160 1374 185 1416 a.
209 1353 273 1417 687
299 1375 348 1416 eas
374 1357 508 1434 regiones
533 1355 639 1418 adibat.

148 1457 170 1522 b
202 1463 382 1523 Hortensius
411 1465 538 1534 Quintus
567 1461 635 1522 libri
659 1481 745 1525 manu
774 1466 890 1544 scripti,
925 1467 1052 1536 Quintus
1075 1466 1204 1526 Horten·

58 1571 122 1628 sius
146 1587 181 1627 ex
206 1568 308 1628 Aldina
334 1568 463 1628 editione
489 1578 641 1647 receptum
666 1580 719 1630 est.

148 1671 168 1734 6
202 1674 322 1753 Neque
355 1678 445 1736 satis
480 1685 557 1734 crat
590 1694 666 1736 eum
701 1695 767 1737 nou
796 1680 893 1756 pasci
922 1696 939 1738 o
966 1678 1139 1757 piscinis]
1170 1679 1202 1740 lu

60 1779 241 1859 discrepanti
264 1781 408 1841 librorum
437 1783 587 1861 scriptura
611 1801 670 1843 non
699 1784 770 1842 satis
794 1792 922 1864 constat,
953 1792 1054 1845 utrum
1074 1790 1203 1862 pascie

54 1890 184 1963 piscinis
206 1905 242 1947 an
264 1907 395 1964 pascere
414 1891 543 1963 piscinis
566 1891 596 1948 in
620 1889 782 1968 archetypo
807 1892 952 1968 scriptum
977 1891 1077 1952 luerit.
1115 1896 1206 1968 pasci

55 1997 183 2070 piscinis
206 1993 317 2055 Merula
342 2003 372 2053 et
395 1995 501 2055 deinde
528 1995 633 2072 reliqui
657 1995 801 2076 editores,
828 2002 918 2072 pasci
936 2000 1073 2072 piscibus
1097 1996 1202 2057 Ponte·

59 2099 130 2159 dera
159 2119 185 2178 p.
207 2098 270 2160 461
297 2103 432 2161 coniecit.
480 2119 582 2162 rerum
611 2121 677 2161 esse
707 2113 779 2181 puto
803 2108 895 2179 pasci
917 2123 934 2163 e
957 2081 1097 2179 piscinis,
1126 2103 1154 2162 b.
1178 2122 1203 2163 e.

59 2206 192 2285 piscibus
216 2210 267 2287 qui
290 2226 306 2267 e
332 2209 453 2286 piscinis
478 2212 588 2286 sumpti
612 2218 697 2269 erant
721 2211 809 2286 pasci.

149 2314 314 2376 llaiorem
339 2335 458 2376 carram
479 2316 550 2376 sibi
569 2314 735 2392 baberet]
757 2317 873 2377 Maiori
891 2335 987 2377 curae
1005 2318 1064 2375 sibi
1077 2318 1203 2377 baberet

57 2422 186 2481 coniecit
209 2421 343 2483 Ursinus.

148 2527 347 2588 Pisciculus
367 2529 523 2587 minutos
541 2527 763 2607 aggerebant
783 2529 995 2608 frequenter
1014 2532 1073 2608 qui
1094 2533 1204 2590 maio-

59 2633 161 2692 ribus
184 2629 478 2713 absumerentur]
510 2636 568 2706 (lui
590 2654 609 2694 a
628 2638 794 2696 maioribus
814 2638 1046 2697 absumerentur
1068 2655 1104 2696 ex
1123 2638 1202 2714 prin-

60 2741 126 2818 cipe
151 2739 280 2801 editione
306 2743 430 2821 restitui,
454 2748 487 2800 ut
511 2760 530 2800 o
553 2744 719 2802 moioribus
743 2725 976 2804 absumerentur
999 2741 1150 2803 lucendus
1174 2752 1203 2802 et

59 2844 167 2905 deinde
192 2847 298 2925 reliqui
322 2847 461 2907 editores

150 2950 168 3012 l
202 2952 508 3014 salsamentorum
533 2958 566 3014 in
592 2975 650 3015 eas
670 2957 828 3034 piscinas
847 2966 1003 3035 emptum
1023 2955 1204 3016 coiciebat

58 3077 136 3120 com
161 3077 254 3118 mare
280 3058 444 3119 turbaret
463 3079 500 3119 ao
524 3078 588 3138 per
613 3071 864 3140 tempestatem
889 3061 1074 3122 macellum
1095 3061 1202 3136 pisci·

59 3183 182 3225 riarum
206 3183 301 3224 mare
325 3163 516 3245 obsonium
537 3163 747 3242 praeberet]
776 3167 847 3224 Crem
871 3184 956 3226 mare
975 3167 1155 3225 turbaretur
1173 3174 1204 3224 et

58 3272 165 3333 deinde
183 3274 333 3347 piscinam
352 3279 384 3330 ut
403 3289 489 3330 more
507 3272 661 3330 obsonium
677 3272 842 3345 praeberet
860 3271 980 3330 Merula.
1018 3274 1201 3331 salsamenta

61 3382 92 3442 ia
117 3396 170 3439 eas
191 3381 327 3453 piscinas
351 3380 485 3452 emptitio
508 3378 703 3456 coniiciebot,
731 3393 798 3436 cum
826 3393 912 3437 mare
938 3378 1132 3448 turbaretur,
1159 3376 1206 3436 uti

58 3504 118 3561 per
142 3490 344 3560 tempestatem
367 3486 430 3542 suis
449 3484 585 3558 piscibus
609 3502 625 3542 e
649 3486 772 3543 macello
796 3487 983 3543 cetariorum
1010 3486 1057 3542 uti
1084 3486 1205 3542 emori

60 3593 216 3653 obsonium
232 3591 397 3666 praeberet
416 3587 575 3669 lucendus,
593 3592 805 3649 salsamentum
825 3592 856 3648 in
875 3608 928 3649 eas
943 3590 1081 3665 piscinas
1100 3592 1202 3664 empti·

65 3701 139 3757 tium
163 3705 193 3756 et
215 3701 262 3756 uti
275 3715 333 3772 per
352 3702 554 3771 tempestatem
573 3699 731 3755 macellum
746 3697 874 3770 piscinis
892 3702 926 3754 nt
943 3712 1030 3756 mare
1048 3698 1204 3756 obsonium

58 3804 225 3879 praeberet
258 3797 308 3860 ‘ex
342 3809 441 3861 vetere
475 3795 593 3861 codice’
622 3799 755 3863 Ursinus.
797 3798 1040 3877 interpolationes
1068 3801 1203 3879 lucundi,

62 3927 138 3988 queo
162 3927 198 3968 ex
217 3907 319 3967 Aldina
340 3907 468 3967 editione
493 3909 522 3966 in
542 3906 670 3985 reliquas
689 3916 864 3985 propagatae
884 3916 963 3980 sunt,
984 3926 1018 3965 ex
1038 3906 1197 3966 tlolrrmella

61 4011 391 4094 v11117,12peutae
420 4022 512 4073 erant
558 4012 598 4074 ibi
626 4014 705 4073 enim
734 4013 770 4073 de
797 4012 914 4091 pabulis
942 4014 1067 4090 piscium
1092 4016 1202 4091 scripta

60 4128 133 4181 sunt
156 4120 237 4200 baec,
261 4124 364 4197 itaque
383 4122 531 4198 praeberi
552 4123 692 4180 conuenit
715 4121 844 4180 tabentis
867 4122 1033 4185 halleculas
1055 4151 1091 4161 —
1114 4127 1143 4178 et
1166 4137 1204 4179 ne

56 4247 116 4305 per
133 4231 257 4302 sinpula
277 4245 456 4302 enumerem,
475 4230 725 4288 salsamentorum
744 4229 874 4287 cranium
890 4233 1104 4305 puramente,
1124 4243 1204 4299 quae

59 4338 249 4396 cetariorum
271 4333 402 4409 officinis
425 4340 616 4396 everruntur.
663 4351 750 4394 mano
774 4334 954 4413 scriptorum
974 4330 1120 4392 librorum
1142 4330 1202 4391 lec-

60 4444 176 4503 tionem
200 4442 328 4520 restitui,
351 4438 402 4499 sed
426 4457 525 4518 mure,
552 4438 632 4518 quod
656 4448 735 4514 post,
741 4443 933 4526 piscinarum
961 4437 1065 4497 vitiose
1094 4439 1203 4515 repeti-

116 4551 192 4590 vaaa.
208 4559 259 4590 nen
273 4559 341 4589 ινιτ.
368 4549 400 4588 11.
956 4542 991 4590 20
