2874 4994
259 93 275 117 ²
297 110 347 165 nn
366 110 456 167 nuru
475 110 648 166 evnuvnu
667 111 809 166 urenvu
828 111 856 168 e.
875 110 1048 168 146-149
1182 104 1245 169 159

85 268 180 338 qvod
205 268 541 341 admensus·non·‘erit‚
561 284 620 344 pro
644 285 679 328 eo
703 269 840 329 dominns
863 272 1004 330 resolvite
1027 269 1059 328 d.
1080 268 1246 329 Gronovius

76 373 164 450 apud
200 372 416 435 Schneiderum
444 373 636 436 scribendum
663 376 797 435 coniecit.
845 377 1025 455 transposito
1049 395 1075 435 v.
1099 379 1245 450 dominus,

70 480 167 557 qnod
197 483 363 561 posteriore
383 480 448 543 ioco
467 499 526 542 non
547 489 628 541 recto
648 483 779 561 positum
799 501 864 543 esse
884 490 1014 563 apparet,
1038 484 1146 562 scripsi
1165 486 1247 558 qnod

64 589 259 648 admensus
285 592 346 650 erit
371 591 522 663 dominns,
547 606 605 665 pro
630 607 664 649 eo
688 593 842 650 resolvite:
871 608 937 650 nam
962 592 1074 650 rectius
1098 590 1154 651 hoe
1178 609 1244 650 esso

57 703 173 775 puto,
204 712 290 773 quam
314 703 348 756 ut
370 695 468 756 deleto
492 694 596 755 eodem
620 697 740 756 nomine
764 695 878 775 legatur
896 699 979 772 quod
996 699 1157 758 admensus
1176 701 1245 778 erit,

51 816 109 875 pro
168 819 211 863 eo
233 805 383 863 resolvite.
421 810 489 862 ante
513 800 653 863 kalendas
673 800 824 862 lanuarias
847 804 957 880 primas
976 815 1045 881 post
1064 806 1244 883 emptionem

51 916 215 984 emptor
237 910 351 990 viuum,
379 910 423 969 sio
448 917 481 970 ut
504 927 593 988 supra
618 911 762 986 seriptum
788 917 865 989 erat,
892 909 1082 988 degustatum
1107 914 1242 991 accipere

48 1010 195 1077 debet
238 1017 265 1075 si
292 1024 360 1076 ante
389 1034 453 1076 eam
480 1015 557 1076 diem
582 1034 641 1076 non
665 1016 827 1097 acceperit,
855 1015 994 1077 dominus
1017 1020 1118 1078 vinum
1143 1020 1170 1078 ei
1194 1019 1242 1078 ad-

46 1121 244 1201 metietur,
268 1130 385 1201 emptor
407 1141 462 1203 pro
485 1141 520 1183 eo
546 1124 621 1202 vino,
646 1122 724 1201 quod
748 1121 886 1183 dominus
905 1123 1064 1185 admensus
1084 1128 1149 1205 erit,
1174 1143 1240 1203 pre-

45 1228 160 1288 tium
197 1229 310 1290 solvere
333 1228 432 1291 debet.

187 1335 338 1399 CXLle
359 1335 431 1407 Oua
451 1335 528 1415 lege
549 1335 919 1414 pabulumbibernum
934 1339 1244 1418 uenireoporteat

47 1456 141 1520 qua
188 1443 320 1505 nendes
345 1445 433 1505 linis
457 1441 585 1520 dicito]
609 1444 675 1504 Lex
694 1445 808 1519 pabulo
832 1443 911 1504 tituli
934 1443 1000 1504 loco
1024 1448 1242 1525 praescriptum

48 1553 136 1608 erat
184 1553 213 1611 iu
236 1550 406 1632 archetypo,
431 1551 497 1611 Len
516 1552 630 1627 pabulo
653 1554 782 1611 iocunde
805 1552 836 1610 in
860 1549 958 1611 indice
977 1552 1185 1631 capitulorum.
1199 1587 1242 1600 ‘-

52 1654 158 1717 Fini
186 1657 375 1719 scribendum
394 1675 460 1718 esse
475 1655 635 1718 Turnebus
654 1656 768 1716 advers
788 1654 892 1735 10,18
913 1658 1066 1740 intellexit,
1086 1660 1137 1720 sed
1153 1679 1242 1739 prava

56 1762 343 1845 interpretatione
367 1765 402 1825 ad
426 1773 545 1842 tempus
569 1762 746 1823 venditionis
766 1763 794 1824 id
816 1764 940 1843 rettulit,
964 1760 1036 1841 ‘qun
1052 1770 1112 1839 fini
1129 1770 1242 1828 vendas

58 1868 202 1945 die-ito,
225 1872 304 1951 quod
330 1880 377 1933 est
400 1888 570 1952 qrrousque,
594 1869 629 1929 ad
654 1869 733 1948 quod
759 1888 853 1949 usque
878 1867 1016 1950 tempus',
1041 1873 1119 1951 quod
1144 1891 1240 1952 nuper

61 1967 248 2040 Bekkerus
271 1979 288 2040 l.
314 1998 339 2040 o.
366 1999 394 2059 p.
418 1975 484 2040 433
513 1976 653 2037 defendit.
700 1985 781 2037 recte
810 1976 1012 2038 Schneiderus
1039 1998 1101 2054 qun
1129 1983 1241 2041 nendos

60 2081 131 2151 fidi
167 2089 260 2149 dicito
280 2085 362 2146 dedit
380 2093 410 2145 et
428 2085 573 2145 terminos
592 2092 756 2163 pratorum,
775 2083 810 2143 ad
830 2101 906 2161 quos
924 2084 1052 2145 venditio
1066 2088 1239 2167 pertineret,

63 2201 138 2246 non
184 2203 312 2273 tempus,
336 2192 395 2252 dici
419 2191 546 2252 monuit:
577 2192 694 2250 termini
718 2191 797 2250 enim
823 2199 945 2269 propter
969 2201 1051 2270 prata
1075 2195 1239 2254 vicinorum

10 2346 12 2353 .
64 2288 254 2359 definiendi
283 2308 361 2360 sunt.
407 2298 508 2358 eadem
539 2298 714 2376 significatio
743 2298 841 2357 estin
866 2296 989 2376 reliquis
1013 2301 1078 2359 eius
1102 2300 1240 2361 dictionis

10 2382 15 2453 l
64 2405 249 2487 exemptis,
273 2425 349 2485 quae
373 2425 398 2466 e.
417 2402 505 2484 21,3
530 2404 664 2464 indicavi.

14 2512 17 2517 '
183 2511 351 2573 Pabulum
384 2513 457 2572 frui
489 2512 647 2588 occipito
680 2529 720 2570 ex
748 2509 818 2570 llal.
851 2509 1134 2590 septembribus]
1164 2516 1242 2575 Frui

10 2608 14 2683 l
61 2619 221 2694 occipito
244 2638 312 2680 eum
337 2617 514 2698 apographis
537 2627 568 2677 et
590 2617 720 2677 editione
746 2616 867 2678 Victorii
891 2616 1063 2699 Pontianus,
1088 2637 1145 2678 non
1167 2624 1242 2693 lieri

61 2727 233 2806 accipito,
253 2736 285 2787 ut
305 2726 456 2786 Gesnerus
475 2725 632 2785 adnotavit.
666 2726 812 2801 pabulum
827 2727 888 2796 lini
905 2728 1036 2801 occipito
1056 2735 1123 2812 ante
1144 2725 1238 2787 Victo·

60 2822 174 2891 rltlm
199 2835 254 2895 luit
281 2835 313 2894 in
342 2830 531 2894 editionibus.
573 2830 668 2907 fruor
695 2839 848 2909 praeterea
877 2833 907 2890 in
935 2829 1011 2890 libro
1035 2832 1155 2892 Catonis
1179 2852 1238 2894 non

61 2929 210 3020 legitur,
234 2940 285 3001 sed
310 2949 381 3002 utor
403 2948 434 3001 et
456 2957 524 3000 eum
548 2939 716 2997 accusativo
740 2956 810 2997 casu
834 2947 865 2997 et
887 2956 954 2998 oum
975 2936 1100 2996 ablativo
1120 2942 1237 3017 saepius

62 3043 96 3098 el
132 3042 179 3105 in
200 3050 331 3108 oratione
356 3047 477 3107 Catonis
500 3044 578 3125 apud
602 3044 728 3105 Gellium
748 3042 816 3104 Xlll
834 3041 919 3124 24,1
944 3062 1032 3104 snum
1055 3048 1166 3119 ornique
1181 3065 1239 3122 per

64 3159 128 3204 me
168 3157 209 3213 uti
230 3163 321 3230 etque
340 3152 411 3229 frui
432 3156 509 3215 lieet.

184 3257 285 3321 Prato
307 3263 406 3322 sicco
430 3259 581 3320 decedat
599 3258 660 3319 ubi
681 3261 783 3338 pirus
802 3257 936 3318 llorere
955 3259 1118 3337 coeperit
1138 3267 1239 3336 prato

70 3358 235 3442 inriguo
259 3365 321 3427 ubi
344 3384 453 3445 super
475 3365 642 3444 inlerque
668 3366 808 3426 vicinus
832 3366 1021 3443 promittet
1044 3373 1116 3425 tum
1136 3365 1239 3426 ‹leoe-

78 3461 174 3527 d'tto
198 3471 253 3533 uel
276 3473 367 3533 diem
392 3482 525 3533 certam
549 3474 695 3551 utrique
719 3470 842 3548 laoito]
867 3474 972 3545 Piros,
1000 3471 1079 3550 quod
1104 3473 1133 3531 in
1158 3474 1239 3550 prin·

83 3569 165 3646 cipe
181 3580 307 3641 editione
321 3579 485 3641 Politianus
505 3597 563 3639 non
584 3581 716 3659 mutavit,
736 3598 771 3639 ex
790 3596 878 3639 manu
896 3579 1015 3655 seriptis
1031 3577 1114 3638 libris
1129 3579 1241 3640 babent

89 3675 237 3748 Caesones
261 3697 291 3748 et
310 3686 501 3748 Florentinus
521 3687 540 3767 l,
560 3690 649 3763 prinas
672 3687 695 3746 d
716 3685 735 3745 b
759 3704 786 3745 m
807 3693 837 3745 et
857 3683 984 3745 secunda
1005 3684 1095 3744 editio
1117 3685 1240 3746 Victorii

93 3791 247 3856 manifesto
267 3813 371 3856 errore
390 3794 553 3855 editorum:
572 3811 639 3853 nem
655 3796 745 3870 pirus
763 3793 827 3871 ipse
841 3790 989 3851 Victorius
1009 3790 1139 3869 dederat,
1158 3792 1237 3868 quod

10 3892 20 3903 ’
98 3886 242 3963 Gesnerus
269 3903 411 3963 restituit
457 3900 559 3961 eadem
587 3901 672 3960 verni
700 3901 843 3977 temporis
872 3898 1042 3958 definitione
1066 3895 1137 3956 Cato
1164 3914 1237 3957 usus

103 4001 147 4055 0⁸²
166 4020 188 4063 t.
204 4003 264 4069 131
287 4011 358 4084 pire
377 4009 510 4083 florente
528 4009 636 4083 dapem
652 4023 711 4082 pro
730 4006 826 4066 dubus
841 4003 949 4080 facito,
972 4006 1044 4065 item
1063 4002 1154 4064 Varro
1175 4023 1197 4064 r.
1214 4023 1236 4064 r.

106 4096 212 4189 l3l,5
233 4115 271 4175 de
295 4116 389 4194 pratis
407 4121 442 4176 nt
459 4112 667 4188 defenduntur
685 4131 705 4172 o
721 4115 868 4189 pastione,
892 4114 974 4187 qnod
987 4110 1058 4187 sere
1076 4114 1239 4173 observent

111 4219 209 4287 “tiro
231 4225 372 4300 florente.
397 4253 435 4264 —
457 4223 612 4298 permittet
635 4219 746 4280 Merula
774 4229 804 4281 et
831 4218 938 4279 deiude
967 4216 1072 4298 reliqui
1098 4219 1236 4279 editores.
