2874 4994
281 319 330 373 DE
350 316 439 374 AGRI
458 319 631 374 CVLTVRA
650 320 839 383 LIBRVMC.
856 321 983 378 54-57
1165 316 1207 379 93

57 493 190 536 annum
219 494 296 537 eum
324 477 539 555 compeditis
566 478 619 536 nti
643 477 819 556 quidquid
843 481 964 556 operis
988 478 1123 537 iacient
1145 496 1208 556 pro

56 585 229 661 portione
262 582 396 661 addito]
435 585 565 659 Congius
597 588 730 660 quinque
757 585 850 645 codex
878 584 1029 644 Medieeus
1056 603 1086 644 m
1114 594 1144 645 et
1172 604 1207 645 er

58 689 223 769 archetypo
248 680 422 772 Politianus,
446 694 570 766 congios
594 695 726 766 quinque
749 690 862 771 reliqua
886 690 1061 770 apographa.
1108 710 1208 754 mense

57 805 172 872 quarto
194 799 345 858 heminam
370 801 400 857 in
424 801 489 858 dies
513 799 537 871 I,
562 801 593 859 in
617 816 716 860 mane
740 802 864 873 conpias
884 807 953 857 tres.
984 817 1084 859 maresa
1103 804 1206 874 quinta

56 913 146 965 sexto
174 908 297 980 septimo
325 912 354 965 et
381 912 487 965 octaua
512 909 542 964 in
567 908 631 966 dies
653 909 823 966 sextarium
846 906 877 978 I,
906 909 938 965 in
961 923 1062 965 mense
1085 910 1207 980 conatos

58 1015 203 1087 quinque.
240 1029 317 1073 nono
347 1013 464 1072 decimo
492 1014 650 1072 undecimo
676 1019 706 1072 el
728 988 905 1073 duodecimo
930 1016 961 1071 in
985 1015 1049 1073 dies
1072 1014 1207 1073 heminas

58 1126 180 1192 ternas,
209 1120 243 1178 id
270 1127 314 1179 ast
343 1121 519 1195 amphoram
548 1122 580 1179 in
607 1137 715 1180 mense.
762 1121 819 1180 lraa
848 1123 976 1196 amplius
998 1122 1207 1179 saturnalibus

59 1232 91 1285 et
125 1227 335 1302 compitalibus
368 1228 399 1286 in
431 1229 564 1301 sinpulos
596 1228 730 1286 homines
762 1230 894 1301 congios.
939 1244 1055 1287 summa
1085 1230 1149 1286 uini
1175 1229 1206 1286 in

58 1335 195 1392 homiues
226 1335 361 1406 sinpalos
389 1335 472 1392 intra
499 1351 613 1392 annum
641 1336 861 1407 quadrantalia
893 1333 976 1391 VIII.
1031 1336 1206 1410 compeditis

58 1448 164 1500 autem
187 1448 219 1499 nt
242 1442 390 1515 quicquid
411 1443 511 1514 aperis
532 1437 652 1514 sacient
671 1459 729 1516 pro
749 1445 890 1517 portiana
914 1443 1018 1500 addito
1046 1438 1205 1499 Iucundos.

58 1537 215 1626 archetypi
246 1546 404 1608 lectionem
439 1545 587 1608 Victorius
620 1546 762 1608 exhihuit.
813 1549 844 1607 in
877 1548 931 1607 hac
964 1565 999 1606 er
1034 1549 1206 1607 coniectura

58 1652 187 1714 iocundi
211 1657 389 1716 duodecimo
412 1653 512 1714 addidi
535 1663 565 1714 et
588 1654 694 1714 deinde
718 1659 749 1715 iu
773 1673 873 1716 mense
895 1657 1072 1730 amphoram
1091 1655 1206 1732 scripsi.

59 1760 116 1820 sed
136 1771 298 1840 praeterea,
323 1771 357 1822 ut
375 1764 450 1821 ratio
471 1779 664 1822 numerorum
683 1769 765 1821 recte
784 1770 943 1842 constaret,
968 1760 1120 1820 addendos
1144 1768 1207 1820 erat

58 1885 207 1928 numerus
226 1871 408 1949 congiorum,
427 1871 479 1946 qui
499 1867 705 1928 Saturnalibus
724 1877 754 1928 et
774 1866 986 1947 Compitalibus
1005 1867 1113 1927 dantur
1132 1869 1210 1927 IIIS

59 1985 90 2034 et
121 1977 152 2035 in
179 1992 294 2034 summa
324 1976 382 2034 vini
408 1975 511 2054 annui,
540 1973 590 2035 uhi
618 1976 766 2053 scriptura
793 1973 938 2034 librorum
963 1975 1118 2035 manifesto
1143 1993 1206 2034 eor·

57 2090 151 2159 rupta
174 2090 233 2161 est,
260 2099 320 2142 non
343 2085 563 2156 quadrantalia
595 2081 683 2154 VIII,
712 2081 790 2160 quod
819 2079 970 2141 iucundus
993 2082 1123 2161 dederat,
1153 2081 1205 2141 sed

56 2208 86 2264 q.
106 2189 169 2249 VII
187 2207 242 2268 pro
266 2189 403 2268 eoquod
428 2191 459 2248 in
483 2187 642 2267 archetypo
667 2190 811 2266 scripturn
835 2197 899 2248 erat
923 2207 991 2248 eum
1016 2189 1205 2249 scribendum

59 2305 137 2375 erat,
161 2314 248 2375 nona,
272 2299 397 2375 decima,
421 2299 589 2374 undecimo,
608 2298 784 2356 duodecimo
804 2298 835 2354 iu
855 2298 919 2354 dies
938 2297 1073 2356 heminas
1092 2304 1205 2376 ternae,

58 2406 94 2463 id
123 2412 168 2464 est
195 2406 227 2463 in
255 2421 354 2463 mense
378 2405 569 2478 ampltoram:
599 2405 656 2462 hac
679 2405 807 2478 amplius
830 2402 1046 2461 Saturnalibus
1069 2410 1099 2462 et
1125 2404 1205 2463 Cant-

55 2511 206 2586 pitalibus
235 2513 266 2570 iu
296 2512 430 2584 stapulas
454 2511 586 2570 domines
610 2513 732 2583 conatos
757 2510 845 2569 IIIS:
876 2527 991 2570 summa
1015 2512 1078 2569 vini
1100 2513 1130 2569 in
1153 2512 1205 2569 luo·

57 2619 157 2676 mines
179 2619 313 2691 singulas
332 2615 440 2688 (11111.
485 2634 551 2674 narn
576 2615 612 2675 de
635 2618 703 2674 vino
723 2615 847 2676 familiae
867 2615 963 2675 dando
981 2617 1205 2695 praecipiuntur

59 2723 145 2783 haec.
187 2722 284 2783 trihus
307 2721 460 2783 mensibus
483 2731 550 2800 post
574 2721 750 2781 vindemiam
773 2724 874 2782 vinum
893 2724 1012 2782 omnino
1032 2740 1090 2781 non
1110 2721 1205 2803 datur,

57 2831 133 2890 dum
156 2829 248 2890 loram
272 2828 381 2889 hibunt
403 2830 495 2908 servi,
523 2828 559 2888 de
584 2847 641 2907 quo
665 2847 691 2888 e.
705 2826 748 2889 25
771 2828 883 2889 dictum
912 2837 958 2889 est
985 2832 1044 2890 erit
1066 2833 1134 2889 lora
1154 2829 1204 2905 sa-

57 2941 164 2998 miliae
196 2940 278 3012 quod
308 2938 399 2997 eluat.
445 2935 551 2995 deinde
585 2954 638 3015 per
668 2954 771 2995 novem
801 2954 917 2996 menses
945 2935 1076 3014 reliquos
1105 2939 1203 2996 vinnm

59 3044 223 3123 praebetur
248 3047 296 3122 ita,
320 3053 353 3105 ut
372 3052 478 3121 quarto
497 3061 598 3102 mense
617 3045 716 3121 congii
735 3043 792 3103 duo
813 3053 842 3103 et
861 3042 1009 3122 dimidiae,
1033 3042 1059 3101 lr.
1080 3062 1104 3102 e.
1125 3042 1204 3102 XXX

58 3151 207 3231 heminae,
227 3148 352 3228 singulis
367 3148 537 3209 hominibus
552 3149 669 3222 dentur,
688 3148 882 3228 sequentihus
898 3157 1037 3227 quattuor
1053 3151 1204 3211 mensibus

59 3260 161 3336 congii
185 3260 317 3336 quinque
342 3256 387 3316 vel
411 3256 545 3316 heminae
569 3259 718 3334 sexaginta
742 3258 772 3315 in
796 3274 911 3334 mense,
937 3255 965 3315 h.
985 3274 1010 3316 e.
1034 3255 1130 3316 CCXL
1155 3259 1204 3317 lte-

58 3367 167 3443 minae,
194 3363 317 3442 reliquis
337 3372 477 3442 quattuor
497 3363 649 3424 mensibus
668 3362 808 3440 amphora
828 3361 872 3421 vel
892 3361 1026 3422 heminae
1047 3366 1204 3439 nonaginta

57 3475 91 3532 in
115 3489 226 3550 mense,
251 3471 277 3529 h.
297 3489 322 3529 e.
346 3468 466 3540 CCCLX
489 3469 633 3529 heminae.
664 3469 699 3529 ad
724 3468 796 3528 haec
821 3471 845 3527 si
870 3469 954 3528 lestis
978 3447 1082 3528 (lie'iius
1106 3473 1204 3547 congii

58 3589 123 3639 tres
152 3588 182 3638 et
209 3576 349 3637 dimidios
380 3575 425 3636 vel
453 3577 587 3636 heminae
611 3574 689 3635 XLll
716 3575 874 3655 accedunt,
905 3593 1046 3645 numeros
1075 3576 1204 3636 efficitur

56 3687 246 3746 heminarum
270 3683 433 3764 DCLXXll,
456 3703 531 3763 quae
555 3702 608 3762 per
632 3701 741 3743 annum
760 3682 885 3760 singulis
904 3682 1072 3743 hominihus
1092 3683 1203 3744 dandae

58 3802 140 3873 sunt,
164 3793 192 3853 h.
211 3811 236 3852 e.
261 3790 462 3868 quadrantalia
486 3800 609 3870 septem,
633 3808 699 3850 nam
724 3792 881 3867 nonaginta
906 3808 957 3848 sex
980 3790 1114 3852 heminae
1134 3810 1204 3868 qua-

56 3899 188 3962 drantali
211 3919 226 3959 a
250 3898 360 3960 Catone
385 3898 566 3976 tribuuntur,
590 3915 648 3956 non
673 3900 840 3976 nonaginta,
864 3914 938 3975 qnae
963 3916 1052 3974 strpra
1076 3898 1204 3957 tributae
1260 3951 1263 3956 ί

56 4019 146 4069 erant
174 4007 340 4085 amphorae.
394 4005 564 4084 amphoram
598 4006 676 4064 enim
710 4006 774 4064 sine
807 4012 888 4063 certa
920 4021 1076 4062 mensurae
1114 4007 1203 4080 signi·

56 4117 197 4176 linatione
221 4113 295 4173 dixit
318 4131 386 4173 vasa
409 4111 517 4172 olearia
541 4121 571 4171 et
594 4114 704 4171 vinaria
732 4109 780 4190 10,
802 4108 832 4170 2.
857 4107 906 4189 11,
927 4106 955 4168 2.
982 4109 1031 4189 13,
1050 4107 1078 4169 2.
1103 4107 1153 4189 88,
1176 4109 1202 4170 1.

59 4220 138 4302 105,
158 4219 188 4283 2.
219 4217 295 4299 113,
314 4218 343 4280 2.
374 4216 500 4297 115,1.
531 4216 603 4278 120.
635 4215 748 4299 127,1
779 4227 808 4276 et
837 4234 893 4276 nna
922 4233 989 4275 enm
1018 4233 1091 4276 urna
1115 4235 1139 4276 o.
1159 4214 1201 4276 36

54 4336 177 4392 circum
206 4330 310 4402 cupita
338 4331 457 4387 maiora
482 4328 658 4402 amphoras,
687 4327 729 4384 ad
751 4327 870 4383 minora
895 4341 989 4414 urnas
1012 4341 1080 4383 cum
1104 4342 1203 4397 aquae

55 4441 184 4501 dimidio
218 4436 331 4495 addito.
382 4433 434 4495 ubi
465 4444 578 4495 certam
609 4450 781 4494 mensuram
813 4430 943 4491 indicare
971 4429 1098 4512 volebat,
1132 4449 1202 4509 qoa-
