2874 4994
384 336 515 392 nutavit
534 336 778 396 Rvsutcauvu
795 340 863 398 LIB.
883 342 909 397 11
930 341 946 398 1
1176 333 1238 400 133
1261 409 1265 416 ι

180 492 334 569 Epirotici
351 496 505 571 pecuaria
523 495 635 556 thielae
659 494 715 556 luit
737 497 768 556 in
793 496 966 578 archetypo,
983 497 1069 558 cuius
1088 498 1238 577 scriptura

120 607 189 670 suo
212 616 228 658 a
248 596 392 660 Politiano
415 618 512 679 neque
536 618 552 660 a
573 598 702 662 Victoria
725 611 862 663 accurate
881 601 1010 664 indicata
1034 612 1108 666 erat.
1137 607 1236 682 epiro·

120 700 140 758 ²5
164 710 319 783 pecuaria
342 710 436 770 thieto
460 707 552 769 codex
577 706 780 788 Florentinus,
803 712 946 787 epirotici
969 713 1121 786 pecuaria
1145 713 1237 773 thiete

120 817 244 874 laenas.
290 817 433 892 epirotiai
449 818 596 893 pecuarii
617 817 749 877 athletae
772 813 921 877 Victorius
953 814 1068 877 collatis
1095 818 1133 877 iis
1160 835 1236 896 quae

120 904 179 1000 li,
199 916 240 982 18
264 923 374 1001 scripta
397 931 469 982 sunt
496 925 627 984 athletae
655 925 854 984 comitiorum.
900 921 937 983 ad
965 921 1072 984 borum
1100 923 1234 986 similitu·

120 1019 189 1085 ¹inem
209 1029 381 1103 pecuariae
404 1030 535 1089 athletae
558 1029 674 1107 scripsi.
705 1022 779 1089 'nam
804 1030 959 1109 genetivus
982 1031 1012 1090 in
1039 1017 1094 1091 bac
1117 1047 1234 1110 compo-

120 1129 196 1193 ltione
223 1131 379 1195 verborum
404 1133 508 1195 deesse
532 1152 591 1195 non
615 1142 740 1213 poterat.
1185 1202 1187 1213 Α

178 1237 198 1302 3
231 1243 268 1303 la
293 1243 414 1303 ltaliam
438 1244 535 1302 omnia
559 1241 738 1325 apographa,
766 1245 798 1304 ia
822 1244 915 1305 ltalia
938 1241 1068 1325 Merula,
1092 1245 1171 1324 quod
1203 1247 1234 1307 in

120 1349 222 1428 'incipe
246 1349 376 1411 editione
400 1349 562 1420 Politianns
585 1369 644 1411 non
668 1352 806 1412 correxit.

177 1455 219 1518 Et
242 1456 403 1518 homines
426 1464 461 1518 et
483 1475 572 1538 pecu
596 1476 672 1520 cum
696 1476 836 1537 semper
859 1458 973 1519 luisse
997 1459 1044 1519 sit
1067 1461 1231 1540 necesse]

120 1581 172 1625 acu
195 1562 359 1625 Politianus
383 1563 540 1646 adnotavit,
559 1568 653 1643 pecd’
672 1566 704 1648 d,
723 1567 858 1643 pecudes
876 1583 914 1648 m,
933 1584 1030 1643 pecus
1056 1568 1148 1630 codex
1168 1567 1233 1631 Flo-

120 1671 231 1732 ntinus.
273 1688 420 1748 pecorum
457 1690 575 1749 semper
610 1672 776 1752 apographa
809 1670 958 1733 Italorum.
1000 1691 1116 1755 pecua,
1150 1676 1229 1756 quod

120 1778 223 1857 tiquos
247 1776 339 1839 libros
363 1777 472 1840 babere
497 1778 644 1841 Victorius
672 1777 833 1860 adnotavit,
856 1780 887 1841 in
915 1777 1068 1842 codicibus
1097 1800 1156 1843 uon
1184 1785 1229 1844 in-

120 1886 159 1946 ni.
201 1904 282 1962 pecu
312 1889 514 1967 superscripta
538 1889 560 1948 d
591 1885 688 1947 littera
716 1896 900 1968 correctum,
926 1895 959 1949 ut
982 1895 1061 1949 esset
1085 1893 1229 1966 pecudes,

135 1991 299 2072 archetypo
323 1991 414 2054 luisse
437 1992 564 2054 videtur.
606 2011 708 2054 rerum
731 2002 831 2055 autem
853 1993 930 2054 baud
954 1993 1044 2055 dvtbie
1069 2005 1115 2057 est
1134 2016 1228 2075 pecu·

120 2119 144 2171 s,
165 2099 243 2178 quod
263 2098 414 2161 Iucundus
437 2099 538 2160 edidit.
576 2119 643 2160 nam
663 2118 743 2178 pecu
767 2099 813 2160 vel
832 2118 934 2177 pecua
953 2099 1045 2162 Varro
1069 2120 1128 2164 non
1147 2103 1229 2186 dixit,

120 2204 131 2264 l
157 2224 253 2283 pecus
279 2213 385 2267 neutro
408 2224 518 2286 genere
542 2206 686 2287 singulari
709 2225 832 2268 numero
861 2225 963 2290 saepe,
987 2227 1083 2285 pecus
1108 2216 1230 2288 pecoris

120 2317 192 2374 cori
221 2331 348 2391 pecore,
382 2331 441 2393 quo
474 2316 645 2374 universum
678 2330 773 2393 genus
810 2313 1007 2396 significatur,
1040 2315 1085 2377 bis
1122 2316 1230 2397 plurali

122 2437 209 2480 mero
229 2437 376 2497 pecorum
405 2418 504 2480 addito
534 2421 653 2481 nomine
677 2419 811 2480 eiusdem
834 2421 953 2481 numeri
974 2418 987 2480 1
1007 2419 1036 2502 2,
1055 2419 1096 2485 21
1118 2443 1230 2501 propes

120 2544 226 2589 corum
255 2535 285 2587 et
308 2525 383 2608 117,
404 2524 444 2590 16
473 2529 585 2590 medici
606 2544 763 2604 pecorum.
808 2526 949 2588 feminino
977 2505 1086 2607 genere
1114 2531 1228 2611 singola

120 2633 219 2695 imalia
243 2632 429 2714 appellantur
452 2633 560 2714 plurali
583 2651 708 2695 numero
732 2651 829 2715 mapa,
848 2636 983 2712 pecuales
1001 2639 1154 2712 pecudum
1174 2657 1227 2715 pe·

120 2744 220 2817 dibus,
240 2741 382 2821 singulari
407 2759 531 2803 numero
556 2750 602 2803 ter
625 2741 723 2803 addito
747 2741 922 2820 pronomine
941 2744 1076 2825 quisque,
1097 2740 1227 2826 111,13

120 2867 175 2911 ¹am
198 2867 348 2925 quamque
367 2853 528 2926 pecudem,
552 2849 591 2910 ib.
613 2846 654 2911 14
677 2852 768 2911 unius
790 2850 938 2924 cuiusque
956 2832 1098 2924 pecuda,
1126 2848 1164 2912 ib.
1187 2847 1227 2914 15

119 2975 232 3032 amque
250 2961 409 3034 pecudem,
431 2976 505 3038 quae
530 2976 588 3018 non
612 2955 727 3017 diversa
752 2963 822 3015 sunt
840 2953 877 3014 ab
895 2972 931 3015 eo
950 2955 1029 3033 quod
1054 2955 1163 3018 ibidem
1185 2956 1225 3020 17

120 3068 225 3144 riptum
250 3073 296 3125 est
314 3083 452 3140 quaeque
471 3068 633 3142 pecudum,
653 3061 745 3123 semel
763 3078 817 3140 per
843 3078 875 3120 se
894 3059 989 3121 solum
1010 3062 1111 3124 eadem
1136 3066 1225 3143 signi·

120 3175 217 3233 atione
242 3169 378 3252 1111‚2
399 3175 488 3246 firmo
512 3173 581 3232 cido
601 3172 721 3248 pecude
739 3177 840 3247 pasta.

171 3276 193 3340 4
225 3279 271 3338 Ex
305 3278 367 3339 bac
401 3280 473 3339 uita
506 3281 539 3338 in
578 3276 772 3338 secundam
804 3274 1037 3337 descendisse
1071 3281 1224 3362 pastori·

120 3405 169 3447 am
194 3405 209 3445 e
234 3386 323 3446 ieris
345 3386 459 3464 adque
479 3384 689 3463 agrestibus
712 3393 751 3445 ut
774 3381 967 3445 arboribus
990 3401 1028 3444 ac
1053 3385 1224 3462 uirgultis

137 3490 364 3571 decarpenda
384 3492 544 3570 glandem
564 3491 749 3552 arbustum
770 3507 863 3551 mora
883 3507 982 3570 poma
1006 3489 1225 3571 colligerent

153 3617 254 3660 irsvvm
287 3600 338 3659 sic
371 3617 411 3659 ex
444 3597 673 3677 animalibus]
698 3599 738 3660 Et
760 3616 801 3661 ecc
822 3599 883 3660 hac
909 3600 971 3658 cita
999 3601 1031 3659 ia
1058 3602 1224 3661 secundam

120 3709 273 3768 scendissc
292 3710 485 3784 pastoritiam
504 3706 615 3785 eteris
638 3714 730 3783 atque
748 3707 928 3782 agrestibus,
948 3712 982 3766 ut
1003 3724 1042 3768 eu
1061 3708 1224 3768 arboribus

136 3817 281 3889 uirgultis
300 3816 491 3892 decerpenda
507 3817 649 3890 glandem
667 3815 809 3876 arhutum
826 3831 912 3874 mora
931 3830 1083 3890 pomaque
1101 3818 1222 3890 collige·

120 3929 150 3982 ut
173 3923 400 3996 otiosumne
423 3941 463 3983 eac
486 3924 670 3983 animalibus
691 3919 852 3982 lucundtts.
898 3917 939 3979 ibi
963 3915 983 3980 l.
1002 3917 1032 3978 F.
1057 3918 1223 3980 Gronovius

119 4029 158 4089 nd
188 4026 344 4088 Graevium
372 4026 439 4090 lect.
463 4027 581 4089 Hesiod.
605 4048 633 4108 p.
656 4026 694 4089 tt
719 4031 906 4102 cotteperant
933 4023 1123 4086 scribendum
1153 4045 1221 4087 con·

120 4138 149 4197 :it
177 4134 232 4196 bac
260 4133 355 4195 addita
384 4135 641 4216 interpretatione,
671 4129 768 4217 ‘cum,
797 4141 830 4194 ut
858 4151 892 4194 ex
923 4131 1080 4194 arboribus
1108 4141 1138 4194 et
1166 4136 1221 4195 vir·

120 4244 171 4305 ltis
196 4242 382 4323 decerpendo
406 4242 540 4322 glandem
565 4242 703 4303 arbutum
727 4259 808 4301 mora
833 4258 977 4320 pomaque
1001 4243 1031 4301 in
1053 4258 1140 4302 usum
1163 4240 1221 4303 col·

120 4369 171 4411 ere
205 4359 420 4411 consueverant
453 4349 590 4430 antebac,
617 4351 660 4410 sic
692 4368 728 4410 ex
761 4347 936 4409 animalibus
968 4348 1113 4409 silvestria
1146 4365 1222 4428 quae

120 4466 202 4518 ssent
235 4450 400 4538 caperent',
432 4456 510 4537 quod
544 4456 694 4517 Gesnerus
725 4465 767 4538 et,
789 4454 989 4516 Scbneidetus
1021 4454 1222 4535 probaverunt
