2874 4994
341 329 473 384 RERVM
490 329 732 387 RVSTIGARVM
749 332 816 388 LIB.
836 334 848 388 I
869 333 909 389 13
1153 327 1197 390 41

110 485 151 546 ni
171 486 208 545 in
231 483 382 546 cohorte
404 494 444 547 nt
466 487 555 547 satis
585 504 707 565 magna
734 488 809 547 sint
836 494 933 549 tecta
961 487 1092 567 quibus
1120 508 1197 551 cae-

110 611 121 652 ι
152 591 312 672 pluuium
340 593 525 653 inimicum
551 592 638 654 haec
666 595 759 654 enim
786 596 816 655 si
843 595 941 655 intra
972 595 1132 659 clausum
1162 599 1197 659 in

110 706 229 779 [septo
252 706 289 760 et
312 698 378 760 sub
402 698 458 759 dio
479 700 594 760 iurem
617 701 717 761 modo
741 718 810 761 non
834 709 998 763 metuunt
1021 703 1197 766 aduersus

110 814 308 885 rpostatem
330 815 520 868 nocentem
544 824 613 867 non
635 805 831 883 resistunt]
856 809 971 880 Quibus
993 815 1111 872 caelum
1130 817 1198 889 plu·

110 931 137 974 π
155 916 309 974 inituicum
327 923 397 992 post
415 917 614 975 instrumento
633 917 715 975 omni
730 916 916 994 transposuit
935 914 1095 1000 Iucundos,
1109 937 1196 998 quem

110 1023 162 1100 {ui
192 1019 324 1081 editores
356 1022 453 1082 secuti
486 1029 565 1082 sunt
610 1020 696 1101 plnra
729 1023 818 1081 etiam
852 1021 1052 1084 Schneiderus
1085 1032 1196 1087 temere

110 1129 182 1207 avit,
211 1130 263 1207 qui
294 1127 368 1188 baec
400 1129 441 1188 ita
473 1126 630 1188 scribenda
664 1130 804 1210 coniecit,
833 1132 1030 1192 instrumento
1058 1137 1140 1194 omni
1165 1138 1197 1194 iu

110 1241 189 1310 orte,
216 1241 251 1294 ut
278 1238 353 1296 satis
380 1252 493 1311 mappa
519 1239 580 1296 sint
607 1242 701 1296 tecta:
729 1243 759 1296 et
786 1238 894 1310 quibus
921 1240 1038 1298 coelum
1062 1242 1196 1316 pluuium

110 1344 221 1415 usum,
243 1345 306 1402 siut
333 1345 415 1402 intra
444 1345 581 1403 clausum
609 1346 640 1404 iu
669 1350 826 1420 consepto;
853 1345 931 1405 baec
958 1349 1037 1405 euim
1063 1348 1119 1407 sub
1147 1350 1196 1409 dio

110 1466 154 1510 eru
180 1467 239 1510 uon
267 1451 354 1510 modo
383 1455 533 1522 metuunt,
561 1452 617 1511 sed
642 1452 790 1511 aduersus
817 1457 1019 1526 tempestatem
1042 1463 1197 1516 nocentem

110 1581 114 1610 ι
139 1559 288 1616 resistunt.
320 1553 355 1615 ad
380 1555 489 1615 tuenda
514 1555 645 1635 plaustra
668 1555 834 1635 etreliqua
858 1558 1195 1643 instrumentarustica,

110 1660 164 1721 bns
185 1660 300 1722 caelum
322 1660 455 1750 pluvium
479 1671 578 1743 nocet,
600 1673 678 1724 tecta
700 1663 829 1743 paranda
849 1672 919 1724 sunt
941 1666 972 1725 in
996 1666 1141 1728 cohorte„
1159 1687 1194 1728 ea

110 1785 138 1826 nr
159 1769 183 1829 si
205 1766 261 1829 sub
284 1768 335 1829 dio
357 1771 389 1829 in
416 1764 577 1848 consaepto
606 1769 704 1831 clausa
731 1769 891 1854 habentur,
915 1789 931 1831 a
960 1772 1048 1834 iurtis
1076 1772 1196 1852 quidem

110 1891 122 1934 a
150 1883 228 1957 suut,
259 1874 311 1936 sed
341 1885 516 1955 tempestate
545 1885 787 1956 corrumpuntur.
831 1879 862 1938 in
890 1876 1070 1940 collocandis
1098 1889 1195 1942 autem

110 1982 184 2042 ativis
207 1984 378 2063 sententiis,
401 1984 432 2043 in
456 1981 566 2062 quibus
594 1985 712 2063 saepius
740 1984 869 2044 editores
899 1984 1101 2068 offenderunt,
1124 1987 1195 2067 qnid

110 2090 120 2146 i
141 2090 296 2169 sumpserit
316 2088 416 2173 Varro,
439 2089 494 2150 his·
509 2088 692 2169 intellegitur
715 2089 867 2170 exemplis,
890 2087 974 2167 129,
993 2089 1015 2154 2
1037 2112 1097 2155 aon
1120 2099 1198 2155 nulli

110 2201 167 2269 uteo,
187 2199 242 2272 qui
261 2204 377 2271 sepetes
399 2214 460 2258 uon
483 2203 544 2257 taut
567 2200 647 2258 lutus
669 2199 793 2271 babent,
815 2231 859 2240 —
882 2215 995 2260 occare
1016 2206 1125 2276 solent,
1152 2198 1196 2262 64

110 2303 173 2363 lest
194 2320 295 2384 umor,
324 2300 413 2383 69,1
442 2306 525 2379 quod
546 2306 590 2364 ad
611 2305 744 2365 cibutum
772 2306 945 2381 expeditum
969 2323 1034 2369 esse
1060 2312 1145 2388 uelis,
1169 2307 1195 2367 ll

110 2406 185 2470 ael.4
211 2413 265 2486 pui
294 2400 499 2472 condiderunt
525 2413 643 2486 urbem,
678 2407 766 2492 ll,4
789 2413 872 2489 quod
895 2414 1009 2474 Graeci
1035 2417 1196 2490 appellant,

126 2511 201 2596 10‚1
227 2520 259 2577 iu
282 2518 390 2591 quibus
413 2519 467 2578 ubi
488 2535 613 2579 anseres
636 2520 770 2593 aluntur,
803 2514 915 2599 16,12
938 2537 1013 2594 quos
1036 2523 1093 2581 alii
1113 2523 1196 2581 meti·

110 2622 176 2695 pitia
198 2627 359 2701 appellant.

148 2725 166 2788 3
196 2729 372 2791 Cobortes
401 2732 437 2791 in
464 2731 575 2793 inndo
605 2750 727 2811 magno
756 2733 845 2793 dnae
872 2733 1035 2811 aptiores
1063 2751 1130 2795 una
1157 2743 1197 2797 ut

112 2835 237 2897 lerdius
261 2837 505 2917 complnninm
528 2838 656 2901 habeat
678 2839 792 2901 lacum
818 2839 877 2901 ubi
896 2859 984 2919 aqua
1007 2840 1112 2902 saliat
1135 2844 1196 2921 qui

110 2945 154 3001 tra
174 2943 374 3025 stylobatas
397 2964 474 3007 cnm
497 2945 588 3007 uelit
618 2949 666 3009 sit
693 2946 940 3027 semipiscina]
965 2947 1022 3008 Pro
1046 2951 1196 3009 interdius

128 3048 220 3112 Aldina
248 3052 377 3113 editione
405 3056 547 3135 interius,
579 3072 633 3133 pro
661 3058 737 3116 uelit
765 3073 800 3114 ex
833 3056 966 3134 principe
999 3059 1080 3116 uenit
1108 3053 1195 3132 vulgo

110 3166 209 3234 septum
233 3168 306 3221 erat.
351 3179 414 3220 uua
442 3164 572 3222 interior
599 3165 631 3221 iu
663 3165 828 3237 compluvia
860 3163 972 3222 babeat
1003 3166 1115 3236 lacum,
1143 3163 1198 3222 ubi

110 3277 142 3322 ua
168 3271 271 3341 saliat,
294 3285 374 3342 quae
405 3271 489 3328 iutra
519 3270 685 3345 stylobatas
717 3285 786 3329 cum
815 3271 907 3343 uenit,
936 3271 977 3328 sit
1002 3271 1196 3345 semipisciua

110 3370 189 3433 snus.
221 3372 382 3435 Columella
401 3372 542 3434 Varronis
560 3383 718 3454 praecepta
737 3383 859 3435 secutus
877 3373 914 3435 de
933 3373 1050 3435 duobus
1072 3374 1194 3436 lacubus

110 3471 255 3561 lpiscinis,
279 3499 352 3560 quas
375 3482 456 3563 dicit,
479 3481 584 3542 scribit
606 3481 692 3563 baec,
717 3479 778 3562 16,
796 3480 837 3543 21
868 3485 955 3544 circa
983 3485 1084 3543 uittam
1111 3485 1193 3543 deiu-

110 3597 132 3642 tt
158 3591 233 3650 baec
256 3607 321 3650 esse
347 3591 508 3666 oportebit,
530 3622 575 3632 —
594 3592 731 3666 piscinas
762 3593 916 3651 minimum
948 3592 1037 3665 auos,
1065 3593 1195 3650 eliaam

110 3705 140 3751 ue
162 3697 321 3758 anseribus
344 3698 568 3773 pecoribusque
595 3700 722 3779 serviat,
750 3701 879 3760 atterum
913 3700 943 3757 iu
972 3716 1033 3773 pua
1060 3700 1195 3774 lupinum
1247 3765 1249 3775 ¹

110 3800 168 3861 ilua
190 3811 220 3864 et
241 3807 346 3879 uirpas
374 3812 465 3880 atque
488 3807 551 3865 ulia
575 3812 746 3879 quaesunt
773 3807 876 3865 usibus
903 3808 1015 3865 uostris
1038 3813 1111 3882 apta
1133 3823 1195 3865 ma-

110 3919 208 3981 ”euus;
231 3911 368 3972 similiter
391 3910 537 3972 Palladius
560 3908 644 3972 131.
689 3909 780 3972 Varro
805 3911 878 3971 duas
902 3911 1040 3971 cobortes
1064 3929 1132 3971 crim
1155 3910 1194 3970 la-

110 4005 165 4096 bus,
187 4035 263 4097 quos
289 4021 320 4079 in
348 4021 385 4080 iis
414 4037 480 4080 esse
504 4017 609 4099 voluit,
637 4020 805 4078 accuratius
833 4017 1000 4096 descripsit
1045 4017 1076 4075 in
1103 4015 1195 4076 altera

110 4114 140 4178 ln
159 4124 290 4207 cohorte,
310 4143 384 4205 qnae
407 4144 501 4205 prope
519 4125 616 4186 villam
636 4134 690 4207 est,
709 4124 898 4204 conplurium
917 4124 1014 4185 lacum
1033 4142 1101 4185 cum
1120 4141 1194 4202 aqua

110 4222 178 4292 iente
197 4251 264 4293 esse
284 4233 354 4316 uult,
372 4234 424 4312 qui
441 4235 520 4292 intra
539 4231 698 4312 stylobatas
712 4231 758 4292 vel
777 4232 967 4293 fundamenta
981 4230 1195 4311 columnarum,

110 4345 137 4391 fle
161 4340 189 4399 in
214 4341 334 4420 porticu
362 4346 446 4422 snnt,
474 4339 604 4419 speciem
631 4337 753 4418 praebet
780 4340 995 4418 semipiscinae.
1040 4340 1072 4399 in
1104 4337 1195 4399 altera

110 4432 179 4506 litte
200 4449 272 4509 item
299 4448 395 4510 lacum
425 4465 492 4509 esse
519 4446 615 4529 iubet,
638 4447 668 4507 iu
696 4464 755 4525 qno
779 4464 830 4507 eae
854 4463 904 4506 res
931 4463 1007 4526 quae
1033 4447 1194 4524 inaquam
