2874 4994
355 109 485 163 RERVM
504 109 745 166 Rvsulcauvu
763 111 831 165 LIB.
850 112 877 165 ΙΙ
897 111 914 167 7
1140 103 1203 167 189

58 259 161 322 decus.
202 261 317 323 scilicet
339 262 412 323 haec
436 282 554 344 quoque
580 264 709 326 editores
734 265 769 326 ad
793 264 970 326 Columellas
990 269 1134 326 rationem
1159 286 1203 327 rc·

57 387 166 430 rocare
199 369 387 431 studuerunt.
427 373 544 432 restitui
573 375 751 452 scripturam
779 373 944 454 archetypi,
976 373 1027 434 sed
1057 378 1203 450 figuratis

57 478 171 556 scripsi
194 496 248 557 pro
272 497 307 538 eo
332 476 410 557 quod
435 477 539 538 inttto
564 488 627 539 erat
647 483 794 554 figurata.

150 584 239 645 Toto
272 603 424 664 corpore
457 594 496 645 ut
530 585 658 646 habeat
690 605 800 646 uenas
837 577 927 666 quae
964 588 1204 648 animaduerti

55 701 214 772 possunt
237 692 329 771 quod
352 691 605 753 huiuscemodi
629 695 677 752 sit
705 701 740 753 et
764 711 840 753 cum
864 701 920 754 est
943 712 1048 773 aeger
1072 694 1110 754 ad
1137 714 1204 755 nre-
1308 684 1320 709 ¹

54 798 214 860 dendum
232 798 421 879 adpositus
441 817 593 879 corpore
612 799 742 879 merito]
764 802 847 874 (luae
865 803 1203 879 animadvertipossiut,

56 908 147 982 quod
167 909 377 967 huiuscemodi
401 909 462 967 sint
484 904 610 987 Merula,
638 925 718 982 puae
745 911 950 970 animaduerti
968 913 1096 985 possint,
1124 912 1206 985 quod

53 1017 115 1089 pur'
136 1014 347 1074 huiuscemodi
368 1015 415 1087 sit,
439 1021 468 1074 et
491 1031 559 1074 cum
578 1021 622 1074 est
641 1033 736 1089 aeper
754 1016 797 1075 ad
814 1018 992 1077 medendam
1020 1024 1065 1077 est
1087 1020 1202 1094 apposi-

54 1128 117 1196 tus,
137 1139 267 1199 corpore
285 1124 377 1182 multo
395 1120 555 1182 iucundus.
593 1139 723 1199 corpore
741 1125 832 1183 mutto
851 1131 902 1184 aut
921 1125 1022 1203 spuria
1041 1132 1092 1184 aut
1108 1123 1203 1184 alieno

54 1226 125 1290 loco
160 1226 300 1290 collocata
334 1247 399 1289 esse
433 1237 554 1289 auctore
582 1227 747 1289 Pontedera
776 1248 803 1309 p.
826 1226 893 1292 434
921 1228 1122 1291 Schneiderus
1154 1230 1203 1292 ad·

55 1338 182 1398 notarit.
220 1344 250 1396 et
277 1342 404 1416 possunt
430 1334 503 1396 haec
531 1354 565 1396 ex
594 1354 629 1396 eo
658 1335 736 1416 quod
766 1354 854 1416 supra
883 1340 1028 1416 scripturn
1057 1346 1120 1398 erat
1144 1347 1204 1399 toto

54 1461 191 1520 corpore
209 1445 335 1522 repetita
355 1460 429 1502 esse.
466 1450 620 1520 praeterea
639 1451 676 1516 et,
697 1444 754 1502 nisi
770 1462 845 1523 quae
864 1443 1048 1527 exciderunt,
1064 1464 1122 1525 quo
1136 1464 1203 1525 per·

55 1553 154 1612 tinent
169 1567 227 1610 non
242 1549 433 1628 intellegitur.
468 1567 534 1609 nam
550 1568 649 1631 venas,
663 1568 738 1629 quae
753 1549 945 1612 animadverti
956 1554 1079 1634 possint,
1093 1551 1203 1613 habere

56 1675 173 1736 equum
197 1655 312 1737 volunt,
333 1665 493 1736 propterea
517 1656 595 1736 quod
620 1666 698 1738 tum,
727 1676 795 1718 cum
819 1676 906 1737 aeger
931 1666 985 1739 est,
1006 1678 1096 1721 venae
1121 1660 1204 1721 leriri

55 1773 189 1844 possunt
203 1772 233 1825 et
247 1767 367 1844 sanguis
382 1765 506 1825 demitti.
543 1783 635 1845 quare
655 1764 752 1826 deleto
772 1775 802 1826 et
820 1767 928 1845 scripsi
942 1773 1002 1827 toto
1022 1785 1152 1844 corpore
1171 1775 1204 1828 ut

46 1866 174 1932 'uaoear
196 1890 296 1946 aena,
320 1890 399 1947 quae
422 1875 626 1933 animaduerti
644 1876 769 1949 possint,
797 1875 879 1948 quod
900 1877 955 1949 qui
975 1875 1101 1935 huiusce
1124 1877 1206 1935 modi

55 1981 107 2054 sit,
131 1997 200 2040 cum
223 1987 268 2039 est
290 1998 393 2059 aeger,
416 1981 658 2040 admouendum
682 1983 846 2057 adpositas.
885 1982 922 2040 de
944 1983 1040 2057 stirpe
1062 1999 1125 2059 sqq.

152 2081 172 2145 6
204 2084 328 2165 ltaque
352 2085 390 2146 ad
415 2085 480 2146 hoc
509 2085 651 2146 nobiles
682 2105 697 2146 a
726 2085 939 2165 regionibus
966 2087 1137 2147 dicuntur
1167 2089 1202 2147 in

56 2194 206 2273 graecia
236 2192 426 2253 thessalici
458 2195 540 2273 oqui
572 2212 588 2252 a
624 2202 718 2253 terra
756 2192 1007 2273 apuliahrosea
1041 2195 1201 2272 roseani]

57 2299 220 2380 Lacunam,
245 2318 301 2378 qua
325 2299 397 2360 haec
416 2308 556 2379 corrupta
576 2303 605 2360 in
626 2318 713 2360 manu
735 2302 854 2379 scriptis
873 2311 903 2361 et
924 2299 1010 2361 editis
1030 2300 1203 2380 exemplari·

57 2407 119 2468 bus
143 2406 325 2489 serebantur,
348 2409 387 2467 ita
412 2406 561 2486 supplerit
583 2406 725 2488 Ursinus,
755 2411 786 2468 iu
812 2409 946 2470 Graecia
972 2408 1148 2482 Thessalici,
1172 2412 1204 2469 iu

59 2516 158 2576 Italia
182 2516 294 2592 Appuli
316 2533 355 2575 ac
373 2515 517 2590 Roseoni,
540 2514 677 2576 similiter
698 2513 863 2576 Pontedera
886 2535 913 2595 p.
933 2512 1000 2578 434
1018 2519 1049 2576 in
1071 2518 1204 2578 Graecia

61 2621 231 2684 ilressaiici
262 2624 344 2699 equi,
377 2640 396 2682 a
429 2630 516 2683 terro
544 2624 675 2699 Appulia
704 2625 826 2700 cippati,
860 2625 899 2683 ab
932 2624 1032 2685 Rosea
1061 2625 1202 2686 Roseani.

56 2736 216 2810 praeterea
244 2731 283 2789 ab
311 2730 368 2789 doc
396 2728 586 2789 scribendum
610 2748 675 2789 esse
705 2738 839 2809 apparet,
870 2748 929 2789 non
958 2733 1001 2790 ad
1026 2733 1096 2805 iroc,
1126 2734 1203 2792 sicut

58 2837 208 2915 scriptum
235 2844 281 2896 est
309 2835 386 2895 inlra
414 2833 434 2912 ξ
457 2832 496 2896 16
526 2839 627 2911 itaque
654 2837 692 2895 ab
715 2838 773 2897 doc
802 2838 831 2894 iu
864 2837 997 2896 Graecia
1011 2842 1203 2912 ¹potissimam

57 2944 174 3004 medici
191 2959 338 3019 pecorum
362 2937 532 3020 luniarpoc
556 2945 707 3018 appellati.
753 2941 809 3001 hoc
833 2943 923 3019 igitur
947 2944 1086 3003 restituto
1112 2952 1142 3004 et
1165 2944 1204 3004 la·

58 3067 138 3112 cuna
163 3047 299 3128 suppleta
323 3050 430 3127 scripsi
455 3052 557 3123 itaque
580 3050 619 3108 ab
642 3050 699 3109 doc
722 3049 836 3109 nobiles
860 3067 879 3108 a
902 3051 1078 3125 regionibus
1099 3053 1204 3110 dicuu-

57 3163 122 3231 tur,
146 3159 177 3216 ia
203 3157 337 3217 Graecia
360 3155 525 3217 liressaiici
543 3159 650 3230 eperia
677 3155 841 3230 liressolia,
865 3157 1009 3217 initalia
1033 3158 1071 3216 ab
1094 3159 1204 3233 Apulia

60 3265 164 3340 Apuli,
187 3264 226 3323 ab
250 3263 351 3324 Rosea
375 3264 517 3323 Roseaui.

150 3368 188 3429 ln
207 3371 333 3449 primis
352 3368 608 3448 progreditur]
630 3371 853 3445 Praegreditur
868 3369 944 3430 edita
961 3370 1029 3431 inde
1049 3369 1085 3431 ab
1099 3370 1202 3431 Aldina

57 3477 191 3537 editione
215 3475 402 3557 exemplaria,
422 3479 624 3553 progreditur
647 3495 682 3537 ex
707 3477 867 3557 archetypo
891 3479 1017 3538 restitui.

152 3581 170 3644 i
205 3582 381 3663 Equiuunr
405 3602 515 3662 pecus
538 3583 753 3664 pascendum
777 3586 811 3644 in
835 3569 962 3663 pratis¹
973 3587 1201 3663 potissimum

56 3689 171 3752 herba
195 3692 230 3750 in
254 3689 408 3752 stabulis
431 3709 469 3751 ac
493 3690 729 3771 praesepibus
758 3690 858 3752 arido
883 3691 963 3751 leno
991 3709 1067 3752 curn
1097 3711 1203 3771 pepe-

58 3807 191 3860 rerunt
209 3796 343 3859 hordeo
363 3796 503 3859 adiecto
523 3797 578 3859 bis
598 3798 653 3860 die
673 3799 753 3859 data
772 3796 877 3877 aqua]
895 3800 977 3858 Data
993 3816 1079 3858 mann
1100 3801 1203 3877 scripti

58 3904 128 3966 libri
158 3924 274 3986 omnes3
308 3908 426 3980 danda,
459 3904 537 3985 quod
566 3908 596 3964 in
630 3908 763 3986 principe
797 3905 926 3966 editione
954 3904 1116 3966 Politianus
1144 3924 1202 3967 non

60 4015 204 4095 correxit,
227 4013 357 4074 Merulae
381 4015 551 4074 coniectura
576 4015 727 4073 inventum
753 4022 782 4073 et
805 4012 912 4073 deinde
936 4015 965 4073 in
990 4012 1119 4093 reliquas
1143 4013 1202 4073 edi-

61 4123 161 4182 tiones
184 4129 338 4199 rsseptum
362 4128 416 4181 est.
463 4119 588 4180 ablativo
612 4129 710 4180 autem
734 4138 804 4181 casu
824 4119 935 4180 dictum
956 4128 1001 4180 est
1020 4123 1094 4181 data
1113 4140 1204 4200 apua,

58 4230 141 4290 sicut
172 4229 287 4288 hordeo
320 4230 448 4289 adiecto.
499 4228 569 4307 equi
602 4229 630 4287 iu
668 4226 792 4288 stabulis
824 4226 906 4287 arido
941 4228 1025 4287 laeno
1057 4237 1099 4309 et,
1136 4247 1202 4288 euru
