2874 4994
284 351 332 406 DE
352 351 441 407 AGRI
461 351 632 407 CVLTVRA
651 352 793 408 LIBRVM
813 352 841 409 0.
858 352 989 410 40—43
1170 345 1212 408 79

52 513 102 568 est
127 509 290 569 terebrare
312 511 400 570 uitem
419 512 450 569 iu
470 511 622 583 obliquum
640 511 684 569 ad
700 511 860 569 medullam
879 512 1071 584 calamosque
1091 511 1208 570 addere

55 618 166 690 londos
192 617 286 691 pedes
314 616 399 676 diuos
423 622 514 691 utque
538 619 581 676 ita
605 618 731 691 limatam
754 620 876 678 insitum
900 621 1066 692 intritaque
1089 620 1207 677 inlitum

54 726 184 799 operire
207 729 294 783 terra
317 725 444 783 calamis
464 725 622 784 subrectis.

150 829 315 890 Pirorum
336 846 374 890 ac
393 828 564 890 malornm
584 831 711 890 insitio
727 849 790 909 per
806 848 867 890 uer
882 838 917 891 et
931 849 993 909 per
1008 830 1208 892 solstitium

56 935 138 996 dies
162 935 186 995 L
209 943 244 996 et
266 952 329 1014 per
353 934 580 1014 uindemiam]
604 937 748 996 liroram
766 955 805 997 ae
824 940 972 998 malorum
991 937 1158 1016 apographa
1178 945 1208 996 et

56 1043 152 1104 editio
176 1041 308 1102 Victorii.
355 1045 451 1102 errori
474 1041 612 1103 Politiani
640 1041 830 1103 tribuendum
861 1052 919 1123 est,
948 1043 1025 1122 quod
1050 1042 1207 1104 lectionem

57 1151 207 1229 principis
230 1148 369 1210 editionis
389 1151 530 1225 pirorum
553 1157 583 1209 et
605 1152 754 1210 malorum
773 1167 831 1208 non
851 1152 989 1210 correxit.
1027 1150 1134 1211 deinde
1150 1170 1209 1226 per

57 1276 114 1319 uer
147 1266 178 1317 et
206 1263 274 1334 post
300 1258 459 1316 solstitium
487 1255 592 1316 dicius
621 1256 646 1314 L
671 1263 739 1332 post
767 1258 946 1317 vindemiam
974 1255 1093 1316 codices
1121 1255 1208 1315 Plinii

57 1362 140 1424 xvii
165 1361 239 1425 111.
287 1362 359 1423 Cato
392 1370 491 1423 autem
522 1365 680 1424 solstitium
713 1363 788 1423 dixit
815 1382 873 1424 non
902 1367 999 1443 ipsum
1028 1363 1119 1444 diem,
1148 1381 1208 1442 quo

56 1470 223 1532 solstitium
246 1470 356 1531 iactum
381 1478 440 1548 est,
463 1468 515 1529 sed
540 1469 603 1530 dies
627 1468 805 1530 solstitiales.

150 1575 172 1638 2
195 1575 233 1637 Si
256 1579 345 1637 uitis
368 1578 477 1638 uitem
499 1579 688 1656 continget
707 1579 899 1655 utriusque
919 1579 1029 1637 uitem
1049 1585 1207 1638 teneram

56 1686 251 1765 proaeuito
270 1674 418 1763 obliquo
436 1685 534 1743 inter
553 1700 632 1744 sese
652 1682 839 1744 medullam
854 1701 931 1744 cum
945 1683 1098 1745 medulla
1114 1683 1207 1745 libro

56 1790 258 1872 conligata]
279 1793 315 1851 Si
331 1794 401 1851 uitis
418 1792 507 1851 uitem
521 1793 686 1866 continuat,
705 1793 793 1851 uitem
810 1793 953 1866 utrimque
967 1799 1103 1853 temeram
1115 1811 1206 1868 prae-

55 1904 153 1959 acuto
181 1899 301 1972 oblique
328 1899 408 1958 iuter
435 1916 501 1958 sese
529 1915 593 1976 sqq.
620 1895 745 1977 Merula,
777 1901 806 1957 si
830 1901 899 1957 uitis
926 1900 1015 1958 uitem
1042 1902 1208 1973 continuat,

56 2007 130 2065 uitis
148 2007 309 2079 utriusque
327 2007 406 2064 latus
419 2006 605 2081 praeradito
624 2005 743 2079 oblique
761 2012 790 2065 et
804 2007 885 2064 iuter
898 2023 963 2064 sese
977 2021 1040 2082 sqq.
1056 2003 1208 2064 iucundus

57 2130 94 2170 ex
116 2109 221 2171 Plinio.
255 2109 408 2191 archetypi
426 2108 582 2171 lectionem
598 2109 747 2171 Victorius
765 2112 910 2191 restituit3
926 2114 1109 2187 praeacuita
1128 2111 1205 2171 idem

57 2221 89 2277 in
124 2217 255 2278 editione
285 2217 424 2279 secunda.
474 2219 543 2278 vitis
571 2226 672 2278 tenera
701 2217 811 2278 dicitur
838 2218 995 2296 pampinus
1023 2217 1069 2278 vel
1096 2217 1208 2296 palmes

58 2326 138 2404 ritis,
162 2323 200 2384 de
224 2341 283 2402 quo
298 2322 390 2384 Varro
409 2342 433 2385 r.
453 2341 477 2385 r.
491 2323 502 2383 1
518 2321 605 2403 31,3
629 2323 701 2383 dicit
724 2326 896 2384 eiuucidum
920 2328 999 2384 euim
1021 2332 1206 2384 sarmentum

53 2437 188 2508 propter
207 2433 414 2503 infirmitatem
431 2434 535 2490 sterile
554 2448 650 2506 meque
669 2450 709 2491 ea:
726 2449 759 2491 se
774 2437 872 2506 potest
886 2434 987 2491 eicere
1001 2433 1098 2511 uitem,
1117 2448 1207 2504 quam

57 2545 173 2600 uocant
194 2541 341 2598 minorem
358 2539 525 2618 slaqellum,
548 2541 693 2598 maiorem
715 2544 744 2598 et
763 2540 823 2596 iam
842 2539 923 2597 unde
941 2555 1019 2597 uuae
1037 2546 1208 2597 nascuntur

55 2649 203 2724 palmam.
224 2677 262 2687 —
284 2646 403 2719 obliquo
426 2652 575 2723 tamquam
599 2644 770 2704 adverbium
794 2661 848 2723 pro
872 2645 991 2719 oblique
1014 2643 1207 2704 dictumest:

59 2757 92 2813 iu
117 2754 270 2828 otttqmm
293 2750 416 2811 Plinius.

151 2855 172 2919 3
200 2858 391 2936 Artitoque
420 2876 457 2918 ea
481 2876 547 2937 qua
571 2857 833 2936 terebruueris]
863 2861 929 2932 Qua
953 2856 1115 2918 Politianns
1139 2876 1207 2918 cum

58 2964 255 3044 apographis,
278 2982 338 3024 non
361 2982 465 3040 quam,
490 2974 523 3025 ut
547 2964 696 3026 Gesnerus
720 2965 877 3026 adnotavit.

151 3071 237 3131 XLII
264 3069 369 3131 Ficos
397 3079 432 3130 et
459 3071 556 3131 oleas
584 3070 698 3131 altero
724 3071 840 3147 modo]
864 3071 937 3130 Plin.
962 3069 1038 3130 XVll
1065 3069 1208 3131 1191200

56 3197 158 3255 oenus
190 3195 250 3238 uou
279 3181 400 3255 pridem
432 3185 586 3255 repertum
615 3182 717 3238 uoluat
744 3181 797 3252 qui
824 3180 908 3238 nouis
935 3179 1069 3238 moribus
1094 3177 1208 3252 fauent.

58 3288 117 3346 sed
143 3288 234 3346 etiam
263 3292 293 3345 et
315 3287 400 3362 apud
420 3292 536 3346 ueteres
562 3286 697 3345 Graecos
720 3287 873 3345 iuvenitur
896 3291 925 3344 et
948 3287 1033 3360 apud
1058 3286 1207 3358 Catonem,

59 3395 117 3468 qui
142 3396 239 3453 oleam
263 3395 417 3467 ficumque
444 3395 489 3452 sic
517 3394 613 3451 inseri
635 3393 734 3465 iussit,
762 3407 905 3451 mensura
928 3393 1019 3451 etiam
1039 3394 1207 3466 praefinita

58 3502 229 3560 secuudum
260 3503 410 3575 reliquum
443 3501 631 3573 diliqeutiam
662 3516 762 3578 suam,
794 3499 924 3558 cortices
954 3501 1076 3574 scalpro
1104 3499 1209 3557 eacidi

59 3614 209 3683 quattuor
228 3608 391 3681 diodorum
410 3607 600 3680 Iouqitudiue
618 3614 648 3667 et
665 3610 758 3666 trium
777 3607 1042 3680 latitudinemque
1058 3608 1100 3665 itu
1115 3622 1205 3677 cauq-

59 3716 197 3775 mcmtari
218 3721 248 3775 et
270 3717 323 3775 illa
344 3731 402 3774 sua
426 3716 534 3773 intrita
557 3715 652 3774 oblini
672 3708 774 3792 (ootttt
794 3711 936 3786 codices),
960 3715 1064 3773 eadem
1088 3715 1208 3771 ratione

58 3829 90 3882 et
114 3824 147 3882 ia
171 3825 258 3882 mato.

153 3928 253 3988 XLHI
279 3926 295 3989 1
326 3926 454 3989 Sulcos
478 3931 508 3988 si
531 3927 632 3989 locus
656 3945 813 4006 aquosus
837 3929 920 4006 erit,
949 3925 1105 3985 alreatos
1130 3944 1208 3984 esse

58 4043 209 4114 oportet
240 4035 331 4095 latos
359 4053 513 4097 summos
540 4036 649 4114 pedes
677 4043 752 4095 tres
781 4033 873 4094 altos
901 4031 1009 4110 pedes
1038 4040 1209 4109 quattuor

58 4142 228 4203 infimum
256 4139 366 4202 latum
389 4139 449 4220 pl
472 4150 507 4201 et
530 4140 695 4220 palmum]
725 4139 767 4200 ne
791 4140 882 4200 sulcis
907 4139 1132 4198 seminariorum
1156 4137 1207 4197 Ca-

60 4251 143 4310 tonis
171 4249 363 4331 sententiam,
391 4265 449 4308 non
475 4249 539 4327 ipsa
563 4246 652 4308 verba
676 4245 792 4308 rettulit
814 4246 927 4306 Plinius
951 4243 1027 4303 XVlI
1051 4243 1088 4306 81
1121 4247 1209 4304 Calo:

58 4359 193 4417 sitacus
211 4371 344 4429 aquosas
360 4356 408 4429 sit,
427 4357 504 4415 latos
522 4356 617 4426 (latus
636 4352 768 4426 codices)
784 4355 877 4429 pedes
896 4358 998 4412 ternos
1016 4353 1047 4411 iu
1064 4349 1209 4427 saucibus

61 4464 197 4536 imosque
212 4463 347 4537 palmum
365 4467 396 4520 ei
409 4462 526 4537 pedem,
546 4463 707 4521 altitudime
724 4467 869 4535 quattuor
886 4463 1006 4536 pedam.
1039 4476 1088 4519 eos
1107 4461 1208 4536 lapide
