2874 4994
155 329 220 393 210
495 338 685 394 COMMENT.
709 339 749 393 IN
767 338 955 396 VARRONIS

154 492 282 553 editione
306 491 493 572 exemplaria.
537 497 664 568 olerent,
688 493 766 574 quod
791 492 921 556 Merulae
943 495 1137 557 coniecturae
1156 493 1266 578 debetur,

155 603 276 680 retinui3
299 600 490 661 indicativum
517 604 727 682 ostenderent,
750 603 780 661 in
809 619 869 682 quo
896 601 1027 662 editores
1055 600 1200 664 offendere
1221 621 1265 664 ooo

154 707 314 788 debebant,
338 727 371 768 ex
397 709 499 768 codice
524 710 659 769 restituis
694 711 854 771 cinnomus
880 727 916 770 ex
944 708 1150 771 emendatione
1171 707 1266 771 Viderit

154 814 353 877 Schneiderns
377 814 476 876 edidit.

241 919 262 982 9
294 922 475 1001 Praegnax
500 939 604 1001 saepe
632 940 709 983 cum
738 924 839 983 uenit
861 922 1028 1003 pariendi
1056 932 1193 1005 tempus
1215 943 1268 987 um

154 1029 256 1108 longe
289 1028 330 1088 ab
363 1047 470 1108 opere
504 1028 691 1089 discedere
723 1027 847 1110 ibique
879 1031 1017 1091 enixam
1055 1047 1200 1110 puerum
1226 1050 1266 1093 re·

154 1134 263 1214 ierne]
298 1137 521 1211 Prneqnontem
553 1155 588 1196 er
616 1138 750 1215 principe
778 1135 907 1197 editione
939 1144 1096 1218 receptum
1127 1149 1200 1220 orat,
1224 1156 1267 1220 pro

155 1263 213 1338 quo
229 1251 429 1321 praeeuntem
448 1244 564 1322 scripsi
601 1243 753 1323 archetypi
772 1245 950 1323 scripturam
968 1240 1162 1307 Zahlieldtins
1177 1257 1270 1328 mecm

154 1354 219 1412 crit.
243 1354 273 1411 in
295 1349 415 1411 Varron
440 1368 497 1410 rer
521 1359 594 1410 rust.
618 1348 683 1410 libr.
707 1368 734 1429 p
756 1347 798 1412 15
821 1350 961 1431 defendit,
984 1353 1071 1430 quaed
1092 1355 1220 1416 oratione
1236 1356 1271 1416 sic
1314 1388 1317 1449 4

154 1460 301 1538 instituta,
331 1467 362 1518 nt
390 1457 472 1517 finito
501 1455 588 1516 modo
616 1466 793 1536 sequeretur
825 1459 956 1518 (incedit
985 1467 1015 1519 et
1048 1458 1159 1543 resen,
1184 1460 1317 1522 deiude

153 1565 314 1626 substituto
342 1565 485 1625 infinitivo
513 1567 636 1624 enmnm
669 1565 813 1642 scriptum
842 1575 929 1625 esset.
975 1564 1027 1625 sed
1056 1567 1214 1628 cavendum
1237 1576 1272 1629 et

151 1690 188 1732 ne
213 1690 299 1732 omne
323 1689 417 1750 genus
436 1669 638 1749 neglegentiae
657 1668 781 1731 Varroni
804 1671 902 1750 potius
926 1688 1014 1749 quam
1034 1671 1188 1733 erroribus
1203 1672 1272 1734 libre

150 1780 262 1840 riorum
287 1778 460 1839 tribuamus.

240 1883 377 1956 Quibus
397 1903 470 1945 mos
493 1902 614 1945 eorum
635 1903 752 1945 noune
770 1884 1128 1965 denegauit-iilios
1146 1885 1272 1965 hebere]

152 1995 258 2055 Nonne
272 2001 302 2053 et
316 1992 422 2053 deinde
434 1994 549 2053 habere
562 1994 591 2051 iu
607 1990 766 2072 archetypo
781 1993 873 2053 inisse
891 2010 1039 2054 consensu
1054 1994 1273 2076 apographorum

151 2107 279 2161 constat:
303 2098 506 2179 neglegentius
529 2098 691 2160 Politianus
714 2100 859 2179 principis
881 2099 1019 2161 editionis
1043 2100 1201 2164 lectionem
1222 2121 1273 2164 cor·

150 2202 235 2268 rexit.
280 2225 339 2269 non
373 2209 534 2284 dcneffunit
562 2204 682 2266 Merula,
728 2215 861 2266 ceterum
890 2207 982 2267 iorma
1010 2210 1159 2270 sermonis
1186 2227 1274 2288 perum

150 2324 287 2376 accurate
310 2313 346 2373 ab
370 2312 534 2373 editoribus
557 2331 696 2392 expressa
721 2323 773 2373 est.
815 2330 881 2373 nam
904 2312 961 2374 hoc
984 2332 1106 2395 quoque
1129 2315 1206 2396 apud
1223 2314 1274 2396 iiip-

150 2424 211 2482 rios
234 2423 404 2481 institutum
429 2438 493 2480 esse
520 2429 619 2480 narrat
637 2418 737 2500 Varro,
756 2428 790 2480 nt
809 2422 947 2500 uirgines,
965 2421 1076 2500 quibus
1100 2440 1164 2483 mos
1187 2441 1274 2484 eorum

150 2526 177 2587 id
203 2546 262 2588 non
282 2526 445 2608 denegavit,
464 2536 531 2587 ante
552 2527 670 2607 nuptias
689 2525 919 2619 succumberent
937 2526 1047 2606 quibus
1065 2528 1178 2591 vellent
1193 2532 1275 2610 iisque

111 2709 113 2712 y
148 2635 328 2694 incomitatis
358 2637 454 2714 vagari
483 2644 513 2694 et
541 2635 615 2695 filios
644 2633 753 2695 habere
781 2634 892 2696 iiceret.
936 2643 1005 2716 post
1032 2635 1174 2698 Varronis
1200 2640 1276 2699 iuter

150 2736 337 2818 peliationem
359 2739 521 2821 Cossinius,
545 2743 594 2801 cui
618 2740 690 2802 haec
713 2759 782 2820 pars
805 2741 915 2802 tributa
939 2752 1012 2818 erat,
1035 2745 1066 2804 in
1091 2743 1275 2826 disputatione

149 2847 282 2906 instituta
307 2846 343 2907 de
366 2846 535 2926 pastoribus
558 2850 664 2928 porgit.

239 2951 281 3014 10
318 2952 413 3024 Quae
455 2953 494 3014 ad
532 2954 770 3016 ualitudinem
812 2957 998 3036 pertinent
1034 2955 1277 3021 hominumue

148 3062 294 3140 pecoris
318 3070 352 3121 et
370 3063 448 3121 sine
467 3061 605 3122 medico
624 3063 746 3122 curari
764 3064 905 3142 possint
924 3065 1134 3142 magistrum
1155 3068 1276 3146 scripta

146 3166 282 3228 habere
311 3167 469 3248 oportet]
493 3170 652 3230 Hominum
681 3172 725 3231 ud
740 3173 864 3248 pecoris
892 3188 993 3251 errore
1021 3188 1127 3233 eorum
1151 3176 1203 3254 qui
1224 3171 1276 3234 Vtc-

147 3277 214 3335 torii
238 3276 398 3337 editionem
427 3278 631 3356 repetiverunt
659 3295 832 3356 expressum
862 3287 921 3338 est:
954 3296 1020 3338 nam
1047 3280 1114 3358 ipse
1141 3278 1278 3342 Victorius

145 3383 296 3444 hominnm
320 3401 360 3443 ec
377 3388 502 3460 pecoris
525 3383 666 3445 ediderat.
703 3394 737 3445 nt
758 3388 824 3447 sine
847 3387 964 3446 medico
986 3390 1101 3448 curari
1116 3392 1234 3465 possint
1247 3405 1274 3448 cr

148 3488 249 3549 Aldina
274 3488 403 3550 editione
426 3500 579 3568 receptum
603 3502 674 3551 erat.
719 3509 774 3570 pro
798 3490 854 3552 hoc
881 3493 987 3572 scripsi
1019 3500 1050 3555 et
1080 3496 1149 3556 sese
1173 3497 1278 3557 medico

145 3599 257 3655 curari
284 3605 418 3671 possunt.
465 3615 531 3657 nam
564 3606 631 3677 post
664 3598 852 3659 indicativum
885 3602 1042 3676 pertinent
1079 3603 1277 3663 coniunctim

141 3704 258 3777 possint
281 3701 377 3762 locum
409 3702 587 3764 nonhabet.
633 3705 692 3765 duo
720 3722 785 3766 esse
813 3723 921 3783 genera
950 3704 1140 3790 morborum,
1164 3708 1276 3770 aiterum

143 3810 173 3869 in
198 3828 256 3887 quo
280 3808 394 3870 medico
419 3829 494 3890 opus
517 3821 571 3891 est,
595 3811 720 3873 aiterum
740 3811 818 3890 quod
839 3815 902 3873 sine
926 3811 1040 3873 medico
1061 3817 1164 3876 curari
1182 3824 1278 3897 potest,

142 3915 254 3978 dietinn
278 3927 342 3978 erat
367 3917 391 3978 il
412 3917 440 3999 1,
460 3916 511 3979 21.

232 4022 271 4084 11
306 4024 439 4103 Gregos
472 4029 590 4086 ouium
624 4026 686 4087 sed
719 4045 880 4107 magnum
908 4045 998 4107 quos
1027 4029 1211 4093 mitiorios
1236 4030 1278 4091 ia·

141 4132 241 4190 ciunt
275 4130 415 4208 quidam
448 4133 595 4194 facilius
628 4133 668 4193 de
706 4152 837 4194 summa
874 4133 1055 4195 hominum
1096 4135 1278 4199 detrahere

141 4236 256 4313 possit
281 4253 379 4312 quarn
409 4237 449 4298 de
479 4239 690 4317 minoribns]
717 4241 754 4301 In
774 4243 923 4317 precihus
944 4244 1060 4317 onium,
1083 4247 1143 4307 sed
1162 4247 1280 4320 menia,

141 4358 215 4413 qnos
238 4344 385 4403 miliorios
405 4342 530 4419 faciunt
551 4348 682 4421 quidam,
703 4345 830 4422 facilins
853 4349 891 4408 de
912 4364 1029 4408 summ
1059 4350 1213 4413 bombum
1235 4352 1279 4411 dc

141 4449 265 4508 trabere
280 4459 414 4531 possunt,
433 4468 524 4526 qnam
544 4453 581 4512 de
604 4455 771 4515 minoribus
790 4453 867 4514 edita
886 4453 955 4515 inde
974 4453 1012 4516 ab
1031 4453 1141 4519 Aldina
1159 4456 1281 4519 editione
