2874 4994
157 317 219 383 138
494 328 684 388 COMMENT.
702 332 743 386 lN
760 332 948 389 VARRONIS

155 484 290 545 transire
308 488 412 567 possit,
436 482 465 559 8,
485 481 506 548 5
529 504 590 562 qua
613 488 701 549 boues
724 491 822 550 iuncti
843 506 939 550 urere
957 491 1090 565 possint,
1115 485 1273 570 16‚1sur

154 595 209 649 aut
235 592 337 672 fluuii,
368 609 429 667 qua
461 600 616 668 portetur,
647 591 744 674 16,6
775 599 805 657 si
835 599 903 656 uiae
937 602 1022 676 sunt,
1057 613 1121 671 qua
1153 598 1270 673 plaustro
1311 642 1313 651 .

154 698 208 771 agi
225 694 321 773 facile
345 703 475 780 possint,
502 709 556 762 aut
574 704 704 777 flumina
729 706 915 781 propinquo,
943 720 1006 778 qua
1028 704 1175 779 iscamari
1189 707 1266 781 pusit
1309 666 1313 719 ¹

153 798 248 883 29‚3
280 822 342 880 qua
374 786 524 869 aratrum¹
542 826 661 871 comae
691 812 833 871 lacunam
865 813 973 871 striam
1002 806 1094 885 fecit,
1125 805 1212 889 41,3
1234 813 1264 871 iu·

153 911 271 991 eidunt,
298 930 359 989 pua
387 931 474 976 urnor
502 918 692 978 adventicius
724 914 852 993 effluere
874 918 983 992 possit,
1016 910 1167 996 lllb,10
1189 913 1263 992 suut

153 1033 214 1091 aua
238 1026 281 1079 est
304 1023 468 1097 quadrata,
487 1021 540 1083 ubi
558 1025 628 1085 item
647 1025 678 1083 in
697 1020 851 1085 codicibus
868 1038 949 1097 puae
966 1021 1114 1101 scriptum
1132 1029 1185 1103 est,
1200 1018 1224 1104 b,
1234 1020 1260 1083 11

152 1127 271 1199 curiae,
299 1144 360 1201 qua
385 1131 525 1192 introitus
549 1134 580 1192 in
603 1149 708 1194 aream
732 1140 789 1205 est,
817 1126 846 1210 9,
867 1127 885 1191 l
909 1131 1018 1191 ostium
1039 1129 1095 1209 sit,
1121 1131 1261 1204 0111111111

152 1235 266 1293 narius
282 1266 327 1278 -
349 1237 396 1297 ire
416 1243 524 1314 possit,
556 1235 586 1321 9,
606 1236 649 1300 14
671 1256 732 1314 pua
764 1241 803 1299 de
829 1236 968 1298 clunibus
995 1237 1153 1310 coeperint
1176 1236 1261 1297 belae

147 1341 269 1421 pinnas,
293 1338 343 1420 16,
359 1340 378 1404 8
397 1349 507 1420 omnia,
525 1363 587 1421 qua
605 1349 687 1406 cerrit
705 1348 784 1406 iuter
799 1342 888 1418 sucos
905 1344 1041 1419 spiritus,
1067 1336 1118 1422 16,
1133 1337 1174 1404 16
1190 1342 1261 1402 uelit

151 1449 232 1526 aluo,
254 1466 316 1523 qua
343 1453 497 1514 introeant
519 1472 600 1534 apes,
624 1452 662 1514 ib.
686 1455 729 1514 ud
750 1459 926 1529 extremam,
949 1467 1011 1525 aua
1034 1452 1168 1510 mellarii
1183 1448 1259 1525 [11111

153 1557 288 1618 eximere
306 1564 432 1642 possint,
457 1557 507 1642 ll,
527 1557 546 1622 9
571 1578 678 1638 specus
700 1592 750 1640 -,
768 1577 829 1635 qua
853 1564 954 1619 aestus
977 1559 1169 1618 introire-
1183 1564 1262 1633 possa.

240 1661 299 1724 Sic
327 1683 343 1725 a
371 1669 503 1728 maiore
532 1670 695 1746 equitius
727 1666 869 1728 taurins
897 1662 1110 1743 cognomina
1136 1661 1262 1741 adsigni-

150 1766 257 1830 iicari
281 1773 373 1850 quod
397 1773 569 1836 dicuntur
593 1783 630 1836 ut
658 1776 754 1835 anini
778 1788 906 1851 caprae
937 1767 1055 1831 statili
1079 1771 1174 1830 tauri
1192 1787 1269 1850 pou·

149 1877 237 1955 poni
260 1880 415 1959 uitulus]
436 1883 489 1943 Sic
512 1901 532 1943 a
550 1885 667 1943 maiore
685 1884 816 1957 equitius
834 1887 943 1940 lauriss
961 1879 1143 1951 cognomina
1164 1876 1276 1952 assigni-

147 1985 254 2064 ficari,
282 1996 353 2061 oua
381 1991 527 2051 dicuntur
559 1997 594 2051 ut
620 1991 714 2050 Annii
744 2004 860 2064 caprae
888 1986 992 2046 Statili
1022 1987 1110 2044 tauri
1137 1979 1287 2060 Pomponii

156 2089 248 2152 Vituli
269 2091 391 2176 Montila,
413 2095 465 2156 ubi
487 2100 570 2172 quod
591 2100 737 2158 dicuntur
760 2097 836 2156 anni
857 2091 1017 2171 lucrindus,
1040 2092 1123 2167 quod
1144 2092 1293 2151 dicantar

149 2205 183 2257 ut
206 2201 300 2262 Annii
321 2204 448 2280 Caprae,
467 2205 583 2265 Statilii
604 2200 706 2282 Tauri,
727 2203 885 2279 Pomponii
904 2199 997 2259 Vituli
1018 2194 1174 2258 Victorius.
1195 2190 1305 2273 uoui-

149 2308 209 2367 tius
231 2307 362 2372 Taurios
380 2311 521 2390 Angelius
544 2311 726 2391 restituerat,
749 2308 827 2388 quod
848 2305 997 2368 Victorius
1015 2321 1075 2365 111.
1093 2301 1161 2364 lect.
1179 2300 1268 2385 321
1291 2288 1312 2351 Ἰ

147 2411 283 2491 probavit
306 2416 405 2498 ibique
430 2417 543 2499 reliqua
567 2420 611 2479 sio
641 2418 775 2496 scripsit,
803 2416 981 2492 cognomine
1008 2413 1219 2487 adsionifieui
1235 2400 1313 2471 Μ’

148 2528 269 2596 cuntur,
291 2533 326 2584 ut
348 2527 442 2586 Asinii
466 2527 594 2602 (loprae,
618 2526 734 2586 Statilii
759 2522 861 2595 Tauri,
886 2521 1044 2596 Pomponii
1068 2517 1166 2580 Vituli.
1200 2517 1313 2598 plut*¹

149 2631 265 2690 novavit
284 2629 418 2712 Ursinus,
436 2635 481 2694 sic
504 2652 524 2694 a
542 2636 660 2694 rnaiore
678 2632 818 2706 Equitius
840 2629 968 2689 lborius
987 2629 1120 2707 Asinius,
1138 2644 1158 2687 a
1175 2629 1313 2687 maior

148 2735 217 2795 item
240 2741 420 2812 capnoniuo
444 2743 667 2819 adsipnifieari,
690 2741 772 2814 quod
793 2739 941 2798 dieantur
958 2736 1054 2794 Annii
1073 2733 1200 2812 Caprae,
1217 2734 1312 2796 Sta

148 2846 207 2904 tilii
227 2844 330 2919 Tauri,
357 2845 482 2908 Voconii
506 2847 604 2908 Vituli.
641 2845 776 2907 lacunam
799 2851 867 2924 post
887 2859 993 2902 nomen
1016 2839 1149 2903 Taurius
1167 2832 1312 2902 Saline?-

146 2949 236 3011 derus
259 2952 411 3034 indicavit3
437 2953 514 3014 idem
538 2955 568 3014 in
593 2951 834 3015 adnotationibus
857 2953 927 3012 item
950 2951 1131 3024 coononun
1154 2942 1302 3025 adsim·

143 3061 242 3133 ficunt
272 3058 429 3140 legendum
462 3080 527 3123 esse
556 3062 684 3124 coniecit
711 3060 845 3139 adposito
878 3055 1012 3137 exemplo
1045 3053 1179 3117 eiusdem
1205 3047 1293 3116 verbi

146 3163 242 3247 llll,
264 3165 305 3229 10
341 3172 411 3231 olirn
443 3178 579 3232 tonsores
616 3188 675 3231 non
708 3168 806 3244 [111110
841 3168 1060 3241 adsignificant
1094 3167 1277 3240 uunquom

145 3279 272 3336 statuae.
311 3278 367 3336 tria
387 3279 514 3360 nomina,
533 3296 608 3357 quae
632 3296 648 3336 a
673 3278 782 3337 maiore
807 3290 915 3354 pecore
938 3271 1027 3332 ducta
1055 3280 1165 3352 essent,
1193 3272 1273 3352 pouit

145 3377 237 3440 luisse
261 3379 387 3442 Ursinus
412 3382 485 3445 vidit
508 3393 538 3445 et
560 3383 754 3463 probabiliter
778 3379 891 3442 addidit
914 3380 1045 3440 Asinius.
1087 3377 1145 3439 boo
1167 3384 1271 3458 receptu

144 3485 278 3548 inbono
308 3488 427 3551 modum
456 3490 543 3552 rerba
573 3493 703 3572 restitui,
726 3494 771 3551 sic
799 3507 819 3550 a
846 3490 964 3548 maiore
990 3486 1134 3561 Equitius
1159 3485 1273 3548 Taunus

145 3597 275 3669 Asinius,
296 3598 373 3657 idern
393 3601 572 3674 cognomina
591 3601 812 3673 adsignificare
830 3598 984 3667 dicuutur,
1003 3601 1038 3654 ut
1055 3594 1142 3654 Anni
1160 3595 1276 3672 Cuprae,

145 3703 248 3762 Statili
273 3703 374 3778 lauri,
400 3706 546 3782 Pomponi
574 3705 673 3766 Vituli.
720 3722 786 3765 nam
817 3699 960 3782 singulari
988 3716 1116 3761 numero
1140 3708 1171 3762 01
1196 3703 1278 3763 uomi-

144 3826 215 3868 num
238 3818 268 3869 et
292 3814 500 3891 cognominum
519 3812 650 3892 exempla
675 3813 770 3891 posita
794 3819 872 3871 sunt.

234 3916 271 3978 ll
305 3917 468 3980 Relicum
500 3928 555 3979 est
587 3919 627 3979 de
660 3920 817 3979 scientia
849 3913 1027 3997 pastorali
1058 3913 1102 3975 do
1136 3933 1203 3994 qua
1232 3925 1283 3977 est

141 4024 331 4086 dicendum
369 4025 460 4104 quod
499 4028 617 4087 serula
655 4033 778 4087 noster
810 4026 870 4085 oui
906 4021 992 4083 baec
1024 4029 1128 4082 aetus
1168 4023 1285 4086 1101011

141 4150 261 4192 10111111
295 4134 515 4194 rusticarum
547 4135 702 4194 omnium
730 4132 878 4213 palmam
908 4148 978 4210 quo
1005 4127 1139 4191 melius
1169 4140 1288 4212 potest

142 4236 226 4314 dici]
256 4239 320 4311 Quo
343 4243 448 4301 melius
467 4248 573 4318 potest,
598 4243 648 4303 dic
672 4239 812 4320 Scaliger.
858 4243 896 4301 de
923 4256 984 4314 pua
1007 4238 1092 4313 quod
1118 4245 1166 4300 est
1187 4242 1288 4303 dicut·

142 4346 225 4418 dun,
249 4362 267 4405 o
290 4345 402 4421 Scrofa
426 4355 536 4428 noster,
563 4379 601 4391 -
626 4365 684 4423 quo
712 4350 817 4409 melius
840 4351 940 4423 potest
967 4346 1036 4405 dice
1061 4341 1206 4424 burnus,
1232 4368 1290 4426 quo

140 4455 245 4513 melius
269 4461 354 4529 potes
382 4457 451 4516 dice
474 4453 637 4536 Gesnerus,
661 4458 699 4516 de
726 4472 788 4530 aua
814 4455 897 4530 quod
917 4460 962 4515 est
984 4454 1153 4517 aiemdun
1174 4455 1290 4536 Scrusu
