<?xml version="1.0" encoding="UTF-8"?>
<!DOCTYPE html PUBLIC "-//W3C//DTD XHTML 1.0 Transitional//EN"
    "http://www.w3.org/TR/xhtml1/DTD/xhtml1-transitional.dtd">
<html xmlns="http://www.w3.org/1999/xhtml" xml:lang="en" lang="en">
 <head>
  <title>
</title>
<meta http-equiv="Content-Type" content="text/html;charset=utf-8" />
  <meta name='ocr-system' content='tesseract 3.04.00' />
  <meta name='ocr-capabilities' content='ocr_page ocr_carea ocr_par ocr_line ocrx_word'/>
</head>
<body>
  <div class='ocr_page' id='page_1' title='image "./mporcicatonisde00keilgoog_0139.png"; bbox 0 0 2874 4994; ppageno 0'>
   <div class='ocr_carea' id='block_1_1' title="bbox 252 331 1037 394">
    <p class='ocr_par' dir='ltr' id='par_1_1' title="bbox 252 331 1037 394">
     <span class='ocr_line' id='line_1_1' title="bbox 252 331 1037 394; baseline -0.005 0"><span class='ocrx_word' id='word_1_1' title='bbox 252 331 315 394; x_wconf 90' lang='lat'><strong>118</strong></span> <span class='ocrx_word' id='word_1_2' title='bbox 611 336 801 392; x_wconf 82' lang='lat' dir='ltr'><strong>COMMENT.</strong></span> <span class='ocrx_word' id='word_1_3' title='bbox 821 337 861 391; x_wconf 89' lang='lat' dir='ltr'><strong>IN</strong></span> <span class='ocrx_word' id='word_1_4' title='bbox 880 335 1037 392; x_wconf 84' lang='lat' dir='ltr'>CATONIS</span> 
     </span>
    </p>
   </div>
   <div class='ocr_carea' id='block_1_2' title="bbox 220 488 1404 4547">
    <p class='ocr_par' dir='ltr' id='par_1_2' title="bbox 248 488 1395 1647">
     <span class='ocr_line' id='line_1_2' title="bbox 250 488 1391 573; baseline -0.003 -19"><span class='ocrx_word' id='word_1_5' title='bbox 250 492 394 554; x_wconf 91' lang='lat' dir='ltr'><strong>Politiano</strong></span> <span class='ocrx_word' id='word_1_6' title='bbox 418 512 477 553; x_wconf 97' lang='lat' dir='ltr'><strong>non</strong></span> <span class='ocrx_word' id='word_1_7' title='bbox 502 499 623 573; x_wconf 88' lang='lat' dir='ltr'><strong>mutata,</strong></span> <span class='ocrx_word' id='word_1_8' title='bbox 646 500 735 571; x_wconf 90' lang='lat' dir='ltr'><strong>atque</strong></span> <span class='ocrx_word' id='word_1_9' title='bbox 759 492 815 553; x_wconf 92' lang='lat' dir='ltr'><strong>boc</strong></span> <span class='ocrx_word' id='word_1_10' title='bbox 840 494 939 571; x_wconf 88' lang='lat' dir='ltr'><strong>ipsum</strong></span> <span class='ocrx_word' id='word_1_11' title='bbox 962 493 992 552; x_wconf 94' lang='lat' dir='ltr'><strong>in</strong></span> <span class='ocrx_word' id='word_1_12' title='bbox 1017 490 1120 553; x_wconf 89' lang='lat' dir='ltr'><strong>codice</strong></span> <span class='ocrx_word' id='word_1_13' title='bbox 1138 491 1286 570; x_wconf 88' lang='lat' dir='ltr'><strong>seriptum</strong></span> <span class='ocrx_word' id='word_1_14' title='bbox 1304 488 1391 551; x_wconf 82' lang='lat' dir='ltr'><strong>luisse</strong></span> 
     </span>
     <span class='ocr_line' id='line_1_3' title="bbox 250 598 1393 681; baseline -0.002 -22"><span class='ocrx_word' id='word_1_15' title='bbox 250 599 399 663; x_wconf 88' lang='lat' dir='ltr'><strong>Victorius</strong></span> <span class='ocrx_word' id='word_1_16' title='bbox 432 603 463 661; x_wconf 93' lang='lat' dir='ltr'><strong>iu</strong></span> <span class='ocrx_word' id='word_1_17' title='bbox 494 598 740 681; x_wconf 80' lang='lat' dir='ltr'><strong>explicationibus</strong></span> <span class='ocrx_word' id='word_1_18' title='bbox 769 608 904 660; x_wconf 87' lang='lat' dir='ltr'><strong>testatur.</strong></span> <span class='ocrx_word' id='word_1_19' title='bbox 950 618 1017 659; x_wconf 90' lang='lat' dir='ltr'><strong>nam</strong></span> <span class='ocrx_word' id='word_1_20' title='bbox 1046 604 1191 660; x_wconf 85' lang='lat' dir='ltr'><strong>nascetur</strong></span> <span class='ocrx_word' id='word_1_21' title='bbox 1218 598 1249 657; x_wconf 97' lang='lat' dir='ltr'><strong>in</strong></span> <span class='ocrx_word' id='word_1_22' title='bbox 1278 598 1393 657; x_wconf 84' lang='lat' dir='ltr'><strong>excusis</strong></span> 
     </span>
     <span class='ocr_line' id='line_1_4' title="bbox 250 703 1393 787; baseline -0.003 -18"><span class='ocrx_word' id='word_1_23' title='bbox 250 717 318 769; x_wconf 89' lang='lat' dir='ltr'><strong>ante</strong></span> <span class='ocrx_word' id='word_1_24' title='bbox 347 706 510 769; x_wconf 90' lang='lat' dir='ltr'><strong>Victorium</strong></span> <span class='ocrx_word' id='word_1_25' title='bbox 539 704 720 767; x_wconf 79' lang='lat' dir='ltr'><strong>editionibus</strong></span> <span class='ocrx_word' id='word_1_26' title='bbox 751 715 781 767; x_wconf 87' lang='lat' dir='ltr'><strong>et</strong></span> <span class='ocrx_word' id='word_1_27' title='bbox 813 708 844 766; x_wconf 95' lang='lat' dir='ltr'><strong>in</strong></span> <span class='ocrx_word' id='word_1_28' title='bbox 877 709 939 785; x_wconf 86' lang='lat' dir='ltr'><strong>ipsa</strong></span> <span class='ocrx_word' id='word_1_29' title='bbox 969 704 1092 766; x_wconf 90' lang='lat' dir='ltr'><strong>Victorii</strong></span> <span class='ocrx_word' id='word_1_30' title='bbox 1121 704 1249 766; x_wconf 77' lang='lat' dir='ltr'><strong>editione</strong></span> <span class='ocrx_word' id='word_1_31' title='bbox 1280 703 1393 787; x_wconf 84' lang='lat' dir='ltr'><strong>legitur,</strong></span> 
     </span>
     <span class='ocr_line' id='line_1_5' title="bbox 251 811 1393 895; baseline -0.003 -18"><span class='ocrx_word' id='word_1_32' title='bbox 251 834 309 877; x_wconf 93' lang='lat' dir='ltr'><strong>nou</strong></span> <span class='ocrx_word' id='word_1_33' title='bbox 334 817 483 895; x_wconf 78' lang='lat' dir='ltr'><strong>narrabit,</strong></span> <span class='ocrx_word' id='word_1_34' title='bbox 511 813 591 894; x_wconf 90' lang='lat' dir='ltr'><strong>quod</strong></span> <span class='ocrx_word' id='word_1_35' title='bbox 619 831 722 874; x_wconf 90' lang='lat' dir='ltr'><strong>errore</strong></span> <span class='ocrx_word' id='word_1_36' title='bbox 748 811 869 875; x_wconf 87' lang='lat' dir='ltr'><strong>Victorii</strong></span> <span class='ocrx_word' id='word_1_37' title='bbox 897 816 927 873; x_wconf 90' lang='lat' dir='ltr'><strong>in</strong></span> <span class='ocrx_word' id='word_1_38' title='bbox 955 813 1143 874; x_wconf 76' lang='lat' dir='ltr'><strong>adnotatione</strong></span> <span class='ocrx_word' id='word_1_39' title='bbox 1171 813 1318 892; x_wconf 88' lang='lat' dir='ltr'><strong>scriptum</strong></span> <span class='ocrx_word' id='word_1_40' title='bbox 1341 823 1393 874; x_wconf 84' lang='lat' dir='ltr'><strong>est.</strong></span> 
     </span>
     <span class='ocr_line' id='line_1_6' title="bbox 250 918 1393 1002; baseline -0.002 -19"><span class='ocrx_word' id='word_1_41' title='bbox 250 923 303 983; x_wconf 88' lang='lat' dir='ltr'><strong>sed</strong></span> <span class='ocrx_word' id='word_1_42' title='bbox 326 930 481 1002; x_wconf 88' lang='lat' dir='ltr'><strong>praeterea</strong></span> <span class='ocrx_word' id='word_1_43' title='bbox 505 923 534 982; x_wconf 94' lang='lat' dir='ltr'><strong>in</strong></span> <span class='ocrx_word' id='word_1_44' title='bbox 557 923 689 1000; x_wconf 80' lang='lat' dir='ltr'><strong>margine</strong></span> <span class='ocrx_word' id='word_1_45' title='bbox 708 920 861 1001; x_wconf 76' lang='lat' dir='ltr'><strong>archetypi</strong></span> <span class='ocrx_word' id='word_1_46' title='bbox 880 923 999 982; x_wconf 82' lang='lat' dir='ltr'><strong>nocebit</strong></span> <span class='ocrx_word' id='word_1_47' title='bbox 1017 921 1199 1000; x_wconf 90' lang='lat' dir='ltr'><strong>adscriptum</strong></span> <span class='ocrx_word' id='word_1_48' title='bbox 1219 927 1294 1001; x_wconf 90' lang='lat' dir='ltr'><strong>erat,</strong></span> <span class='ocrx_word' id='word_1_49' title='bbox 1317 918 1393 1000; x_wconf 90' lang='lat' dir='ltr'><strong>quod</strong></span> 
     </span>
     <span class='ocr_line' id='line_1_7' title="bbox 251 1026 1394 1107; baseline -0.001 -17"><span class='ocrx_word' id='word_1_50' title='bbox 251 1049 309 1090; x_wconf 91' lang='lat' dir='ltr'><strong>una</strong></span> <span class='ocrx_word' id='word_1_51' title='bbox 339 1048 406 1090; x_wconf 90' lang='lat' dir='ltr'><strong>cum</strong></span> <span class='ocrx_word' id='word_1_52' title='bbox 436 1029 527 1089; x_wconf 90' lang='lat' dir='ltr'><strong>altera</strong></span> <span class='ocrx_word' id='word_1_53' title='bbox 558 1031 705 1107; x_wconf 88' lang='lat' dir='ltr'><strong>scriptura</strong></span> <span class='ocrx_word' id='word_1_54' title='bbox 734 1036 879 1090; x_wconf 86' lang='lat' dir='ltr'><strong>nascetur</strong></span> <span class='ocrx_word' id='word_1_55' title='bbox 903 1030 933 1088; x_wconf 92' lang='lat' dir='ltr'><strong>in</strong></span> <span class='ocrx_word' id='word_1_56' title='bbox 957 1028 1089 1088; x_wconf 85' lang='lat' dir='ltr'><strong>codicem</strong></span> <span class='ocrx_word' id='word_1_57' title='bbox 1113 1026 1282 1090; x_wconf 87' lang='lat' dir='ltr'><strong>Parisiuum</strong></span> <span class='ocrx_word' id='word_1_58' title='bbox 1304 1027 1329 1088; x_wconf 75' lang='lat' dir='ltr'>A</span> <span class='ocrx_word' id='word_1_59' title='bbox 1352 1045 1394 1089; x_wconf 75' lang='lat' dir='ltr'><strong>re</strong></span> 
     </span>
     <span class='ocr_line' id='line_1_8' title="bbox 251 1134 1395 1218; baseline -0.003 -18"><span class='ocrx_word' id='word_1_60' title='bbox 251 1146 370 1218; x_wconf 90' lang='lat' dir='ltr'><strong>ceptum</strong></span> <span class='ocrx_word' id='word_1_61' title='bbox 404 1147 457 1197; x_wconf 91' lang='lat' dir='ltr'><strong>est.</strong></span> <span class='ocrx_word' id='word_1_62' title='bbox 504 1154 538 1197; x_wconf 82' lang='lat' dir='ltr'><strong>ex</strong></span> <span class='ocrx_word' id='word_1_63' title='bbox 573 1134 791 1197; x_wconf 90' lang='lat' dir='ltr'><strong>recentioribus</strong></span> <span class='ocrx_word' id='word_1_64' title='bbox 823 1134 908 1197; x_wconf 89' lang='lat' dir='ltr'><strong>libris</strong></span> <span class='ocrx_word' id='word_1_65' title='bbox 940 1135 1091 1197; x_wconf 88' lang='lat' dir='ltr'><strong>llediceus</strong></span> <span class='ocrx_word' id='word_1_66' title='bbox 1123 1155 1151 1197; x_wconf 92' lang='lat' dir='ltr'><strong>m</strong></span> <span class='ocrx_word' id='word_1_67' title='bbox 1189 1144 1219 1196; x_wconf 91' lang='lat' dir='ltr'><strong>et</strong></span> <span class='ocrx_word' id='word_1_68' title='bbox 1251 1134 1395 1197; x_wconf 82' lang='lat' dir='ltr'><strong>Caesones</strong></span> 
     </span>
     <span class='ocr_line' id='line_1_9' title="bbox 251 1242 1395 1326; baseline -0.002 -19"><span class='ocrx_word' id='word_1_69' title='bbox 251 1255 406 1326; x_wconf 87' lang='lat' dir='ltr'><strong>nascetur,</strong></span> <span class='ocrx_word' id='word_1_70' title='bbox 430 1244 449 1304; x_wconf 96' lang='lat' dir='ltr'><strong>b</strong></span> <span class='ocrx_word' id='word_1_71' title='bbox 473 1252 503 1305; x_wconf 90' lang='lat' dir='ltr'><strong>et</strong></span> <span class='ocrx_word' id='word_1_72' title='bbox 527 1243 717 1304; x_wconf 85' lang='lat' dir='ltr'><strong>Florentinus</strong></span> <span class='ocrx_word' id='word_1_73' title='bbox 741 1244 755 1304; x_wconf 88' lang='lat' dir='ltr'><strong>i</strong></span> <span class='ocrx_word' id='word_1_74' title='bbox 774 1245 893 1305; x_wconf 86' lang='lat' dir='ltr'><strong>nocebit</strong></span> <span class='ocrx_word' id='word_1_75' title='bbox 918 1243 1068 1305; x_wconf 85' lang='lat' dir='ltr'><strong>exhibent.</strong></span> <span class='ocrx_word' id='word_1_76' title='bbox 1113 1251 1261 1306; x_wconf 88' lang='lat' dir='ltr'><strong>nascetur</strong></span> <span class='ocrx_word' id='word_1_77' title='bbox 1283 1242 1395 1305; x_wconf 80' lang='lat' dir='ltr'><strong>Plinius</strong></span> 
     </span>
     <span class='ocr_line' id='line_1_10' title="bbox 250 1352 1393 1432; baseline 0 -19"><span class='ocrx_word' id='word_1_78' title='bbox 250 1352 268 1413; x_wconf 91' lang='lat' dir='ltr'><strong>l.</strong></span> <span class='ocrx_word' id='word_1_79' title='bbox 289 1372 314 1415; x_wconf 93' lang='lat' dir='ltr'><strong>c.</strong></span> <span class='ocrx_word' id='word_1_80' title='bbox 354 1356 474 1414; x_wconf 82' lang='lat' dir='ltr'><strong>nocebit</strong></span> <span class='ocrx_word' id='word_1_81' title='bbox 496 1352 532 1413; x_wconf 89' lang='lat' dir='ltr'><strong>ad</strong></span> <span class='ocrx_word' id='word_1_82' title='bbox 556 1353 726 1431; x_wconf 87' lang='lat' dir='ltr'><strong>primariam</strong></span> <span class='ocrx_word' id='word_1_83' title='bbox 751 1353 929 1431; x_wconf 79' lang='lat' dir='ltr'><strong>scripturam</strong></span> <span class='ocrx_word' id='word_1_84' title='bbox 954 1352 1070 1413; x_wconf 87' lang='lat' dir='ltr'><strong>videtur</strong></span> <span class='ocrx_word' id='word_1_85' title='bbox 1088 1352 1275 1432; x_wconf 88' lang='lat' dir='ltr'><strong>adscriptum</strong></span> <span class='ocrx_word' id='word_1_86' title='bbox 1293 1370 1393 1414; x_wconf 88' lang='lat' dir='ltr'><strong>essea</strong></span> 
     </span>
     <span class='ocr_line' id='line_1_11' title="bbox 252 1456 1392 1540; baseline 0.001 -19"><span class='ocrx_word' id='word_1_87' title='bbox 252 1469 432 1540; x_wconf 90' lang='lat' dir='ltr'><strong>correctore,</strong></span> <span class='ocrx_word' id='word_1_88' title='bbox 456 1461 507 1539; x_wconf 89' lang='lat' dir='ltr'><strong>qui</strong></span> <span class='ocrx_word' id='word_1_89' title='bbox 531 1456 666 1519; x_wconf 89' lang='lat' dir='ltr'><strong>similiter</strong></span> <span class='ocrx_word' id='word_1_90' title='bbox 686 1461 830 1538; x_wconf 85' lang='lat' dir='ltr'><strong>scriptum</strong></span> <span class='ocrx_word' id='word_1_91' title='bbox 851 1478 916 1519; x_wconf 89' lang='lat' dir='ltr'><strong>esse</strong></span> <span class='ocrx_word' id='word_1_92' title='bbox 936 1458 1054 1520; x_wconf 89' lang='lat' dir='ltr'><strong>videbat</strong></span> <span class='ocrx_word' id='word_1_93' title='bbox 1072 1478 1096 1519; x_wconf 91' lang='lat' dir='ltr'><strong>c.</strong></span> <span class='ocrx_word' id='word_1_94' title='bbox 1112 1458 1155 1521; x_wconf 82' lang='grc'><strong>92</strong></span> <span class='ocrx_word' id='word_1_95' title='bbox 1174 1465 1316 1522; x_wconf 82' lang='lat' dir='ltr'><strong>curculio</strong></span> <span class='ocrx_word' id='word_1_96' title='bbox 1336 1479 1392 1523; x_wconf 89' lang='lat' dir='ltr'><strong>non</strong></span> 
     </span>
     <span class='ocr_line' id='line_1_12' title="bbox 248 1563 1391 1647; baseline 0.002 -20"><span class='ocrx_word' id='word_1_97' title='bbox 248 1570 374 1642; x_wconf 81' lang='lat' dir='ltr'><strong>nocebit,</strong></span> <span class='ocrx_word' id='word_1_98' title='bbox 399 1564 439 1627; x_wconf 83' lang='grc'><strong>91</strong></span> <span class='ocrx_word' id='word_1_99' title='bbox 466 1585 564 1641; x_wconf 79' lang='lat' dir='ltr'><strong>neque</strong></span> <span class='ocrx_word' id='word_1_100' title='bbox 579 1565 731 1641; x_wconf 77' lang='lat' dir='ltr'><strong>formicae</strong></span> <span class='ocrx_word' id='word_1_101' title='bbox 750 1568 907 1643; x_wconf 88' lang='lat' dir='ltr'><strong>nocebunt,</strong></span> <span class='ocrx_word' id='word_1_102' title='bbox 932 1563 1016 1647; x_wconf 65' lang='lat' dir='ltr'><strong>bat</strong></span> <span class='ocrx_word' id='word_1_103' title='bbox 1039 1570 1133 1628; x_wconf 89' lang='lat' dir='ltr'><strong>tiniae</strong></span> <span class='ocrx_word' id='word_1_104' title='bbox 1152 1586 1212 1629; x_wconf 89' lang='lat' dir='ltr'><strong>non</strong></span> <span class='ocrx_word' id='word_1_105' title='bbox 1233 1570 1391 1631; x_wconf 83' lang='lat' dir='ltr'><strong>nocebunt.</strong></span> 
     </span>
    </p>

    <p class='ocr_par' dir='ltr' id='par_1_3' title="bbox 220 1672 1404 4547">
     <span class='ocr_line' id='line_1_13' title="bbox 337 1672 1396 1753; baseline 0.004 -20"><span class='ocrx_word' id='word_1_106' title='bbox 337 1673 517 1735; x_wconf 84' lang='lat' dir='ltr'>LXXXXVI</span> <span class='ocrx_word' id='word_1_107' title='bbox 550 1672 567 1734; x_wconf 93' lang='lat'>1</span> <span class='ocrx_word' id='word_1_108' title='bbox 602 1673 788 1733; x_wconf 81' lang='lat' dir='ltr'><strong>Amurcam</strong></span> <span class='ocrx_word' id='word_1_109' title='bbox 822 1673 968 1735; x_wconf 87' lang='lat' dir='ltr'><strong>condito</strong></span> <span class='ocrx_word' id='word_1_110' title='bbox 1002 1692 1124 1753; x_wconf 92' lang='lat' dir='ltr'><strong>puram</strong></span> <span class='ocrx_word' id='word_1_111' title='bbox 1161 1673 1252 1735; x_wconf 91' lang='lat' dir='ltr'><strong>bene</strong></span> <span class='ocrx_word' id='word_1_112' title='bbox 1287 1676 1396 1737; x_wconf 82' lang='lat' dir='ltr'><strong>tacito</strong></span> 
     </span>
     <span class='ocr_line' id='line_1_14' title="bbox 249 1779 1397 1861; baseline 0.003 -20"><span class='ocrx_word' id='word_1_113' title='bbox 249 1799 373 1860; x_wconf 89' lang='lat' dir='ltr'><strong>aquam</strong></span> <span class='ocrx_word' id='word_1_114' title='bbox 402 1779 549 1861; x_wconf 90' lang='lat' dir='ltr'><strong>lupinus</strong></span> <span class='ocrx_word' id='word_1_115' title='bbox 578 1780 758 1841; x_wconf 88' lang='lat' dir='ltr'><strong>‹lelruerit</strong></span> <span class='ocrx_word' id='word_1_116' title='bbox 786 1789 820 1841; x_wconf 90' lang='lat' dir='ltr'><strong>et</strong></span> <span class='ocrx_word' id='word_1_117' title='bbox 849 1782 981 1841; x_wconf 90' lang='lat' dir='ltr'><strong>laecem</strong></span> <span class='ocrx_word' id='word_1_118' title='bbox 1010 1781 1051 1841; x_wconf 91' lang='lat' dir='ltr'><strong>de</strong></span> <span class='ocrx_word' id='word_1_119' title='bbox 1079 1783 1161 1842; x_wconf 93' lang='lat' dir='ltr'><strong>uino</strong></span> <span class='ocrx_word' id='word_1_120' title='bbox 1186 1781 1279 1843; x_wconf 94' lang='lat' dir='ltr'><strong>bono</strong></span> <span class='ocrx_word' id='word_1_121' title='bbox 1303 1785 1397 1845; x_wconf 86' lang='lat' dir='ltr'><strong>inter</strong></span> 
     </span>
     <span class='ocr_line' id='line_1_15' title="bbox 250 1887 1396 1968; baseline 0.003 -19"><span class='ocrx_word' id='word_1_122' title='bbox 250 1907 285 1949; x_wconf 88' lang='lat' dir='ltr'><strong>se</strong></span> <span class='ocrx_word' id='word_1_123' title='bbox 314 1890 429 1948; x_wconf 89' lang='lat' dir='ltr'><strong>omnia</strong></span> <span class='ocrx_word' id='word_1_124' title='bbox 458 1889 688 1949; x_wconf 90' lang='lat' dir='ltr'><strong>commisceto</strong></span> <span class='ocrx_word' id='word_1_125' title='bbox 718 1887 873 1968; x_wconf 88' lang='lat' dir='ltr'><strong>pariter]</strong></span> <span class='ocrx_word' id='word_1_126' title='bbox 904 1891 1020 1965; x_wconf 80' lang='lat' dir='ltr'><strong>Aquam</strong></span> <span class='ocrx_word' id='word_1_127' title='bbox 1049 1893 1080 1949; x_wconf 86' lang='lat' dir='ltr'><strong>in</strong></span> <span class='ocrx_word' id='word_1_128' title='bbox 1104 1892 1206 1966; x_wconf 84' lang='lat' dir='ltr'><strong>lupino</strong></span> <span class='ocrx_word' id='word_1_129' title='bbox 1230 1890 1396 1967; x_wconf 80' lang='lat' dir='ltr'><strong>deseruerit</strong></span> 
     </span>
     <span class='ocr_line' id='line_1_16' title="bbox 249 1995 1398 2077; baseline 0.004 -21"><span class='ocrx_word' id='word_1_130' title='bbox 249 1995 374 2069; x_wconf 87' lang='lat' dir='ltr'><strong>blerula,</strong></span> <span class='ocrx_word' id='word_1_131' title='bbox 408 2014 520 2071; x_wconf 79' lang='lat' dir='ltr'><strong>aquam</strong></span> <span class='ocrx_word' id='word_1_132' title='bbox 551 1998 606 2056; x_wconf 89' lang='lat' dir='ltr'><strong>ubi</strong></span> <span class='ocrx_word' id='word_1_133' title='bbox 636 1999 757 2072; x_wconf 85' lang='lat' dir='ltr'><strong>lupinus</strong></span> <span class='ocrx_word' id='word_1_134' title='bbox 785 1995 973 2071; x_wconf 82' lang='lat' dir='ltr'><strong>deferbuerit</strong></span> <span class='ocrx_word' id='word_1_135' title='bbox 1003 1995 1167 2077; x_wconf 90' lang='lat' dir='ltr'><strong>lucundus‚</strong></span> <span class='ocrx_word' id='word_1_136' title='bbox 1200 2017 1314 2075; x_wconf 83' lang='lat' dir='ltr'><strong>aqream</strong></span> <span class='ocrx_word' id='word_1_137' title='bbox 1347 2001 1398 2061; x_wconf 85' lang='lat' dir='ltr'><strong>ubi</strong></span> 
     </span>
     <span class='ocr_line' id='line_1_17' title="bbox 248 2100 1397 2185; baseline 0.003 -21"><span class='ocrx_word' id='word_1_138' title='bbox 248 2107 369 2181; x_wconf 87' lang='lat' dir='ltr'><strong>lupinus</strong></span> <span class='ocrx_word' id='word_1_139' title='bbox 398 2103 564 2179; x_wconf 83' lang='lat' dir='ltr'><strong>deseruerit</strong></span> <span class='ocrx_word' id='word_1_140' title='bbox 592 2100 748 2164; x_wconf 87' lang='lat' dir='ltr'><strong>Victorius.</strong></span> <span class='ocrx_word' id='word_1_141' title='bbox 796 2122 849 2183; x_wconf 90' lang='lat' dir='ltr'><strong>pro</strong></span> <span class='ocrx_word' id='word_1_142' title='bbox 883 2103 939 2163; x_wconf 91' lang='lat' dir='ltr'><strong>hoo</strong></span> <span class='ocrx_word' id='word_1_143' title='bbox 972 2123 1083 2179; x_wconf 80' lang='lat' dir='ltr'><strong>aquam</strong></span> <span class='ocrx_word' id='word_1_144' title='bbox 1117 2108 1146 2165; x_wconf 86' lang='lat' dir='ltr'><strong>ia</strong></span> <span class='ocrx_word' id='word_1_145' title='bbox 1180 2125 1242 2181; x_wconf 80' lang='lat' dir='ltr'><strong>qua</strong></span> <span class='ocrx_word' id='word_1_146' title='bbox 1275 2109 1397 2185; x_wconf 82' lang='lat' dir='ltr'><strong>lupinus</strong></span> 
     </span>
     <span class='ocr_line' id='line_1_18' title="bbox 249 2208 1397 2293; baseline 0.002 -22"><span class='ocrx_word' id='word_1_147' title='bbox 249 2209 415 2285; x_wconf 79' lang='lat' dir='ltr'><strong>deseruerit</strong></span> <span class='ocrx_word' id='word_1_148' title='bbox 435 2211 550 2290; x_wconf 89' lang='lat' dir='ltr'><strong>scripsi.</strong></span> <span class='ocrx_word' id='word_1_149' title='bbox 580 2209 712 2285; x_wconf 88' lang='lat' dir='ltr'><strong>feruerit</strong></span> <span class='ocrx_word' id='word_1_150' title='bbox 731 2213 875 2291; x_wconf 88' lang='lat' dir='ltr'><strong>scriptum</strong></span> <span class='ocrx_word' id='word_1_151' title='bbox 896 2220 942 2271; x_wconf 92' lang='lat' dir='ltr'><strong>est</strong></span> <span class='ocrx_word' id='word_1_152' title='bbox 962 2209 1036 2292; x_wconf 79' lang='lat'><strong>157,</strong></span> <span class='ocrx_word' id='word_1_153' title='bbox 1054 2208 1074 2271; x_wconf 81' lang='lat'>9</span> <span class='ocrx_word' id='word_1_154' title='bbox 1095 2221 1124 2273; x_wconf 91' lang='lat' dir='ltr'><strong>et</strong></span> <span class='ocrx_word' id='word_1_155' title='bbox 1143 2214 1301 2288; x_wconf 84' lang='lat' dir='ltr'><strong>efferverit</strong></span> <span class='ocrx_word' id='word_1_156' title='bbox 1324 2212 1397 2293; x_wconf 76' lang='lat'><strong>1153</strong></span> 
     </span>
     <span class='ocr_line' id='line_1_19' title="bbox 249 2315 1396 2397; baseline 0.004 -21"><span class='ocrx_word' id='word_1_157' title='bbox 249 2318 321 2377; x_wconf 89' lang='lat' dir='ltr'><strong>item</strong></span> <span class='ocrx_word' id='word_1_158' title='bbox 355 2318 431 2396; x_wconf 90' lang='lat' dir='ltr'><strong>apud</strong></span> <span class='ocrx_word' id='word_1_159' title='bbox 461 2315 651 2378; x_wconf 87' lang='lat' dir='ltr'><strong>Columellam</strong></span> <span class='ocrx_word' id='word_1_160' title='bbox 682 2319 712 2377; x_wconf 95' lang='lat' dir='ltr'><strong>in</strong></span> <span class='ocrx_word' id='word_1_161' title='bbox 742 2318 844 2379; x_wconf 89' lang='lat' dir='ltr'><strong>codice</strong></span> <span class='ocrx_word' id='word_1_162' title='bbox 874 2317 1122 2397; x_wconf 80' lang='lat' dir='ltr'><strong>Sangermane&#39;nsi</strong></span> <span class='ocrx_word' id='word_1_163' title='bbox 1150 2318 1319 2394; x_wconf 84' lang='lat' dir='ltr'><strong>deseruerit</strong></span> <span class='ocrx_word' id='word_1_164' title='bbox 1347 2319 1396 2382; x_wconf 78' lang='lat' dir='ltr'><strong>xil</strong></span> 
     </span>
     <span class='ocr_line' id='line_1_20' title="bbox 248 2421 1399 2510; baseline 0.001 -23"><span class='ocrx_word' id='word_1_165' title='bbox 248 2422 301 2506; x_wconf 91' lang='grc'><strong>20,</strong></span> <span class='ocrx_word' id='word_1_166' title='bbox 316 2423 344 2486; x_wconf 93' lang='grc'><strong>2.</strong></span> <span class='ocrx_word' id='word_1_167' title='bbox 369 2423 421 2507; x_wconf 86' lang='grc'><strong>21,</strong></span> <span class='ocrx_word' id='word_1_168' title='bbox 436 2421 465 2485; x_wconf 94' lang='grc'><strong>2.</strong></span> <span class='ocrx_word' id='word_1_169' title='bbox 490 2422 542 2505; x_wconf 87' lang='grc'><strong>38,</strong></span> <span class='ocrx_word' id='word_1_170' title='bbox 558 2421 586 2485; x_wconf 90' lang='grc'><strong>3.</strong></span> <span class='ocrx_word' id='word_1_171' title='bbox 611 2421 663 2501; x_wconf 81' lang='grc'><strong>39,</strong></span> <span class='ocrx_word' id='word_1_172' title='bbox 677 2422 706 2486; x_wconf 91' lang='grc'><strong>2.</strong></span> <span class='ocrx_word' id='word_1_173' title='bbox 731 2421 783 2507; x_wconf 85' lang='grc'><strong>40,</strong></span> <span class='ocrx_word' id='word_1_174' title='bbox 807 2424 960 2500; x_wconf 73' lang='lat' dir='ltr'><strong>deferbuit</strong></span> <span class='ocrx_word' id='word_1_175' title='bbox 983 2434 1012 2485; x_wconf 92' lang='lat' dir='ltr'><strong>et</strong></span> <span class='ocrx_word' id='word_1_176' title='bbox 1033 2425 1221 2502; x_wconf 85' lang='lat' dir='ltr'><strong>deferbuerit</strong></span> <span class='ocrx_word' id='word_1_177' title='bbox 1241 2427 1280 2489; x_wconf 90' lang='lat' dir='ltr'><strong>ib.</strong></span> <span class='ocrx_word' id='word_1_178' title='bbox 1301 2425 1357 2510; x_wconf 86' lang='lat'><strong>21,</strong></span> <span class='ocrx_word' id='word_1_179' title='bbox 1369 2427 1399 2490; x_wconf 85' lang='lat'><strong>3.</strong></span> 
     </span>
     <span class='ocr_line' id='line_1_21' title="bbox 249 2528 1398 2615; baseline 0.002 -20"><span class='ocrx_word' id='word_1_180' title='bbox 249 2531 301 2613; x_wconf 88' lang='grc'><strong>23,</strong></span> <span class='ocrx_word' id='word_1_181' title='bbox 320 2531 350 2594; x_wconf 90' lang='lat'><strong>2.</strong></span> <span class='ocrx_word' id='word_1_182' title='bbox 375 2530 426 2615; x_wconf 86' lang='lat'><strong>24,</strong></span> <span class='ocrx_word' id='word_1_183' title='bbox 446 2530 475 2594; x_wconf 90' lang='lat'><strong>2.</strong></span> <span class='ocrx_word' id='word_1_184' title='bbox 501 2529 553 2591; x_wconf 78' lang='lat'><strong>27.</strong></span> <span class='ocrx_word' id='word_1_185' title='bbox 577 2528 628 2612; x_wconf 84' lang='lat'><strong>28,</strong></span> <span class='ocrx_word' id='word_1_186' title='bbox 648 2529 676 2593; x_wconf 86' lang='lat'><strong>3.</strong></span> <span class='ocrx_word' id='word_1_187' title='bbox 702 2530 753 2593; x_wconf 79' lang='lat'><strong>37.</strong></span> <span class='ocrx_word' id='word_1_188' title='bbox 793 2537 913 2611; x_wconf 67' lang='lat' dir='ltr'><strong>lustinus</strong></span> <span class='ocrx_word' id='word_1_189' title='bbox 937 2533 1099 2594; x_wconf 89' lang='lat' dir='ltr'><strong>masculino</strong></span> <span class='ocrx_word' id='word_1_190' title='bbox 1123 2552 1233 2613; x_wconf 82' lang='lat' dir='ltr'><strong>genere</strong></span> <span class='ocrx_word' id='word_1_191' title='bbox 1258 2535 1317 2597; x_wconf 89' lang='lat' dir='ltr'><strong>boc</strong></span> <span class='ocrx_word' id='word_1_192' title='bbox 1340 2555 1398 2597; x_wconf 92' lang='lat' dir='ltr'><strong>uuo</strong></span> 
     </span>
     <span class='ocr_line' id='line_1_22' title="bbox 249 2639 1400 2726; baseline 0.003 -26"><span class='ocrx_word' id='word_1_193' title='bbox 249 2639 314 2701; x_wconf 90' lang='lat' dir='ltr'><strong>loco</strong></span> <span class='ocrx_word' id='word_1_194' title='bbox 348 2640 426 2720; x_wconf 89' lang='lat' dir='ltr'><strong>apud</strong></span> <span class='ocrx_word' id='word_1_195' title='bbox 455 2639 597 2699; x_wconf 84' lang='lat' dir='ltr'><strong>Catonem</strong></span> <span class='ocrx_word' id='word_1_196' title='bbox 630 2641 776 2718; x_wconf 87' lang='lat' dir='ltr'><strong>seriptum</strong></span> <span class='ocrx_word' id='word_1_197' title='bbox 809 2649 868 2720; x_wconf 89' lang='lat' dir='ltr'><strong>est,</strong></span> <span class='ocrx_word' id='word_1_198' title='bbox 900 2644 1035 2717; x_wconf 85' lang='lat' dir='ltr'><strong>lupinum</strong></span> <span class='ocrx_word' id='word_1_199' title='bbox 1069 2649 1174 2701; x_wconf 88' lang='lat' dir='ltr'><strong>neutro</strong></span> <span class='ocrx_word' id='word_1_200' title='bbox 1204 2660 1316 2720; x_wconf 82' lang='lat' dir='ltr'><strong>gauere</strong></span> <span class='ocrx_word' id='word_1_201' title='bbox 1347 2643 1400 2726; x_wconf 79' lang='lat' dir='ltr'><strong>bis,</strong></span> 
     </span>
     <span class='ocr_line' id='line_1_23' title="bbox 249 2742 1400 2829; baseline 0.003 -20"><span class='ocrx_word' id='word_1_202' title='bbox 249 2746 302 2829; x_wconf 83' lang='lat'><strong>34,</strong></span> <span class='ocrx_word' id='word_1_203' title='bbox 322 2746 342 2809; x_wconf 89' lang='lat'><strong>2</strong></span> <span class='ocrx_word' id='word_1_204' title='bbox 367 2750 503 2823; x_wconf 88' lang='lat' dir='ltr'><strong>lupinam</strong></span> <span class='ocrx_word' id='word_1_205' title='bbox 528 2748 636 2807; x_wconf 86' lang='lat' dir='ltr'><strong>bonum</strong></span> <span class='ocrx_word' id='word_1_206' title='bbox 656 2750 719 2822; x_wconf 82' lang='lat' dir='ltr'><strong>siet,</strong></span> <span class='ocrx_word' id='word_1_207' title='bbox 743 2742 795 2827; x_wconf 79' lang='lat'><strong>37,</strong></span> <span class='ocrx_word' id='word_1_208' title='bbox 815 2744 835 2807; x_wconf 94' lang='grc'><strong>2</strong></span> <span class='ocrx_word' id='word_1_209' title='bbox 858 2751 994 2824; x_wconf 87' lang='lat' dir='ltr'><strong>lupinum</strong></span> <span class='ocrx_word' id='word_1_210' title='bbox 1014 2747 1091 2823; x_wconf 86' lang='lat' dir='ltr'><strong>faba</strong></span> <span class='ocrx_word' id='word_1_211' title='bbox 1110 2752 1199 2809; x_wconf 82' lang='lat' dir='ltr'><strong>vicia.</strong></span> <span class='ocrx_word' id='word_1_212' title='bbox 1238 2768 1274 2810; x_wconf 87' lang='lat' dir='ltr'><strong>ex</strong></span> <span class='ocrx_word' id='word_1_213' title='bbox 1294 2751 1400 2812; x_wconf 89' lang='lat' dir='ltr'><strong>eodem</strong></span> 
     </span>
     <span class='ocr_line' id='line_1_24' title="bbox 251 2851 1401 2937; baseline 0.005 -23"><span class='ocrx_word' id='word_1_214' title='bbox 251 2873 360 2934; x_wconf 82' lang='lat' dir='ltr'><strong>genere</strong></span> <span class='ocrx_word' id='word_1_215' title='bbox 389 2851 590 2913; x_wconf 84' lang='lat' dir='ltr'><strong>memorabilia</strong></span> <span class='ocrx_word' id='word_1_216' title='bbox 619 2861 690 2915; x_wconf 89' lang='lat' dir='ltr'><strong>sunt</strong></span> <span class='ocrx_word' id='word_1_217' title='bbox 717 2853 798 2915; x_wconf 88' lang='lat' dir='ltr'><strong>lraec.</strong></span> <span class='ocrx_word' id='word_1_218' title='bbox 844 2859 938 2929; x_wconf 76' lang='lat' dir='ltr'><strong>querela</strong></span> <span class='ocrx_word' id='word_1_219' title='bbox 966 2864 1073 2915; x_wconf 90' lang='lat' dir='ltr'><strong>neutro</strong></span> <span class='ocrx_word' id='word_1_220' title='bbox 1102 2873 1211 2935; x_wconf 77' lang='lat' dir='ltr'><strong>gernere</strong></span> <span class='ocrx_word' id='word_1_221' title='bbox 1236 2855 1401 2937; x_wconf 85' lang='lat' dir='ltr'><strong>pluraliter,</strong></span> 
     </span>
     <span class='ocr_line' id='line_1_25' title="bbox 254 2959 1403 3046; baseline 0.003 -22"><span class='ocrx_word' id='word_1_222' title='bbox 254 2962 304 3042; x_wconf 89' lang='lat'><strong>11,</strong></span> <span class='ocrx_word' id='word_1_223' title='bbox 324 2959 345 3023; x_wconf 80' lang='lat'>5</span> <span class='ocrx_word' id='word_1_224' title='bbox 367 2966 459 3037; x_wconf 84' lang='lat' dir='ltr'><strong>quala</strong></span> <span class='ocrx_word' id='word_1_225' title='bbox 478 2965 607 3041; x_wconf 85' lang='lat' dir='ltr'><strong>sutoria,</strong></span> <span class='ocrx_word' id='word_1_226' title='bbox 631 2963 823 3046; x_wconf 81' lang='lat' dir='ltr'><strong>inapparatu</strong></span> <span class='ocrx_word' id='word_1_227' title='bbox 844 2963 1007 3022; x_wconf 83' lang='lat' dir='ltr'><strong>vindemiae</strong></span> <span class='ocrx_word' id='word_1_228' title='bbox 1028 2959 1079 3043; x_wconf 88' lang='lat'><strong>23,</strong></span> <span class='ocrx_word' id='word_1_229' title='bbox 1101 2961 1116 3024; x_wconf 91' lang='lat'><strong>1</strong></span> <span class='ocrx_word' id='word_1_230' title='bbox 1138 2967 1231 3039; x_wconf 80' lang='lat' dir='ltr'><strong>quala</strong></span> <span class='ocrx_word' id='word_1_231' title='bbox 1247 2974 1403 3041; x_wconf 80' lang='lat' dir='ltr'><strong>parentur</strong></span> 
     </span>
     <span class='ocr_line' id='line_1_26' title="bbox 220 3066 1403 3159; baseline 0.005 -30"><span class='ocrx_word' id='word_1_232' title='bbox 220 3149 225 3159; x_wconf 32' lang='grc' dir='ltr'>Ι</span> <span class='ocrx_word' id='word_1_233' title='bbox 251 3078 281 3129; x_wconf 86' lang='lat' dir='ltr'><strong>et</strong></span> <span class='ocrx_word' id='word_1_234' title='bbox 309 3088 334 3128; x_wconf 90' lang='lat' dir='ltr'><strong>c.</strong></span> <span class='ocrx_word' id='word_1_235' title='bbox 359 3066 401 3130; x_wconf 72' lang='lat'><strong>(18</strong></span> <span class='ocrx_word' id='word_1_236' title='bbox 430 3070 573 3151; x_wconf 79' lang='lat' dir='ltr'><strong>corbulae</strong></span> <span class='ocrx_word' id='word_1_237' title='bbox 601 3073 693 3144; x_wconf 82' lang='lat' dir='ltr'><strong>qreala</strong></span> <span class='ocrx_word' id='word_1_238' title='bbox 721 3074 839 3140; x_wconf 58' lang='lat' dir='ltr'><strong>scritum</strong></span> <span class='ocrx_word' id='word_1_239' title='bbox 869 3069 920 3130; x_wconf 91' lang='lat' dir='ltr'><strong>scd</strong></span> <span class='ocrx_word' id='word_1_240' title='bbox 949 3075 1057 3146; x_wconf 79' lang='lat' dir='ltr'><strong>quadis</strong></span> <span class='ocrx_word' id='word_1_241' title='bbox 1086 3070 1249 3132; x_wconf 89' lang='lat' dir='ltr'><strong>masculine</strong></span> <span class='ocrx_word' id='word_1_242' title='bbox 1278 3072 1317 3133; x_wconf 93' lang='lat' dir='ltr'><strong>de</strong></span> <span class='ocrx_word' id='word_1_243' title='bbox 1348 3074 1403 3135; x_wconf 91' lang='lat' dir='ltr'><strong>alio</strong></span> 
     </span>
     <span class='ocr_line' id='line_1_27' title="bbox 251 3174 1402 3259; baseline 0.006 -22"><span class='ocrx_word' id='word_1_244' title='bbox 251 3195 360 3257; x_wconf 78' lang='lat' dir='ltr'><strong>gernere</strong></span> <span class='ocrx_word' id='word_1_245' title='bbox 389 3178 581 3238; x_wconf 89' lang='lat' dir='ltr'><strong>instrumenti</strong></span> <span class='ocrx_word' id='word_1_246' title='bbox 606 3174 699 3257; x_wconf 84' lang='lat'><strong>52,1</strong></span> <span class='ocrx_word' id='word_1_247' title='bbox 727 3179 757 3237; x_wconf 82' lang='lat' dir='ltr'><strong>in</strong></span> <span class='ocrx_word' id='word_1_248' title='bbox 788 3182 893 3253; x_wconf 79' lang='lat' dir='ltr'><strong>qualos</strong></span> <span class='ocrx_word' id='word_1_249' title='bbox 918 3187 1060 3255; x_wconf 84' lang='lat' dir='ltr'><strong>pertusos</strong></span> <span class='ocrx_word' id='word_1_250' title='bbox 1086 3184 1262 3256; x_wconf 69' lang='lat' dir='ltr'><strong>propanam·</strong></span> <span class='ocrx_word' id='word_1_251' title='bbox 1282 3194 1402 3259; x_wconf 83' lang='lat' dir='ltr'><strong>oportet</strong></span> 
     </span>
     <span class='ocr_line' id='line_1_28' title="bbox 249 3286 1402 3365; baseline 0.007 -21"><span class='ocrx_word' id='word_1_252' title='bbox 249 3292 280 3344; x_wconf 89' lang='lat' dir='ltr'><strong>et</strong></span> <span class='ocrx_word' id='word_1_253' title='bbox 307 3303 374 3346; x_wconf 91' lang='lat' dir='ltr'><strong>eam</strong></span> <span class='ocrx_word' id='word_1_254' title='bbox 403 3289 525 3361; x_wconf 81' lang='lat' dir='ltr'><strong>qualum</strong></span> <span class='ocrx_word' id='word_1_255' title='bbox 555 3293 608 3345; x_wconf 87' lang='lat' dir='ltr'><strong>aut</strong></span> <span class='ocrx_word' id='word_1_256' title='bbox 638 3289 763 3346; x_wconf 87' lang='lat' dir='ltr'><strong>calicem</strong></span> <span class='ocrx_word' id='word_1_257' title='bbox 788 3294 873 3347; x_wconf 88' lang='lat' dir='ltr'><strong>terra</strong></span> <span class='ocrx_word' id='word_1_258' title='bbox 898 3290 1022 3363; x_wconf 85' lang='lat' dir='ltr'><strong>inpleta:</strong></span> <span class='ocrx_word' id='word_1_259' title='bbox 1053 3286 1156 3347; x_wconf 90' lang='lat' dir='ltr'><strong>eadem</strong></span> <span class='ocrx_word' id='word_1_260' title='bbox 1181 3305 1229 3347; x_wconf 89' lang='lat' dir='ltr'><strong>res</strong></span> <span class='ocrx_word' id='word_1_261' title='bbox 1253 3294 1402 3365; x_wconf 81' lang='lat' dir='ltr'><strong>qurrsiiius</strong></span> 
     </span>
     <span class='ocr_line' id='line_1_29' title="bbox 250 3389 1404 3478; baseline 0.006 -27"><span class='ocrx_word' id='word_1_262' title='bbox 250 3391 360 3453; x_wconf 88' lang='lat' dir='ltr'><strong>dicitur</strong></span> <span class='ocrx_word' id='word_1_263' title='bbox 388 3389 459 3466; x_wconf 83' lang='lat'><strong>133,</strong></span> <span class='ocrx_word' id='word_1_264' title='bbox 479 3389 508 3473; x_wconf 89' lang='grc'><strong>3,</strong></span> <span class='ocrx_word' id='word_1_265' title='bbox 538 3394 665 3452; x_wconf 86' lang='lat' dir='ltr'><strong>calicem</strong></span> <span class='ocrx_word' id='word_1_266' title='bbox 685 3400 843 3468; x_wconf 83' lang='lat' dir='ltr'><strong>pertusum</strong></span> <span class='ocrx_word' id='word_1_267' title='bbox 866 3396 973 3453; x_wconf 84' lang='lat' dir='ltr'><strong>sumito</strong></span> <span class='ocrx_word' id='word_1_268' title='bbox 997 3395 1053 3452; x_wconf 89' lang='lat' dir='ltr'><strong>tibi</strong></span> <span class='ocrx_word' id='word_1_269' title='bbox 1075 3402 1129 3453; x_wconf 80' lang='lat' dir='ltr'><strong>aret</strong></span> <span class='ocrx_word' id='word_1_270' title='bbox 1151 3398 1324 3478; x_wconf 80' lang='lat' dir='ltr'><strong>quasillum,</strong></span> <span class='ocrx_word' id='word_1_271' title='bbox 1346 3418 1404 3476; x_wconf 84' lang='lat' dir='ltr'><strong>per</strong></span> 
     </span>
     <span class='ocr_line' id='line_1_30' title="bbox 249 3501 1402 3579; baseline 0.006 -19"><span class='ocrx_word' id='word_1_272' title='bbox 249 3518 315 3560; x_wconf 88' lang='lat' dir='ltr'><strong>eum</strong></span> <span class='ocrx_word' id='word_1_273' title='bbox 349 3503 500 3559; x_wconf 87' lang='lat' dir='ltr'><strong>ramulam</strong></span> <span class='ocrx_word' id='word_1_274' title='bbox 534 3501 728 3579; x_wconf 84' lang='lat' dir='ltr'><strong>transserito,</strong></span> <span class='ocrx_word' id='word_1_275' title='bbox 761 3517 827 3559; x_wconf 88' lang='lat' dir='ltr'><strong>eum</strong></span> <span class='ocrx_word' id='word_1_276' title='bbox 857 3503 1017 3574; x_wconf 75' lang='lat' dir='ltr'><strong>quasillum</strong></span> <span class='ocrx_word' id='word_1_277' title='bbox 1045 3509 1131 3561; x_wconf 86' lang='lat' dir='ltr'><strong>terra</strong></span> <span class='ocrx_word' id='word_1_278' title='bbox 1160 3505 1281 3578; x_wconf 82' lang='lat' dir='ltr'><strong>inpleto.</strong></span> <span class='ocrx_word' id='word_1_279' title='bbox 1331 3507 1402 3566; x_wconf 89' lang='lat' dir='ltr'><strong>item</strong></span> 
     </span>
     <span class='ocr_line' id='line_1_31' title="bbox 249 3603 1400 3687; baseline 0.007 -19"><span class='ocrx_word' id='word_1_280' title='bbox 249 3624 371 3668; x_wconf 88' lang='lat' dir='ltr'><strong>cascum</strong></span> <span class='ocrx_word' id='word_1_281' title='bbox 395 3614 502 3665; x_wconf 90' lang='lat' dir='ltr'><strong>neutro</strong></span> <span class='ocrx_word' id='word_1_282' title='bbox 526 3622 634 3684; x_wconf 82' lang='lat' dir='ltr'><strong>genere</strong></span> <span class='ocrx_word' id='word_1_283' title='bbox 659 3605 856 3687; x_wconf 80' lang='lat' dir='ltr'><strong>singulariter,</strong></span> <span class='ocrx_word' id='word_1_284' title='bbox 882 3603 932 3687; x_wconf 81' lang='lat'><strong>76,</strong></span> <span class='ocrx_word' id='word_1_285' title='bbox 951 3603 971 3667; x_wconf 86' lang='lat'><strong>3</strong></span> <span class='ocrx_word' id='word_1_286' title='bbox 997 3609 1049 3667; x_wconf 88' lang='lat' dir='ltr'><strong>nbi</strong></span> <span class='ocrx_word' id='word_1_287' title='bbox 1070 3625 1156 3668; x_wconf 90' lang='lat' dir='ltr'><strong>omne</strong></span> <span class='ocrx_word' id='word_1_288' title='bbox 1179 3627 1304 3672; x_wconf 84' lang='lat' dir='ltr'><strong>careum</strong></span> <span class='ocrx_word' id='word_1_289' title='bbox 1324 3615 1400 3676; x_wconf 87' lang='lat' dir='ltr'><strong>benc</strong></span> 
     </span>
     <span class='ocr_line' id='line_1_32' title="bbox 248 3713 1400 3791; baseline 0.01 -18"><span class='ocrx_word' id='word_1_290' title='bbox 248 3716 415 3773; x_wconf 76' lang='lat' dir='ltr'><strong>siccaveris</strong></span> <span class='ocrx_word' id='word_1_291' title='bbox 435 3722 463 3772; x_wconf 91' lang='lat' dir='ltr'><strong>et</strong></span> <span class='ocrx_word' id='word_1_292' title='bbox 483 3731 664 3789; x_wconf 82' lang='lat' dir='ltr'><strong>caseumque</strong></span> <span class='ocrx_word' id='word_1_293' title='bbox 679 3733 737 3790; x_wconf 84' lang='lat' dir='ltr'><strong>per</strong></span> <span class='ocrx_word' id='word_1_294' title='bbox 757 3715 892 3775; x_wconf 85' lang='lat' dir='ltr'><strong>cribrum</strong></span> <span class='ocrx_word' id='word_1_295' title='bbox 913 3713 1011 3789; x_wconf 87' lang='lat' dir='ltr'><strong>facito</strong></span> <span class='ocrx_word' id='word_1_296' title='bbox 1031 3722 1176 3791; x_wconf 88' lang='lat' dir='ltr'><strong>transeat,</strong></span> <span class='ocrx_word' id='word_1_297' title='bbox 1201 3715 1240 3779; x_wconf 91' lang='lat' dir='ltr'><strong>ib.</strong></span> <span class='ocrx_word' id='word_1_298' title='bbox 1260 3716 1282 3780; x_wconf 91' lang='grc'>4</span> <span class='ocrx_word' id='word_1_299' title='bbox 1302 3723 1400 3783; x_wconf 86' lang='lat' dir='ltr'><strong>donec</strong></span> 
     </span>
     <span class='ocr_line' id='line_1_33' title="bbox 249 3822 1397 3902; baseline 0.009 -21"><span class='ocrx_word' id='word_1_300' title='bbox 249 3837 336 3881; x_wconf 78' lang='lat' dir='ltr'><strong>artene</strong></span> <span class='ocrx_word' id='word_1_301' title='bbox 363 3837 483 3880; x_wconf 83' lang='lat' dir='ltr'><strong>cerream</strong></span> <span class='ocrx_word' id='word_1_302' title='bbox 513 3838 581 3881; x_wconf 91' lang='lat' dir='ltr'><strong>eum</strong></span> <span class='ocrx_word' id='word_1_303' title='bbox 610 3825 695 3882; x_wconf 89' lang='lat' dir='ltr'><strong>melle</strong></span> <span class='ocrx_word' id='word_1_304' title='bbox 722 3823 835 3882; x_wconf 78' lang='lat' dir='ltr'><strong>abricus</strong></span> <span class='ocrx_word' id='word_1_305' title='bbox 862 3825 937 3898; x_wconf 86' lang='lat' dir='ltr'><strong>eris,</strong></span> <span class='ocrx_word' id='word_1_306' title='bbox 967 3823 1018 3883; x_wconf 89' lang='lat' dir='ltr'><strong>sed</strong></span> <span class='ocrx_word' id='word_1_307' title='bbox 1040 3822 1202 3902; x_wconf 86' lang='lat' dir='ltr'><strong>pluraliter</strong></span> <span class='ocrx_word' id='word_1_308' title='bbox 1230 3845 1339 3890; x_wconf 80' lang='lat' dir='ltr'><strong>caseos</strong></span> <span class='ocrx_word' id='word_1_309' title='bbox 1361 3829 1397 3890; x_wconf 93' lang='lat' dir='ltr'><strong>de</strong></span> 
     </span>
     <span class='ocr_line' id='line_1_34' title="bbox 249 3924 1399 4019; baseline 0.011 -34"><span class='ocrx_word' id='word_1_310' title='bbox 249 3925 376 4006; x_wconf 84' lang='lat' dir='ltr'><strong>siugulis</strong></span> <span class='ocrx_word' id='word_1_311' title='bbox 400 3929 504 4009; x_wconf 88' lang='lat' dir='ltr'><strong>caseis,</strong></span> <span class='ocrx_word' id='word_1_312' title='bbox 529 3924 580 4008; x_wconf 84' lang='lat'><strong>88,</strong></span> <span class='ocrx_word' id='word_1_313' title='bbox 599 3924 620 3989; x_wconf 90' lang='lat'><strong>2</strong></span> <span class='ocrx_word' id='word_1_314' title='bbox 644 3933 691 3990; x_wconf 86' lang='lat' dir='ltr'><strong>uel</strong></span> <span class='ocrx_word' id='word_1_315' title='bbox 712 3947 837 3990; x_wconf 73' lang='lat' dir='ltr'><strong>caricem</strong></span> <span class='ocrx_word' id='word_1_316' title='bbox 861 3934 909 3991; x_wconf 89' lang='lat' dir='ltr'><strong>uei</strong></span> <span class='ocrx_word' id='word_1_317' title='bbox 930 3949 1035 4019; x_wconf 74' lang='lat' dir='ltr'><strong>caseos</strong></span> <span class='ocrx_word' id='word_1_318' title='bbox 1058 3936 1106 3992; x_wconf 87' lang='lat' dir='ltr'><strong>uel</strong></span> <span class='ocrx_word' id='word_1_319' title='bbox 1125 3935 1312 3996; x_wconf 82' lang='lat' dir='ltr'><strong>salsamenta</strong></span> <span class='ocrx_word' id='word_1_320' title='bbox 1340 3954 1399 4013; x_wconf 74' lang='lat' dir='ltr'><strong>quta</strong></span> 
     </span>
     <span class='ocr_line' id='line_1_35' title="bbox 249 4035 1399 4125; baseline 0.01 -31"><span class='ocrx_word' id='word_1_321' title='bbox 249 4038 382 4104; x_wconf 61' lang='lat' dir='ltr'><strong>condam</strong></span> <span class='ocrx_word' id='word_1_322' title='bbox 406 4043 512 4094; x_wconf 88' lang='lat' dir='ltr'><strong>neutro</strong></span> <span class='ocrx_word' id='word_1_323' title='bbox 537 4053 645 4114; x_wconf 84' lang='lat' dir='ltr'><strong>genere</strong></span> <span class='ocrx_word' id='word_1_324' title='bbox 672 4044 784 4096; x_wconf 92' lang='lat' dir='ltr'><strong>tantum</strong></span> <span class='ocrx_word' id='word_1_325' title='bbox 809 4041 952 4119; x_wconf 88' lang='lat' dir='ltr'><strong>catinum,</strong></span> <span class='ocrx_word' id='word_1_326' title='bbox 976 4056 1001 4098; x_wconf 93' lang='lat' dir='ltr'><strong>c.</strong></span> <span class='ocrx_word' id='word_1_327' title='bbox 1022 4035 1064 4100; x_wconf 85' lang='grc'><strong>84</strong></span> <span class='ocrx_word' id='word_1_328' title='bbox 1088 4042 1222 4101; x_wconf 86' lang='lat' dir='ltr'><strong>catinum</strong></span> <span class='ocrx_word' id='word_1_329' title='bbox 1238 4044 1346 4125; x_wconf 73' lang='lat' dir='ltr'><strong>fietile,</strong></span> <span class='ocrx_word' id='word_1_330' title='bbox 1368 4054 1399 4106; x_wconf 90' lang='lat' dir='ltr'><strong>et</strong></span> 
     </span>
     <span class='ocr_line' id='line_1_36' title="bbox 249 4139 1397 4232; baseline 0.011 -32"><span class='ocrx_word' id='word_1_331' title='bbox 249 4145 342 4201; x_wconf 85' lang='lat' dir='ltr'><strong>acina</strong></span> <span class='ocrx_word' id='word_1_332' title='bbox 366 4139 520 4219; x_wconf 82' lang='lat' dir='ltr'><strong>pluraliter</strong></span> <span class='ocrx_word' id='word_1_333' title='bbox 546 4139 619 4224; x_wconf 87' lang='lat'><strong>112,</strong></span> <span class='ocrx_word' id='word_1_334' title='bbox 638 4140 671 4223; x_wconf 83' lang='lat'><strong>23</strong></span> <span class='ocrx_word' id='word_1_335' title='bbox 700 4141 734 4223; x_wconf 83' lang='lat'><strong>3,</strong></span> <span class='ocrx_word' id='word_1_336' title='bbox 763 4162 821 4204; x_wconf 90' lang='lat' dir='ltr'><strong>non</strong></span> <span class='ocrx_word' id='word_1_337' title='bbox 853 4148 944 4205; x_wconf 86' lang='lat' dir='ltr'><strong>acini.</strong></span> <span class='ocrx_word' id='word_1_338' title='bbox 972 4178 1009 4188; x_wconf 90' lang='lat'><em>-</em></span> <span class='ocrx_word' id='word_1_339' title='bbox 1036 4145 1154 4206; x_wconf 85' lang='lat' dir='ltr'><strong>Catonis</strong></span> <span class='ocrx_word' id='word_1_340' title='bbox 1178 4159 1339 4232; x_wconf 88' lang='lat' dir='ltr'><strong>praecepta</strong></span> <span class='ocrx_word' id='word_1_341' title='bbox 1361 4151 1397 4213; x_wconf 91' lang='lat' dir='ltr'><strong>de</strong></span> 
     </span>
     <span class='ocr_line' id='line_1_37' title="bbox 250 4248 1395 4336; baseline 0.012 -29"><span class='ocrx_word' id='word_1_342' title='bbox 250 4266 321 4307; x_wconf 87' lang='lat' dir='ltr'><strong>cura</strong></span> <span class='ocrx_word' id='word_1_343' title='bbox 346 4249 444 4307; x_wconf 84' lang='lat' dir='ltr'><strong>ovium</strong></span> <span class='ocrx_word' id='word_1_344' title='bbox 464 4249 623 4310; x_wconf 86' lang='lat' dir='ltr'><strong>Columella</strong></span> <span class='ocrx_word' id='word_1_345' title='bbox 643 4248 692 4309; x_wconf 92' lang='lat' dir='ltr'><strong>Vll</strong></span> <span class='ocrx_word' id='word_1_346' title='bbox 712 4249 780 4331; x_wconf 59' lang='lat' dir='ltr'><strong>at</strong></span> <span class='ocrx_word' id='word_1_347' title='bbox 806 4261 927 4312; x_wconf 86' lang='lat' dir='ltr'><strong>arrctore</strong></span> <span class='ocrx_word' id='word_1_348' title='bbox 951 4252 1035 4313; x_wconf 87' lang='lat' dir='ltr'><strong>Celso</strong></span> <span class='ocrx_word' id='word_1_349' title='bbox 1060 4255 1207 4336; x_wconf 85' lang='lat' dir='ltr'><strong>repetivit,</strong></span> <span class='ocrx_word' id='word_1_350' title='bbox 1232 4275 1337 4319; x_wconf 77' lang='lat' dir='ltr'><strong>ererum</strong></span> <span class='ocrx_word' id='word_1_351' title='bbox 1359 4278 1395 4321; x_wconf 85' lang='lat' dir='ltr'><strong>ea</strong></span> 
     </span>
     <span class='ocr_line' id='line_1_38' title="bbox 250 4357 1393 4438; baseline 0.011 -23"><span class='ocrx_word' id='word_1_352' title='bbox 250 4358 432 4431; x_wconf 73' lang='lat' dir='ltr'><strong>perindeque</strong></span> <span class='ocrx_word' id='word_1_353' title='bbox 455 4359 580 4417; x_wconf 86' lang='lat' dir='ltr'><strong>detonsa</strong></span> <span class='ocrx_word' id='word_1_354' title='bbox 600 4357 711 4438; x_wconf 88' lang='lat' dir='ltr'><strong>fuerit,</strong></span> <span class='ocrx_word' id='word_1_355' title='bbox 742 4363 839 4435; x_wconf 75' lang='lat' dir='ltr'><strong>unaru&#39;</strong></span> <span class='ocrx_word' id='word_1_356' title='bbox 861 4361 948 4421; x_wconf 88' lang='lat' dir='ltr'><strong>debet</strong></span> <span class='ocrx_word' id='word_1_357' title='bbox 972 4363 1028 4420; x_wconf 83' lang='lat' dir='ltr'><strong>tali</strong></span> <span class='ocrx_word' id='word_1_358' title='bbox 1049 4364 1258 4425; x_wconf 82' lang='lat' dir='ltr'><strong>medicamine.</strong></span> <span class='ocrx_word' id='word_1_359' title='bbox 1304 4384 1393 4428; x_wconf 81' lang='lat' dir='ltr'><strong>sacua</strong></span> 
     </span>
     <span class='ocr_line' id='line_1_39' title="bbox 250 4466 1387 4547; baseline 0.011 -24"><span class='ocrx_word' id='word_1_360' title='bbox 250 4466 371 4524; x_wconf 67' lang='lat' dir='ltr'><strong>excocti</strong></span> <span class='ocrx_word' id='word_1_361' title='bbox 397 4467 496 4540; x_wconf 83' lang='lat' dir='ltr'><strong>lupini</strong></span> <span class='ocrx_word' id='word_1_362' title='bbox 521 4468 689 4541; x_wconf 73' lang='lat' dir='ltr'><strong>ueteresque</strong></span> <span class='ocrx_word' id='word_1_363' title='bbox 721 4470 784 4527; x_wconf 84' lang='lat' dir='ltr'><strong>uini</strong></span> <span class='ocrx_word' id='word_1_364' title='bbox 811 4467 889 4543; x_wconf 74' lang='lat' dir='ltr'><strong>faeu</strong></span> <span class='ocrx_word' id='word_1_365' title='bbox 921 4476 950 4528; x_wconf 90' lang='lat' dir='ltr'><strong>et</strong></span> <span class='ocrx_word' id='word_1_366' title='bbox 982 4486 1111 4530; x_wconf 89' lang='lat' dir='ltr'><strong>amurca</strong></span> <span class='ocrx_word' id='word_1_367' title='bbox 1140 4474 1217 4547; x_wconf 81' lang='lat' dir='ltr'><strong>pari</strong></span> <span class='ocrx_word' id='word_1_368' title='bbox 1246 4490 1387 4536; x_wconf 82' lang='lat' dir='ltr'><strong>mensura</strong></span> 
     </span>
    </p>
   </div>
   <div class='ocr_carea' id='block_1_3' title="bbox 0 0 1444 4994">
    <p class='ocr_par' dir='ltr' id='par_1_4' title="bbox 0 0 1444 4994">
     <span class='ocr_line' id='line_1_40' title="bbox 0 0 1444 4994; baseline 0 0"><span class='ocrx_word' id='word_1_369' title='bbox 0 0 1444 4994; x_wconf 95' lang='lat' dir='ltr'><strong> </strong></span> 
     </span>
    </p>
   </div>
  </div>
 </body>
</html>
