2874 4994
144 336 207 403 168
484 345 675 401 ΟΟΜΜΕΝΤ.
694 345 734 400 IN
752 343 941 401 VARRONIS

142 501 294 580 cipiantur
317 510 440 561 matrem
463 503 606 580 persequi
634 503 664 560 in
692 495 883 583 pastioucm’,
905 507 937 562 et
958 498 1100 563 similiter
1120 496 1270 561 Pontedera

143 602 362 687 ‘impediuntur
385 609 471 687 sequi
493 615 617 668 matrem
640 601 785 687 pastum’.
822 611 986 686 potiuntur
1007 605 1172 669 Varronem
1192 608 1270 688 scrip

142 716 218 775 sisse
241 733 276 774 ex
300 715 336 774 iis
360 732 436 793 quae
458 713 547 776 modo
566 714 644 776 dicta
663 723 758 797 erent,
774 718 878 777 sinunt
897 718 985 777 exire
1004 720 1138 792 portum,
1154 711 1268 793 intellegi

142 829 268 902 poterat.
300 821 405 883 eodem
424 819 515 882 verbo
535 839 607 882 usus
626 830 672 882 est
691 821 728 882 de
746 820 836 901 pullis
854 823 1003 883 asinarum
1021 819 1049 881 ll
1064 816 1096 905 6,
1108 818 1132 883 4
1144 823 1267 899 prom

142 946 223 990 anno
251 930 390 990 noctibus
413 932 577 1005 potiuntur
604 947 669 990 cese
695 946 764 990 cum
795 931 844 990 ires
875 926 969 991 etde
997 926 1123 990 canibus
1149 923 1219 1009 ne,
1234 923 1265 989 10

141 1039 325 1098 morticinae
342 1038 406 1097 oves
428 1053 489 1097 non
507 1039 672 1113 potiuntur
690 1038 772 1097 vesci
793 1053 898 1098 corne.
909 1053 1018 1116 -pro
1036 1036 1178 1112 domim
1193 1032 1264 1115 cup

143 1144 210 1223 pius
233 1141 294 1203 ind.
317 1141 384 1202 lect
409 1140 538 1221 Gottiug.
562 1149 635 1203 aest
657 1160 683 1203 a.
709 1137 795 1205 1886
822 1160 851 1222 p.
872 1136 914 1203 16
937 1144 1070 1218 dentque
1097 1140 1263 1205 mannen

143 1267 209 1311 esse
233 1251 378 1329 coniecit,
400 1259 434 1309 ut
457 1256 519 1310 tres
542 1257 642 1310 esseut
665 1248 773 1328 gradus
796 1247 939 1328 pascendi
965 1255 997 1309 et
1023 1250 1198 1311 secernendi
1215 1266 1263 1331 por

143 1374 204 1434 cos,
222 1358 346 1438 primus,
365 1373 434 1416 cunr
457 1355 535 1416 domi
561 1359 739 1435 retinentur,
758 1354 829 1416 dum
853 1363 964 1416 matres
982 1356 1014 1415 in
1031 1358 1199 1437 propinquo
1214 1355 1261 1417 loo

144 1463 228 1524 villae
252 1469 425 1543 pascuntur,
449 1462 612 1542 secundus,
637 1481 705 1524 cum
728 1480 787 1524 una
810 1481 879 1527 cum
902 1461 1048 1525 matribus
1076 1470 1190 1543 pastum
1213 1480 1261 1544 pro

144 1569 251 1651 deunt,
275 1571 396 1652 teritus,
420 1588 489 1632 cum
512 1588 647 1631 seorsum
671 1569 707 1630 ab
734 1568 793 1630 illis
822 1576 996 1650 pascuntur.
1041 1570 1122 1649 quod
1149 1568 1261 1631 sileno

143 1675 298 1759 voluisset,
326 1685 408 1737 certe
441 1685 503 1738 tum
532 1679 663 1753 deniqw
693 1683 857 1738 secernunt
889 1675 1023 1737 scrihere
1057 1675 1190 1738 debebat.
1225 1675 1262 1737 sel

146 1785 203 1845 hoc
226 1785 327 1864 potius
350 1785 511 1864 praecepit,
529 1802 646 1865 porcos,
665 1801 733 1845 cnm
757 1773 925 1865 creverunt,
945 1783 1078 1845 interdiu
1100 1802 1169 1845 cnm
1189 1784 1263 1845 notri

148 1889 204 1951 bus
235 1891 268 1951 in
294 1908 403 1970 pascua
430 1889 643 1973 prodigendos,
671 1889 915 1969 noctibus,rcnm
944 1888 1024 1951 domi
1054 1889 1178 1953 stabulis
1202 1908 1263 1952 cocr-

145 2004 266 2079 centnr,
294 1995 330 2057 ab
363 1995 421 2057 illis
453 1997 652 2058 secernendos
685 2006 716 2058 et
743 2015 879 2058 seorsum
907 1996 1072 2076 pascendos
1100 1997 1145 2059 vel
1171 1996 1266 2059 alendos

145 2121 226 2185 esse,
264 2112 297 2164 ut
332 2102 474 2183 paulatim
510 2123 613 2165 carere
649 2106 847 2185 nutrimento,
880 2103 959 2184 quod
992 2114 1105 2166 matres
1140 2103 1267 2185 praebent,

144 2228 307 2290 earumque
343 2210 525 2272 desiderium
562 2212 642 2273 ierre
679 2221 886 2273 consuescant„
918 2244 957 2255 -
985 2216 1128 2290 parentis
1162 2215 1269 2274 natricis

146 2316 286 2401 Scaliger,
309 2321 439 2380 nutricis
462 2319 572 2378 omisso
591 2320 733 2395 porculis
756 2315 914 2378 Frrrterius
936 2317 954 2379 l
974 2336 1009 2401 c,
1028 2324 1171 2396 percotis
1192 2323 1269 2381 moi

145 2443 215 2487 com
242 2425 264 2487 l.
283 2423 315 2487 F.
334 2424 501 2486 Gronovius
530 2425 608 2504 apud
637 2423 868 2505 Schneidernm,
897 2433 931 2486 ut
957 2427 1093 2487 nutrices
1121 2425 1272 2488 dicerentur

146 2531 238 2594 ubera
257 2532 432 2595 scrofarum.
465 2550 568 2594 verum
587 2550 653 2592 esse
672 2541 745 2611 puto
765 2531 845 2611 quod
860 2531 992 2612 Scaliger
1011 2534 1141 2595 coniecit
1154 2537 1274 2612 parcatis
1313 2554 1315 2585 ;

146 2642 292 2700 nutricis:
316 2657 383 2700 nam
406 2648 488 2700 recte
507 2638 581 2701 haec
599 2641 834 2720 coniunguntur,
852 2647 1010 2719 propterea
1029 2640 1110 2720 quod
1135 2640 1275 2704 nutriendo
1313 2626 1315 2649 ²

147 2745 262 2805 scrolae
286 2744 465 2806 desiderium
489 2764 650 2825 porcorum
674 2747 813 2806 excitant.
1313 2726 1315 2743 Ι

236 2849 405 2922 Quamuis
433 2853 468 2911 in
497 2869 648 2913 aceruos
675 2850 849 2932 positum]
878 2853 975 2925 θναηι
1001 2856 1030 2913 si
1052 2856 1087 2914 id
1113 2857 1146 2915 in
1169 2872 1278 2917 acmoer

144 2961 275 3036 positum
312 2966 356 3020 est
387 2956 551 3040 iucundus,
583 2977 675 3035 quam
705 2961 734 3020 si
765 2961 797 3018 in
829 2976 956 3021 acervos
984 2963 1117 3037 positum
1147 2961 1279 3042 Angelius

147 3082 238 3141 quom
267 3068 296 3126 si
322 3069 354 3127 in
381 3083 493 3127 acervo
517 3069 650 3143 positum
678 3066 799 3146 scripsi,
827 3064 907 3145 quod
936 3074 966 3127 et
994 3084 1044 3128 res
1072 3068 1138 3148 ipsa
1165 3079 1196 3131 et
1218 3086 1280 3131 usos

147 3173 294 3233 sermonis
317 3170 456 3252 postulat
492 3191 560 3233 nam
583 3191 680 3253 neque
704 3171 827 3252 pluralis
851 3190 995 3235 numerus
1014 3183 1104 3255 aptus
1123 3186 1179 3260 est,
1197 3194 1279 3256 oeqnc

148 3296 215 3339 cum
239 3280 406 3340 accusativo
430 3298 500 3341 casu
524 3281 704 3360 praepositio
727 3281 798 3360 poni
821 3288 947 3360 poterat„

236 3385 284 3445 dd
318 3384 504 3448 duodecim
535 3389 733 3448 conuenire
765 3385 959 3465 dicuntur]
992 3389 1045 3449 Ad
1072 3390 1232 3453 duodecim
1258 3392 1282 3452 in

149 3491 308 3571 archetypo
339 3493 484 3571 scriptum
512 3493 616 3560 luisse,
632 3492 776 3554 Politiano
809 3492 993 3555 credendum
1025 3504 1086 3578 est,
1119 3516 1285 3579 quemqnam

150 3600 315 3659 duodecem
345 3596 455 3659 habent
486 3600 653 3680 apographa
684 3607 804 3679 praeter
837 3599 1029 3662 caesenatem
1067 3602 1220 3687 codicem,
1251 3608 1287 3668 od

150 3706 314 3765 duodecem
331 3703 364 3786 B,
387 3708 426 3766 ab
450 3709 615 3769 duodecem
637 3709 696 3767 Am
720 3714 750 3768 et
773 3708 865 3769 codex
886 3706 1086 3771 Florentinus.
1131 3716 1177 3775 od
1197 3716 1288 3777 ducci-

149 3827 220 3870 nom
244 3807 369 3872 Ursinus
392 3819 482 3874 recte.
522 3831 589 3874 nam
613 3816 730 3874 numeri
752 3812 893 3876 indicatio
917 3813 967 3875 hic
989 3815 1091 3878 locum
1118 3837 1181 3881 non
1203 3820 1291 3883 habet

149 3913 297 3993 11113‚1
327 3921 430 3979 vidisti
455 3920 499 3979 od
525 3921 669 3982 bucinum
697 3922 834 3996 inflatum
862 3928 947 3982 certo
974 3928 1114 3999 tempore
1148 3946 1240 4006 apros
1267 3938 1293 3992 et

150 4042 280 4101 capreos
304 4029 466 4087 convenire
490 4029 534 4087 od
550 4028 706 4104 pedulem.
1102 4042 1104 4047 ’

239 4127 280 4190 22
318 4128 451 4209 Greges
488 4134 661 4194 maiorum
697 4132 950 4213 inaequabiles
986 4134 1149 4220 habent]
1190 4146 1298 4223 Greges

149 4239 281 4295 maiores
304 4234 381 4297 edita
404 4237 472 4298 inde
492 4257 508 4298 a
531 4242 666 4321 principe
687 4241 816 4302 editione
835 4240 1022 4325 exemplaria,
1043 4247 1130 4324 quod
1152 4268 1169 4311 a
1188 4256 1300 4315 nemine

150 4338 328 4418 explicatum
352 4360 416 4403 esse
442 4326 535 4405 uideo.
581 4347 732 4429 archetypi
755 4349 935 4426 scripturam
958 4366 974 4409 a
997 4349 1158 4418 Politiano
1186 4359 1301 4423 adnota-

150 4451 210 4504 tam
232 4447 273 4506 ita
296 4445 426 4511 deiendit
445 4450 654 4537 Schneiderus,
679 4463 712 4516 ut
730 4473 836 4535 greges
855 4458 1001 4518 maiorum
1020 4456 1211 4529 dicerentur
1227 4486 1304 4531 acro
