<?xml version="1.0" encoding="UTF-8"?>
<!DOCTYPE html PUBLIC "-//W3C//DTD XHTML 1.0 Transitional//EN"
    "http://www.w3.org/TR/xhtml1/DTD/xhtml1-transitional.dtd">
<html xmlns="http://www.w3.org/1999/xhtml" xml:lang="en" lang="en">
 <head>
  <title>
</title>
<meta http-equiv="Content-Type" content="text/html;charset=utf-8" />
  <meta name='ocr-system' content='tesseract 3.04.00' />
  <meta name='ocr-capabilities' content='ocr_page ocr_carea ocr_par ocr_line ocrx_word'/>
</head>
<body>
  <div class='ocr_page' id='page_1' title='image "./mporcicatonisde00keilgoog_0146.png"; bbox 0 0 2874 4994; ppageno 0'>
   <div class='ocr_carea' id='block_1_1' title="bbox 267 292 1260 374">
    <p class='ocr_par' dir='ltr' id='par_1_1' title="bbox 267 292 1260 374">
     <span class='ocr_line' id='line_1_1' title="bbox 267 292 1260 374; baseline 0.002 -2"><span class='ocrx_word' id='word_1_1' title='bbox 267 306 276 323; x_wconf 80' lang='lat'><em>⁰</em></span> <span class='ocrx_word' id='word_1_2' title='bbox 303 317 353 372; x_wconf 84' lang='lat' dir='ltr'><strong><em>nn</em></strong></span> <span class='ocrx_word' id='word_1_3' title='bbox 375 292 464 371; x_wconf 78' lang='lat' dir='ltr'><strong><em>acm</em></strong></span> <span class='ocrx_word' id='word_1_4' title='bbox 483 316 656 371; x_wconf 74' lang='lat' dir='ltr'><strong><em>cvnrvni</em></strong></span> <span class='ocrx_word' id='word_1_5' title='bbox 675 316 816 371; x_wconf 80' lang='lat' dir='ltr'><strong><em>nranvu</em></strong></span> <span class='ocrx_word' id='word_1_6' title='bbox 839 315 869 373; x_wconf 90' lang='lat' dir='ltr'><strong><em>c.</em></strong></span> <span class='ocrx_word' id='word_1_7' title='bbox 885 316 1058 374; x_wconf 85' lang='lat'>110-113</span> <span class='ocrx_word' id='word_1_8' title='bbox 1197 309 1260 374; x_wconf 79' lang='lat'><strong><em>125</em></strong></span> 
     </span>
    </p>
   </div>
   <div class='ocr_carea' id='block_1_2' title="bbox 119 471 1321 4523">
    <p class='ocr_par' dir='ltr' id='par_1_2' title="bbox 120 471 1321 1527">
     <span class='ocr_line' id='line_1_2' title="bbox 120 471 1261 553; baseline -0.001 -19"><span class='ocrx_word' id='word_1_9' title='bbox 120 492 177 535; x_wconf 89' lang='lat' dir='ltr'><strong><em>oco</em></strong></span> <span class='ocrx_word' id='word_1_10' title='bbox 207 476 238 534; x_wconf 91' lang='lat' dir='ltr'><strong><em>in</em></strong></span> <span class='ocrx_word' id='word_1_11' title='bbox 267 474 370 534; x_wconf 87' lang='lat' dir='ltr'><strong><em>codice</em></strong></span> <span class='ocrx_word' id='word_1_12' title='bbox 394 471 527 532; x_wconf 88' lang='lat' dir='ltr'><strong><em>Parisino</em></strong></span> <span class='ocrx_word' id='word_1_13' title='bbox 550 472 574 531; x_wconf 81' lang='grc' dir='ltr'>Α</span> <span class='ocrx_word' id='word_1_14' title='bbox 602 473 762 550; x_wconf 90' lang='lat' dir='ltr'><strong><em>repetitum</em></strong></span> <span class='ocrx_word' id='word_1_15' title='bbox 786 480 840 534; x_wconf 85' lang='lat' dir='ltr'><strong><em>est.</em></strong></span> <span class='ocrx_word' id='word_1_16' title='bbox 887 475 985 534; x_wconf 89' lang='lat' dir='ltr'><strong><em>minus</em></strong></span> <span class='ocrx_word' id='word_1_17' title='bbox 1008 482 1145 535; x_wconf 89' lang='lat' dir='ltr'><strong><em>accurate</em></strong></span> <span class='ocrx_word' id='word_1_18' title='bbox 1168 475 1261 553; x_wconf 89' lang='lat' dir='ltr'><strong><em>scrip·</em></strong></span> 
     </span>
     <span class='ocr_line' id='line_1_3' title="bbox 120 578 1262 660; baseline 0.003 -23"><span class='ocrx_word' id='word_1_19' title='bbox 120 599 211 642; x_wconf 78' lang='lat' dir='ltr'><strong><em>‚nram</em></strong></span> <span class='ocrx_word' id='word_1_20' title='bbox 244 579 357 642; x_wconf 86' lang='lat' dir='ltr'><strong><em>codicis</em></strong></span> <span class='ocrx_word' id='word_1_21' title='bbox 390 581 537 659; x_wconf 83' lang='lat' dir='ltr'>expressit</span> <span class='ocrx_word' id='word_1_22' title='bbox 565 579 742 660; x_wconf 82' lang='lat' dir='ltr'><strong><em>Politianus‚</em></strong></span> <span class='ocrx_word' id='word_1_23' title='bbox 776 583 827 659; x_wconf 93' lang='lat' dir='ltr'><strong><em>qui</em></strong></span> <span class='ocrx_word' id='word_1_24' title='bbox 854 580 933 640; x_wconf 87' lang='lat' dir='ltr'><strong><em>idem</em></strong></span> <span class='ocrx_word' id='word_1_25' title='bbox 961 578 1137 641; x_wconf 91' lang='lat' dir='ltr'><strong><em>vocabulum</em></strong></span> <span class='ocrx_word' id='word_1_26' title='bbox 1163 580 1200 641; x_wconf 91' lang='lat' dir='ltr'><strong><em>ad</em></strong></span> <span class='ocrx_word' id='word_1_27' title='bbox 1228 598 1262 641; x_wconf 88' lang='lat' dir='ltr'><strong><em>ea</em></strong></span> 
     </span>
     <span class='ocr_line' id='line_1_4' title="bbox 120 687 1260 770; baseline -0.001 -21"><span class='ocrx_word' id='word_1_28' title='bbox 120 707 189 770; x_wconf 79' lang='lat' dir='ltr'><strong><em>puae</em></strong></span> <span class='ocrx_word' id='word_1_29' title='bbox 214 697 300 749; x_wconf 88' lang='lat' dir='ltr'><strong><em>antea</em></strong></span> <span class='ocrx_word' id='word_1_30' title='bbox 323 688 435 766; x_wconf 87' lang='lat' dir='ltr'><strong><em>scripta</em></strong></span> <span class='ocrx_word' id='word_1_31' title='bbox 458 695 543 748; x_wconf 89' lang='lat' dir='ltr'><strong><em>crant</em></strong></span> <span class='ocrx_word' id='word_1_32' title='bbox 567 706 679 763; x_wconf 88' lang='lat' dir='ltr'><strong><em>aquam</em></strong></span> <span class='ocrx_word' id='word_1_33' title='bbox 702 690 853 748; x_wconf 86' lang='lat' dir='ltr'><strong><em>murinam</em></strong></span> <span class='ocrx_word' id='word_1_34' title='bbox 876 707 903 764; x_wconf 90' lang='lat' dir='ltr'><strong><em>q.</em></strong></span> <span class='ocrx_word' id='word_1_35' title='bbox 921 706 944 748; x_wconf 86' lang='lat' dir='ltr'><strong><em>s.</em></strong></span> <span class='ocrx_word' id='word_1_36' title='bbox 963 707 986 748; x_wconf 85' lang='lat' dir='ltr'><strong><em>s.</em></strong></span> <span class='ocrx_word' id='word_1_37' title='bbox 1006 708 1040 766; x_wconf 80' lang='lat' dir='ltr'><strong><em>a,</em></strong></span> <span class='ocrx_word' id='word_1_38' title='bbox 1063 687 1090 748; x_wconf 94' lang='lat' dir='ltr'><strong><em>h.</em></strong></span> <span class='ocrx_word' id='word_1_39' title='bbox 1110 706 1135 748; x_wconf 87' lang='lat' dir='ltr'><strong><em>e.</em></strong></span> <span class='ocrx_word' id='word_1_40' title='bbox 1154 705 1260 767; x_wconf 91' lang='lat' dir='ltr'><strong><em>aquam</em></strong></span> 
     </span>
     <span class='ocr_line' id='line_1_5' title="bbox 120 794 1321 874; baseline -0.001 -18"><span class='ocrx_word' id='word_1_41' title='bbox 120 797 259 856; x_wconf 88' lang='lat' dir='ltr'><strong><em>narinant</em></strong></span> <span class='ocrx_word' id='word_1_42' title='bbox 287 814 361 874; x_wconf 89' lang='lat' dir='ltr'><strong><em>quac</em></strong></span> <span class='ocrx_word' id='word_1_43' title='bbox 390 813 481 873; x_wconf 88' lang='lat' dir='ltr'><strong><em>supra</em></strong></span> <span class='ocrx_word' id='word_1_44' title='bbox 509 798 619 874; x_wconf 88' lang='lat' dir='ltr'><strong><em>scripta</em></strong></span> <span class='ocrx_word' id='word_1_45' title='bbox 642 803 701 868; x_wconf 90' lang='lat' dir='ltr'><strong><em>est,</em></strong></span> <span class='ocrx_word' id='word_1_46' title='bbox 730 794 888 856; x_wconf 78' lang='lat' dir='ltr'><strong>adnotavit.</strong></span> <span class='ocrx_word' id='word_1_47' title='bbox 934 803 996 855; x_wconf 87' lang='lat' dir='ltr'><strong><em>tum</em></strong></span> <span class='ocrx_word' id='word_1_48' title='bbox 1018 799 1125 857; x_wconf 82' lang='lat' dir='ltr'><strong><em>sumita</em></strong></span> <span class='ocrx_word' id='word_1_49' title='bbox 1149 812 1260 870; x_wconf 83' lang='lat' dir='ltr'><strong><em>aquarn</em></strong></span> <span class='ocrx_word' id='word_1_50' title='bbox 1317 825 1321 831; x_wconf 94' lang='lat'>·</span> 
     </span>
     <span class='ocr_line' id='line_1_6' title="bbox 120 905 1260 978; baseline -0.002 -14"><span class='ocrx_word' id='word_1_51' title='bbox 120 907 267 964; x_wconf 87' lang='lat' dir='ltr'><strong><em>narinam</em></strong></span> <span class='ocrx_word' id='word_1_52' title='bbox 296 906 516 978; x_wconf 81' lang='lat' dir='ltr'><strong><em>quadrantalia</em></strong></span> <span class='ocrx_word' id='word_1_53' title='bbox 544 922 568 963; x_wconf 85' lang='lat' dir='ltr'><strong><em>s.</em></strong></span> <span class='ocrx_word' id='word_1_54' title='bbox 590 921 614 963; x_wconf 86' lang='lat' dir='ltr'><strong><em>s.</em></strong></span> <span class='ocrx_word' id='word_1_55' title='bbox 638 910 667 964; x_wconf 91' lang='lat' dir='ltr'><strong><em>et</em></strong></span> <span class='ocrx_word' id='word_1_56' title='bbox 695 905 726 963; x_wconf 88' lang='lat' dir='ltr'><strong><em>in</em></strong></span> <span class='ocrx_word' id='word_1_57' title='bbox 755 905 867 963; x_wconf 86' lang='lat' dir='ltr'><strong><em>dolium</em></strong></span> <span class='ocrx_word' id='word_1_58' title='bbox 894 906 1193 978; x_wconf 69' lang='lat' dir='ltr'><strong><em>quinquagenarium</em></strong></span> <span class='ocrx_word' id='word_1_59' title='bbox 1217 907 1260 962; x_wconf 88' lang='lat' dir='ltr'><strong><em>in-</em></strong></span> 
     </span>
     <span class='ocr_line' id='line_1_7' title="bbox 120 1006 1261 1089; baseline -0.002 -18"><span class='ocrx_word' id='word_1_60' title='bbox 120 1009 236 1071; x_wconf 80' lang='lat' dir='ltr'><strong><em>·&#39;uudlla</em></strong></span> <span class='ocrx_word' id='word_1_61' title='bbox 267 1013 487 1086; x_wconf 78' lang='lat' dir='ltr'><strong><em>quadrantalia</em></strong></span> <span class='ocrx_word' id='word_1_62' title='bbox 520 1009 555 1069; x_wconf 83' lang='lat' dir='ltr'><em>X</em></span> <span class='ocrx_word' id='word_1_63' title='bbox 584 1006 714 1089; x_wconf 80' lang='lat' dir='ltr'><strong><em>Merula,</em></strong></span> <span class='ocrx_word' id='word_1_64' title='bbox 752 1017 813 1069; x_wconf 89' lang='lat' dir='ltr'><strong><em>tum</em></strong></span> <span class='ocrx_word' id='word_1_65' title='bbox 846 1012 954 1070; x_wconf 80' lang='lat' dir='ltr'><strong><em>sumito</em></strong></span> <span class='ocrx_word' id='word_1_66' title='bbox 986 1028 1087 1085; x_wconf 87' lang='lat' dir='ltr'><strong><em>aquae</em></strong></span> <span class='ocrx_word' id='word_1_67' title='bbox 1122 1012 1261 1069; x_wconf 79' lang='lat' dir='ltr'><strong><em>marinae</em></strong></span> 
     </span>
     <span class='ocr_line' id='line_1_8' title="bbox 120 1115 1263 1195; baseline 0.001 -20"><span class='ocrx_word' id='word_1_68' title='bbox 120 1122 348 1195; x_wconf 70' lang='lat' dir='ltr'><strong><em>:suprascriptae</em></strong></span> <span class='ocrx_word' id='word_1_69' title='bbox 379 1119 601 1193; x_wconf 82' lang='lat' dir='ltr'><strong><em>quadrantalia</em></strong></span> <span class='ocrx_word' id='word_1_70' title='bbox 634 1115 669 1175; x_wconf 84' lang='lat' dir='ltr'><em>X</em></span> <span class='ocrx_word' id='word_1_71' title='bbox 697 1123 726 1176; x_wconf 85' lang='lat' dir='ltr'><strong><em>et</em></strong></span> <span class='ocrx_word' id='word_1_72' title='bbox 760 1119 791 1176; x_wconf 90' lang='lat' dir='ltr'><strong><em>iu</em></strong></span> <span class='ocrx_word' id='word_1_73' title='bbox 826 1119 938 1178; x_wconf 87' lang='lat' dir='ltr'><strong><em>dulium</em></strong></span> <span class='ocrx_word' id='word_1_74' title='bbox 966 1120 1263 1191; x_wconf 69' lang='lat' dir='ltr'><strong><em>quinquagenarium</em></strong></span> 
     </span>
     <span class='ocr_line' id='line_1_9' title="bbox 120 1221 1261 1303; baseline -0.003 -18"><span class='ocrx_word' id='word_1_75' title='bbox 120 1224 269 1301; x_wconf 66' lang='lat' dir='ltr'><strong><em>*refundite</em></strong></span> <span class='ocrx_word' id='word_1_76' title='bbox 292 1223 452 1285; x_wconf 80' lang='lat' dir='ltr'><strong><em>lrrctmdus</em></strong></span> <span class='ocrx_word' id='word_1_77' title='bbox 490 1222 646 1283; x_wconf 86' lang='lat' dir='ltr'><strong><em>lectionem</em></strong></span> <span class='ocrx_word' id='word_1_78' title='bbox 670 1221 831 1303; x_wconf 78' lang='lat' dir='ltr'><strong><em>archetypi,</em></strong></span> <span class='ocrx_word' id='word_1_79' title='bbox 850 1224 881 1283; x_wconf 94' lang='lat' dir='ltr'><strong><em>in</em></strong></span> <span class='ocrx_word' id='word_1_80' title='bbox 901 1241 958 1302; x_wconf 91' lang='lat' dir='ltr'><strong><em>qua</em></strong></span> <span class='ocrx_word' id='word_1_81' title='bbox 976 1232 1044 1302; x_wconf 88' lang='lat' dir='ltr'><strong><em>post</em></strong></span> <span class='ocrx_word' id='word_1_82' title='bbox 1062 1225 1261 1284; x_wconf 83' lang='lat' dir='ltr'><strong><em>accusativum</em></strong></span> 
     </span>
     <span class='ocr_line' id='line_1_10' title="bbox 120 1329 1264 1421; baseline -0.002 -29"><span class='ocrx_word' id='word_1_83' title='bbox 120 1351 229 1421; x_wconf 79' lang='lat' dir='ltr'><strong><em>aquam</em></strong></span> <span class='ocrx_word' id='word_1_84' title='bbox 257 1335 408 1392; x_wconf 81' lang='lat' dir='ltr'><strong><em>nrariuant</em></strong></span> <span class='ocrx_word' id='word_1_85' title='bbox 436 1332 591 1409; x_wconf 75' lang='lat' dir='ltr'><strong><em>genetivus</em></strong></span> <span class='ocrx_word' id='word_1_86' title='bbox 620 1329 753 1391; x_wconf 87' lang='lat' dir='ltr'><strong><em>eiusdem</em></strong></span> <span class='ocrx_word' id='word_1_87' title='bbox 784 1332 913 1391; x_wconf 90' lang='lat' dir='ltr'><strong><em>nominis</em></strong></span> <span class='ocrx_word' id='word_1_88' title='bbox 936 1332 966 1390; x_wconf 95' lang='lat' dir='ltr'><strong><em>in</em></strong></span> <span class='ocrx_word' id='word_1_89' title='bbox 990 1331 1160 1392; x_wconf 82' lang='lat' dir='ltr'><strong><em>delinitione</em></strong></span> <span class='ocrx_word' id='word_1_90' title='bbox 1183 1350 1264 1391; x_wconf 92' lang='lat' dir='ltr'><strong><em>men·</em></strong></span> 
     </span>
     <span class='ocr_line' id='line_1_11' title="bbox 120 1436 1145 1527; baseline -0.003 -28"><span class='ocrx_word' id='word_1_91' title='bbox 120 1456 205 1499; x_wconf 73' lang='lat' dir='ltr'><strong><em>surae</em></strong></span> <span class='ocrx_word' id='word_1_92' title='bbox 229 1440 376 1518; x_wconf 89' lang='lat' dir='ltr'><strong><em>repetitus</em></strong></span> <span class='ocrx_word' id='word_1_93' title='bbox 399 1447 455 1518; x_wconf 81' lang='lat' dir='ltr'><strong><em>est,</em></strong></span> <span class='ocrx_word' id='word_1_94' title='bbox 478 1436 626 1498; x_wconf 87' lang='lat' dir='ltr'><strong><em>Victorius</em></strong></span> <span class='ocrx_word' id='word_1_95' title='bbox 652 1439 792 1499; x_wconf 84' lang='lat' dir='ltr'><strong><em>restituit.</em></strong></span> <span class='ocrx_word' id='word_1_96' title='bbox 1139 1520 1145 1527; x_wconf 36' lang='lat'><em>·</em></span> 
     </span>
    </p>

    <p class='ocr_par' dir='ltr' id='par_1_3' title="bbox 120 1543 1265 3553">
     <span class='ocr_line' id='line_1_12' title="bbox 206 1543 1262 1625; baseline 0 -19"><span class='ocrx_word' id='word_1_97' title='bbox 206 1546 291 1606; x_wconf 83' lang='lat' dir='ltr'><strong><em>Tum</em></strong></span> <span class='ocrx_word' id='word_1_98' title='bbox 315 1547 416 1605; x_wconf 91' lang='lat' dir='ltr'><strong><em>acina</em></strong></span> <span class='ocrx_word' id='word_1_99' title='bbox 441 1544 481 1604; x_wconf 90' lang='lat' dir='ltr'><strong><em>de</em></strong></span> <span class='ocrx_word' id='word_1_100' title='bbox 505 1547 587 1605; x_wconf 90' lang='lat' dir='ltr'><strong><em>uuis</em></strong></span> <span class='ocrx_word' id='word_1_101' title='bbox 611 1543 787 1605; x_wconf 88' lang='lat' dir='ltr'><strong><em>misceliis</em></strong></span> <span class='ocrx_word' id='word_1_102' title='bbox 810 1544 997 1625; x_wconf 83' lang='lat' dir='ltr'><strong><em>decerpite</em></strong></span> <span class='ocrx_word' id='word_1_103' title='bbox 1020 1545 1061 1606; x_wconf 89' lang='lat' dir='ltr'><strong><em>de</em></strong></span> <span class='ocrx_word' id='word_1_104' title='bbox 1085 1547 1207 1625; x_wconf 89' lang='lat' dir='ltr'><strong><em>scopin</em></strong></span> <span class='ocrx_word' id='word_1_105' title='bbox 1227 1548 1262 1606; x_wconf 93' lang='lat' dir='ltr'><strong><em>in</em></strong></span> 
     </span>
     <span class='ocr_line' id='line_1_13' title="bbox 120 1644 1262 1732; baseline -0.002 -17"><span class='ocrx_word' id='word_1_106' title='bbox 120 1654 209 1715; x_wconf 79' lang='lat' dir='ltr'><strong><em>alem</em></strong></span> <span class='ocrx_word' id='word_1_107' title='bbox 242 1652 376 1713; x_wconf 91' lang='lat' dir='ltr'><strong><em>dolium</em></strong></span> <span class='ocrx_word' id='word_1_108' title='bbox 411 1670 523 1731; x_wconf 90' lang='lat' dir='ltr'><strong><em>usque</em></strong></span> <span class='ocrx_word' id='word_1_109' title='bbox 552 1652 631 1712; x_wconf 89' lang='lat' dir='ltr'><strong><em>dum</em></strong></span> <span class='ocrx_word' id='word_1_110' title='bbox 660 1644 871 1732; x_wconf 69' lang='lat' dir='ltr'><strong><em>impleberis</em></strong></span> <span class='ocrx_word' id='word_1_111' title='bbox 899 1671 1003 1713; x_wconf 91' lang='lat' dir='ltr'><strong><em>manu</em></strong></span> <span class='ocrx_word' id='word_1_112' title='bbox 1036 1656 1262 1732; x_wconf 88' lang='lat' dir='ltr'><strong><em>comprimito</em></strong></span> 
     </span>
     <span class='ocr_line' id='line_1_14' title="bbox 120 1757 1263 1841; baseline 0.001 -20"><span class='ocrx_word' id='word_1_113' title='bbox 120 1763 219 1822; x_wconf 86' lang='lat' dir='ltr'><strong><em>rcina</em></strong></span> <span class='ocrx_word' id='word_1_114' title='bbox 240 1769 278 1820; x_wconf 94' lang='lat' dir='ltr'><strong><em>ut</em></strong></span> <span class='ocrx_word' id='word_1_115' title='bbox 297 1757 503 1820; x_wconf 85' lang='lat' dir='ltr'><strong><em>combibant</em></strong></span> <span class='ocrx_word' id='word_1_116' title='bbox 522 1777 644 1838; x_wconf 89' lang='lat' dir='ltr'><strong><em>aquam</em></strong></span> <span class='ocrx_word' id='word_1_117' title='bbox 663 1759 846 1838; x_wconf 89' lang='lat' dir='ltr'><strong><em>marinam]</em></strong></span> <span class='ocrx_word' id='word_1_118' title='bbox 871 1762 917 1822; x_wconf 82' lang='lat' dir='ltr'><strong><em>Ile</em></strong></span> <span class='ocrx_word' id='word_1_119' title='bbox 930 1763 1116 1838; x_wconf 82' lang='lat' dir='ltr'><strong><em>scepionem</em></strong></span> <span class='ocrx_word' id='word_1_120' title='bbox 1131 1763 1263 1841; x_wconf 78' lang='lat' dir='ltr'><strong><em>margine</em></strong></span> 
     </span>
     <span class='ocr_line' id='line_1_15' title="bbox 120 1865 1263 1948; baseline 0.001 -20"><span class='ocrx_word' id='word_1_121' title='bbox 120 1869 270 1948; x_wconf 77' lang='lat' dir='ltr'><strong><em>archetypi</em></strong></span> <span class='ocrx_word' id='word_1_122' title='bbox 298 1868 481 1946; x_wconf 89' lang='lat' dir='ltr'><strong><em>adscriptum</em></strong></span> <span class='ocrx_word' id='word_1_123' title='bbox 510 1874 586 1945; x_wconf 89' lang='lat' dir='ltr'><strong><em>erat,</em></strong></span> <span class='ocrx_word' id='word_1_124' title='bbox 615 1868 693 1927; x_wconf 89' lang='lat' dir='ltr'><strong><em>sicut</em></strong></span> <span class='ocrx_word' id='word_1_125' title='bbox 721 1865 882 1928; x_wconf 90' lang='lat' dir='ltr'><strong><em>Politianus</em></strong></span> <span class='ocrx_word' id='word_1_126' title='bbox 911 1875 941 1928; x_wconf 91' lang='lat' dir='ltr'><strong><em>et</em></strong></span> <span class='ocrx_word' id='word_1_127' title='bbox 970 1867 1117 1930; x_wconf 88' lang='lat' dir='ltr'><strong><em>Victorius</em></strong></span> <span class='ocrx_word' id='word_1_128' title='bbox 1145 1870 1263 1930; x_wconf 89' lang='lat' dir='ltr'><strong><em>adnota-</em></strong></span> 
     </span>
     <span class='ocr_line' id='line_1_16' title="bbox 120 1977 1262 2056; baseline 0.002 -22"><span class='ocrx_word' id='word_1_129' title='bbox 120 1983 235 2036; x_wconf 85' lang='lat' dir='ltr'><strong><em>verunt.</em></strong></span> <span class='ocrx_word' id='word_1_130' title='bbox 282 1978 437 2052; x_wconf 84' lang='lat' dir='ltr'><strong><em>decerpite</em></strong></span> <span class='ocrx_word' id='word_1_131' title='bbox 461 1978 499 2035; x_wconf 87' lang='lat' dir='ltr'><strong><em>de</em></strong></span> <span class='ocrx_word' id='word_1_132' title='bbox 521 1977 624 2050; x_wconf 83' lang='lat' dir='ltr'><strong><em>scopia</em></strong></span> <span class='ocrx_word' id='word_1_133' title='bbox 648 1982 677 2035; x_wconf 90' lang='lat' dir='ltr'><strong><em>el</em></strong></span> <span class='ocrx_word' id='word_1_134' title='bbox 700 1978 731 2034; x_wconf 87' lang='lat' dir='ltr'><strong><em>in</em></strong></span> <span class='ocrx_word' id='word_1_135' title='bbox 755 1978 832 2035; x_wconf 86' lang='lat' dir='ltr'><strong><em>idem</em></strong></span> <span class='ocrx_word' id='word_1_136' title='bbox 857 1978 977 2056; x_wconf 86' lang='lat' dir='ltr'><strong><em>dolium,</em></strong></span> <span class='ocrx_word' id='word_1_137' title='bbox 1002 1994 1095 2051; x_wconf 88' lang='lat' dir='ltr'><strong><em>usque</em></strong></span> <span class='ocrx_word' id='word_1_138' title='bbox 1119 1980 1189 2038; x_wconf 88' lang='lat' dir='ltr'><strong><em>dum</em></strong></span> <span class='ocrx_word' id='word_1_139' title='bbox 1211 1981 1262 2037; x_wconf 88' lang='lat' dir='ltr'><strong><em>im-</em></strong></span> 
     </span>
     <span class='ocr_line' id='line_1_17' title="bbox 120 2083 1263 2158; baseline -0.001 -13"><span class='ocrx_word' id='word_1_140' title='bbox 120 2086 262 2156; x_wconf 79' lang='lat' dir='ltr'><strong><em>plereris,</em></strong></span> <span class='ocrx_word' id='word_1_141' title='bbox 290 2101 382 2142; x_wconf 86' lang='lat' dir='ltr'><strong><em>mauu</em></strong></span> <span class='ocrx_word' id='word_1_142' title='bbox 411 2085 612 2158; x_wconf 82' lang='lat' dir='ltr'><strong><em>curnprimilu,</em></strong></span> <span class='ocrx_word' id='word_1_143' title='bbox 642 2090 676 2142; x_wconf 87' lang='lat' dir='ltr'><strong><em>ut</em></strong></span> <span class='ocrx_word' id='word_1_144' title='bbox 703 2083 873 2142; x_wconf 82' lang='lat' dir='ltr'><strong><em>combibant</em></strong></span> <span class='ocrx_word' id='word_1_145' title='bbox 901 2101 1012 2158; x_wconf 87' lang='lat' dir='ltr'><strong><em>aquam</em></strong></span> <span class='ocrx_word' id='word_1_146' title='bbox 1039 2088 1190 2144; x_wconf 84' lang='lat' dir='ltr'><strong><em>marinam</em></strong></span> <span class='ocrx_word' id='word_1_147' title='bbox 1217 2083 1263 2144; x_wconf 85' lang='lat' dir='ltr'><strong><em>hv·</em></strong></span> 
     </span>
     <span class='ocr_line' id='line_1_18' title="bbox 120 2184 1262 2270; baseline 0 -20"><span class='ocrx_word' id='word_1_148' title='bbox 120 2190 248 2255; x_wconf 79' lang='lat' dir='ltr'><strong><em>nundus,</em></strong></span> <span class='ocrx_word' id='word_1_149' title='bbox 298 2184 339 2249; x_wconf 78' lang='lat' dir='ltr'><strong><em>‘in</em></strong></span> <span class='ocrx_word' id='word_1_150' title='bbox 368 2208 412 2250; x_wconf 90' lang='lat' dir='ltr'><strong><em>vv.</em></strong></span> <span class='ocrx_word' id='word_1_151' title='bbox 436 2207 479 2249; x_wconf 92' lang='lat' dir='ltr'><strong><em>cc.</em></strong></span> <span class='ocrx_word' id='word_1_152' title='bbox 508 2189 586 2267; x_wconf 89' lang='lat' dir='ltr'><strong><em>apud</em></strong></span> <span class='ocrx_word' id='word_1_153' title='bbox 615 2206 661 2248; x_wconf 90' lang='lat' dir='ltr'><strong><em>me</em></strong></span> <span class='ocrx_word' id='word_1_154' title='bbox 690 2191 834 2266; x_wconf 89' lang='lat' dir='ltr'><strong><em>scriptum</em></strong></span> <span class='ocrx_word' id='word_1_155' title='bbox 863 2198 909 2249; x_wconf 89' lang='lat' dir='ltr'><strong><em>est</em></strong></span> <span class='ocrx_word' id='word_1_156' title='bbox 939 2192 977 2250; x_wconf 90' lang='lat' dir='ltr'><strong><em>de</em></strong></span> <span class='ocrx_word' id='word_1_157' title='bbox 1003 2192 1155 2270; x_wconf 84' lang='lat' dir='ltr'><strong><em>scopinae,</em></strong></span> <span class='ocrx_word' id='word_1_158' title='bbox 1189 2208 1262 2268; x_wconf 90' lang='lat' dir='ltr'><strong><em>quae</em></strong></span> 
     </span>
     <span class='ocr_line' id='line_1_19' title="bbox 120 2290 1263 2374; baseline -0.001 -18"><span class='ocrx_word' id='word_1_159' title='bbox 120 2298 207 2358; x_wconf 83' lang='lat' dir='ltr'><strong><em>tectio</em></strong></span> <span class='ocrx_word' id='word_1_160' title='bbox 236 2315 304 2357; x_wconf 88' lang='lat' dir='ltr'><strong><em>vera</em></strong></span> <span class='ocrx_word' id='word_1_161' title='bbox 337 2290 394 2356; x_wconf 89' lang='lat' dir='ltr'><strong><em>est&#39;</em></strong></span> <span class='ocrx_word' id='word_1_162' title='bbox 424 2295 558 2356; x_wconf 74' lang='lat' dir='ltr'><strong><em>Ursinus</em></strong></span> <span class='ocrx_word' id='word_1_163' title='bbox 605 2300 642 2357; x_wconf 86' lang='lat' dir='ltr'><strong><em>de</em></strong></span> <span class='ocrx_word' id='word_1_164' title='bbox 673 2299 772 2372; x_wconf 83' lang='lat' dir='ltr'><strong><em>scupis</em></strong></span> <span class='ocrx_word' id='word_1_165' title='bbox 801 2294 846 2355; x_wconf 85' lang='lat' dir='ltr'><strong><em>vel</em></strong></span> <span class='ocrx_word' id='word_1_166' title='bbox 874 2298 912 2356; x_wconf 86' lang='lat' dir='ltr'><strong><em>de</em></strong></span> <span class='ocrx_word' id='word_1_167' title='bbox 937 2300 1079 2372; x_wconf 84' lang='lat' dir='ltr'><strong><em>scopinae</em></strong></span> <span class='ocrx_word' id='word_1_168' title='bbox 1106 2295 1263 2374; x_wconf 88' lang='lat' dir='ltr'><strong><em>legendum</em></strong></span> 
     </span>
     <span class='ocr_line' id='line_1_20' title="bbox 120 2400 1264 2483; baseline -0.002 -19"><span class='ocrx_word' id='word_1_169' title='bbox 120 2422 185 2464; x_wconf 81' lang='lat' dir='ltr'><strong><em>esse</em></strong></span> <span class='ocrx_word' id='word_1_170' title='bbox 209 2402 321 2481; x_wconf 90' lang='lat' dir='ltr'><strong><em>Popma</em></strong></span> <span class='ocrx_word' id='word_1_171' title='bbox 344 2403 502 2463; x_wconf 87' lang='lat' dir='ltr'><strong><em>adnotavit.</em></strong></span> <span class='ocrx_word' id='word_1_172' title='bbox 549 2421 673 2483; x_wconf 90' lang='lat' dir='ltr'><strong><em>scopum</em></strong></span> <span class='ocrx_word' id='word_1_173' title='bbox 702 2400 748 2462; x_wconf 89' lang='lat' dir='ltr'><strong><em>vel</em></strong></span> <span class='ocrx_word' id='word_1_174' title='bbox 771 2404 942 2480; x_wconf 85' lang='lat' dir='ltr'><strong><em>scepionem</em></strong></span> <span class='ocrx_word' id='word_1_175' title='bbox 966 2405 996 2462; x_wconf 95' lang='lat' dir='ltr'><strong><em>in</em></strong></span> <span class='ocrx_word' id='word_1_176' title='bbox 1022 2405 1085 2463; x_wconf 91' lang='lat' dir='ltr'><strong><em>uvis</em></strong></span> <span class='ocrx_word' id='word_1_177' title='bbox 1109 2402 1169 2463; x_wconf 90' lang='lat' dir='ltr'><strong><em>dici</em></strong></span> <span class='ocrx_word' id='word_1_178' title='bbox 1191 2403 1264 2463; x_wconf 90' lang='lat' dir='ltr'><strong><em>iliud</em></strong></span> 
     </span>
     <span class='ocr_line' id='line_1_21' title="bbox 120 2507 1263 2591; baseline 0.003 -22"><span class='ocrx_word' id='word_1_179' title='bbox 120 2514 146 2570; x_wconf 87' lang='lat' dir='ltr'><strong><em>in</em></strong></span> <span class='ocrx_word' id='word_1_180' title='bbox 172 2529 234 2589; x_wconf 89' lang='lat' dir='ltr'><strong><em>quo</em></strong></span> <span class='ocrx_word' id='word_1_181' title='bbox 257 2511 340 2569; x_wconf 91' lang='lat' dir='ltr'><strong><em>acina</em></strong></span> <span class='ocrx_word' id='word_1_182' title='bbox 364 2508 488 2569; x_wconf 88' lang='lat' dir='ltr'><strong><em>haerent</em></strong></span> <span class='ocrx_word' id='word_1_183' title='bbox 510 2509 647 2569; x_wconf 87' lang='lat' dir='ltr'><strong><em>adnotavi</em></strong></span> <span class='ocrx_word' id='word_1_184' title='bbox 671 2510 700 2568; x_wconf 91' lang='lat' dir='ltr'><strong><em>in</em></strong></span> <span class='ocrx_word' id='word_1_185' title='bbox 727 2507 806 2569; x_wconf 87' lang='lat' dir='ltr'><strong><em>Varr.</em></strong></span> <span class='ocrx_word' id='word_1_186' title='bbox 826 2527 849 2568; x_wconf 90' lang='lat' dir='ltr'><strong><em>r.</em></strong></span> <span class='ocrx_word' id='word_1_187' title='bbox 870 2528 892 2569; x_wconf 88' lang='lat' dir='ltr'><strong><em>r.</em></strong></span> <span class='ocrx_word' id='word_1_188' title='bbox 911 2508 937 2568; x_wconf 87' lang='grc' dir='ltr'><strong><em>ΙΙ</em></strong></span> <span class='ocrx_word' id='word_1_189' title='bbox 956 2507 986 2591; x_wconf 89' lang='lat'><strong><em>4,</em></strong></span> <span class='ocrx_word' id='word_1_190' title='bbox 1010 2508 1057 2571; x_wconf 82' lang='lat'><strong><em>16.</em></strong></span> <span class='ocrx_word' id='word_1_191' title='bbox 1102 2512 1202 2589; x_wconf 87' lang='lat' dir='ltr'><strong><em>itaque</em></strong></span> <span class='ocrx_word' id='word_1_192' title='bbox 1226 2514 1263 2572; x_wconf 89' lang='lat' dir='ltr'><strong><em>de</em></strong></span> 
     </span>
     <span class='ocr_line' id='line_1_22' title="bbox 120 2615 1265 2697; baseline 0 -19"><span class='ocrx_word' id='word_1_193' title='bbox 120 2620 262 2693; x_wconf 75' lang='lat' dir='ltr'><strong><em>rcopione</em></strong></span> <span class='ocrx_word' id='word_1_194' title='bbox 290 2635 324 2676; x_wconf 83' lang='lat' dir='ltr'><strong><em>er</em></strong></span> <span class='ocrx_word' id='word_1_195' title='bbox 354 2618 486 2696; x_wconf 84' lang='lat' dir='ltr'><strong><em>margine</em></strong></span> <span class='ocrx_word' id='word_1_196' title='bbox 513 2615 625 2677; x_wconf 89' lang='lat' dir='ltr'><strong><em>codicis</em></strong></span> <span class='ocrx_word' id='word_1_197' title='bbox 653 2619 754 2694; x_wconf 87' lang='lat' dir='ltr'><strong><em>recepi</em></strong></span> <span class='ocrx_word' id='word_1_198' title='bbox 783 2625 812 2676; x_wconf 91' lang='lat' dir='ltr'><strong><em>et</em></strong></span> <span class='ocrx_word' id='word_1_199' title='bbox 840 2618 946 2696; x_wconf 85' lang='lat' dir='ltr'><strong><em>acina,</em></strong></span> <span class='ocrx_word' id='word_1_200' title='bbox 978 2617 1057 2695; x_wconf 91' lang='lat' dir='ltr'><strong><em>quod</em></strong></span> <span class='ocrx_word' id='word_1_201' title='bbox 1087 2629 1155 2697; x_wconf 89' lang='lat' dir='ltr'><strong><em>post</em></strong></span> <span class='ocrx_word' id='word_1_202' title='bbox 1188 2637 1265 2680; x_wconf 87' lang='lat' dir='ltr'><strong><em>com-</em></strong></span> 
     </span>
     <span class='ocr_line' id='line_1_23' title="bbox 120 2725 1264 2803; baseline 0.002 -18"><span class='ocrx_word' id='word_1_203' title='bbox 120 2728 241 2786; x_wconf 86' lang='lat' dir='ltr'><strong><em>urimila</em></strong></span> <span class='ocrx_word' id='word_1_204' title='bbox 266 2726 424 2802; x_wconf 88' lang='lat' dir='ltr'><strong><em>repetitum</em></strong></span> <span class='ocrx_word' id='word_1_205' title='bbox 448 2733 520 2798; x_wconf 83' lang='lat' dir='ltr'><strong><em>erat,</em></strong></span> <span class='ocrx_word' id='word_1_206' title='bbox 543 2725 676 2803; x_wconf 85' lang='lat' dir='ltr'><strong><em>restitui,</em></strong></span> <span class='ocrx_word' id='word_1_207' title='bbox 700 2731 762 2783; x_wconf 82' lang='lat' dir='ltr'><strong><em>tuni</em></strong></span> <span class='ocrx_word' id='word_1_208' title='bbox 786 2728 878 2784; x_wconf 82' lang='lat' dir='ltr'><strong><em>acina</em></strong></span> <span class='ocrx_word' id='word_1_209' title='bbox 902 2727 940 2784; x_wconf 89' lang='lat' dir='ltr'><strong><em>de</em></strong></span> <span class='ocrx_word' id='word_1_210' title='bbox 964 2728 1028 2784; x_wconf 87' lang='lat' dir='ltr'><strong><em>uuis</em></strong></span> <span class='ocrx_word' id='word_1_211' title='bbox 1051 2728 1190 2786; x_wconf 68' lang='lat' dir='ltr'><strong><em>macellis</em></strong></span> <span class='ocrx_word' id='word_1_212' title='bbox 1214 2729 1264 2787; x_wconf 87' lang='lat' dir='ltr'><strong><em>de-</em></strong></span> 
     </span>
     <span class='ocr_line' id='line_1_24' title="bbox 120 2833 1264 2909; baseline -0.001 -16"><span class='ocrx_word' id='word_1_213' title='bbox 120 2835 241 2909; x_wconf 82' lang='lat' dir='ltr'><strong><em>cerpite</em></strong></span> <span class='ocrx_word' id='word_1_214' title='bbox 260 2834 298 2891; x_wconf 86' lang='lat' dir='ltr'><strong><em>de</em></strong></span> <span class='ocrx_word' id='word_1_215' title='bbox 315 2835 457 2907; x_wconf 84' lang='lat' dir='ltr'><strong><em>scopinae</em></strong></span> <span class='ocrx_word' id='word_1_216' title='bbox 475 2835 506 2890; x_wconf 84' lang='lat' dir='ltr'><strong><em>in</em></strong></span> <span class='ocrx_word' id='word_1_217' title='bbox 526 2834 603 2891; x_wconf 86' lang='lat' dir='ltr'><strong><em>idem</em></strong></span> <span class='ocrx_word' id='word_1_218' title='bbox 623 2833 744 2905; x_wconf 85' lang='lat' dir='ltr'><strong><em>dolium,</em></strong></span> <span class='ocrx_word' id='word_1_219' title='bbox 763 2848 858 2904; x_wconf 80' lang='lat' dir='ltr'><strong><em>usque</em></strong></span> <span class='ocrx_word' id='word_1_220' title='bbox 876 2833 947 2890; x_wconf 87' lang='lat' dir='ltr'><strong><em>dum</em></strong></span> <span class='ocrx_word' id='word_1_221' title='bbox 967 2834 1135 2906; x_wconf 61' lang='lat' dir='ltr'><strong><em>inpleverit.</em></strong></span> <span class='ocrx_word' id='word_1_222' title='bbox 1172 2851 1264 2892; x_wconf 87' lang='lat' dir='ltr'><strong><em>mauu</em></strong></span> 
     </span>
     <span class='ocr_line' id='line_1_25' title="bbox 120 2939 1263 3015; baseline -0.003 -14"><span class='ocrx_word' id='word_1_223' title='bbox 120 2942 302 3015; x_wconf 80' lang='lat' dir='ltr'><strong><em>conprimllo</em></strong></span> <span class='ocrx_word' id='word_1_224' title='bbox 334 2942 443 3012; x_wconf 86' lang='lat' dir='ltr'><strong><em>acina,</em></strong></span> <span class='ocrx_word' id='word_1_225' title='bbox 477 2945 510 2999; x_wconf 88' lang='lat' dir='ltr'><strong><em>ut</em></strong></span> <span class='ocrx_word' id='word_1_226' title='bbox 541 2939 705 2999; x_wconf 79' lang='lat' dir='ltr'><strong><em>contribuat</em></strong></span> <span class='ocrx_word' id='word_1_227' title='bbox 734 2956 845 3013; x_wconf 86' lang='lat' dir='ltr'><strong><em>aquam</em></strong></span> <span class='ocrx_word' id='word_1_228' title='bbox 873 2942 1033 2999; x_wconf 86' lang='lat' dir='ltr'><strong><em>marinam.</em></strong></span> <span class='ocrx_word' id='word_1_229' title='bbox 1074 2941 1156 3000; x_wconf 91' lang='lat' dir='ltr'><strong><em>acina</em></strong></span> <span class='ocrx_word' id='word_1_230' title='bbox 1185 2941 1263 2999; x_wconf 91' lang='lat' dir='ltr'><strong><em>enim</em></strong></span> 
     </span>
     <span class='ocr_line' id='line_1_26' title="bbox 120 3042 1265 3124; baseline 0 -19"><span class='ocrx_word' id='word_1_231' title='bbox 120 3064 179 3105; x_wconf 90' lang='lat' dir='ltr'><strong><em>non</em></strong></span> <span class='ocrx_word' id='word_1_232' title='bbox 196 3046 435 3122; x_wconf 90' lang='lat' dir='ltr'><strong><em>comprimuntur</em></strong></span> <span class='ocrx_word' id='word_1_233' title='bbox 449 3046 480 3104; x_wconf 91' lang='lat' dir='ltr'><strong><em>in</em></strong></span> <span class='ocrx_word' id='word_1_234' title='bbox 495 3043 613 3123; x_wconf 87' lang='lat' dir='ltr'><strong><em>dehum,</em></strong></span> <span class='ocrx_word' id='word_1_235' title='bbox 633 3043 685 3104; x_wconf 91' lang='lat' dir='ltr'><strong><em>sed</em></strong></span> <span class='ocrx_word' id='word_1_236' title='bbox 704 3046 878 3123; x_wconf 90' lang='lat' dir='ltr'><strong><em>priusquam</em></strong></span> <span class='ocrx_word' id='word_1_237' title='bbox 898 3047 928 3103; x_wconf 93' lang='lat' dir='ltr'><strong><em>in</em></strong></span> <span class='ocrx_word' id='word_1_238' title='bbox 944 3042 1055 3105; x_wconf 89' lang='lat' dir='ltr'><strong><em>dolium</em></strong></span> <span class='ocrx_word' id='word_1_239' title='bbox 1070 3047 1265 3124; x_wconf 81' lang='lat' dir='ltr'><strong><em>conicientur,</em></strong></span> 
     </span>
     <span class='ocr_line' id='line_1_27' title="bbox 120 3150 1264 3230; baseline 0 -17"><span class='ocrx_word' id='word_1_240' title='bbox 120 3170 210 3213; x_wconf 86' lang='lat' dir='ltr'><strong><em>manu</em></strong></span> <span class='ocrx_word' id='word_1_241' title='bbox 235 3154 481 3230; x_wconf 89' lang='lat' dir='ltr'><strong><em>comprimuntur,</em></strong></span> <span class='ocrx_word' id='word_1_242' title='bbox 504 3162 538 3212; x_wconf 90' lang='lat' dir='ltr'><strong><em>nt</em></strong></span> <span class='ocrx_word' id='word_1_243' title='bbox 560 3169 666 3229; x_wconf 87' lang='lat' dir='ltr'><strong><em>aquam</em></strong></span> <span class='ocrx_word' id='word_1_244' title='bbox 689 3152 833 3211; x_wconf 90' lang='lat' dir='ltr'><strong><em>marinam</em></strong></span> <span class='ocrx_word' id='word_1_245' title='bbox 856 3150 1026 3212; x_wconf 88' lang='lat' dir='ltr'><strong><em>combibere</em></strong></span> <span class='ocrx_word' id='word_1_246' title='bbox 1049 3153 1173 3230; x_wconf 89' lang='lat' dir='ltr'><strong><em>possint.</em></strong></span> <span class='ocrx_word' id='word_1_247' title='bbox 1215 3156 1264 3213; x_wconf 86' lang='lat' dir='ltr'><strong><em>de-</em></strong></span> 
     </span>
     <span class='ocr_line' id='line_1_28' title="bbox 120 3256 1265 3338; baseline -0.002 -17"><span class='ocrx_word' id='word_1_248' title='bbox 120 3263 242 3337; x_wconf 82' lang='lat' dir='ltr'><strong><em>carpita</em></strong></span> <span class='ocrx_word' id='word_1_249' title='bbox 267 3262 297 3320; x_wconf 83' lang='lat' dir='ltr'><strong><em>iu</em></strong></span> <span class='ocrx_word' id='word_1_250' title='bbox 321 3262 433 3320; x_wconf 83' lang='lat' dir='ltr'><strong><em>dolium</em></strong></span> <span class='ocrx_word' id='word_1_251' title='bbox 457 3267 555 3319; x_wconf 91' lang='lat' dir='ltr'><strong><em>autem</em></strong></span> <span class='ocrx_word' id='word_1_252' title='bbox 579 3256 716 3318; x_wconf 86' lang='lat' dir='ltr'><strong><em>brevitati</em></strong></span> <span class='ocrx_word' id='word_1_253' title='bbox 742 3259 784 3319; x_wconf 85' lang='lat' dir='ltr'><strong><em>rel</em></strong></span> <span class='ocrx_word' id='word_1_254' title='bbox 808 3258 1010 3338; x_wconf 78' lang='lat' dir='ltr'><strong><em>neglegentiae</em></strong></span> <span class='ocrx_word' id='word_1_255' title='bbox 1034 3258 1152 3319; x_wconf 86' lang='lat' dir='ltr'><strong><em>dicendi</em></strong></span> <span class='ocrx_word' id='word_1_256' title='bbox 1174 3259 1265 3320; x_wconf 90' lang='lat' dir='ltr'><strong><em>tribui</em></strong></span> 
     </span>
     <span class='ocr_line' id='line_1_29' title="bbox 120 3368 1263 3447; baseline 0 -20"><span class='ocrx_word' id='word_1_257' title='bbox 120 3370 241 3447; x_wconf 87' lang='lat' dir='ltr'><strong><em>poterit,</em></strong></span> <span class='ocrx_word' id='word_1_258' title='bbox 265 3385 441 3446; x_wconf 85' lang='lat' dir='ltr'><strong><em>quamquam</em></strong></span> <span class='ocrx_word' id='word_1_259' title='bbox 466 3368 578 3426; x_wconf 88' lang='lat' dir='ltr'><strong><em>rectius</em></strong></span> <span class='ocrx_word' id='word_1_260' title='bbox 607 3375 670 3425; x_wconf 92' lang='lat' dir='ltr'><strong><em>erat</em></strong></span> <span class='ocrx_word' id='word_1_261' title='bbox 700 3372 763 3426; x_wconf 86' lang='lat' dir='ltr'><strong><em>tum</em></strong></span> <span class='ocrx_word' id='word_1_262' title='bbox 786 3370 878 3426; x_wconf 82' lang='lat' dir='ltr'><strong><em>acina</em></strong></span> <span class='ocrx_word' id='word_1_263' title='bbox 902 3369 939 3427; x_wconf 91' lang='lat' dir='ltr'><strong><em>de</em></strong></span> <span class='ocrx_word' id='word_1_264' title='bbox 962 3369 1028 3427; x_wconf 84' lang='lat' dir='ltr'><strong><em>uuis</em></strong></span> <span class='ocrx_word' id='word_1_265' title='bbox 1050 3369 1189 3426; x_wconf 84' lang='lat' dir='ltr'><strong><em>misceliis</em></strong></span> <span class='ocrx_word' id='word_1_266' title='bbox 1214 3369 1263 3427; x_wconf 87' lang='lat' dir='ltr'><strong><em>de-</em></strong></span> 
     </span>
     <span class='ocr_line' id='line_1_30' title="bbox 120 3453 978 3553; baseline -0.001 -18"><span class='ocrx_word' id='word_1_267' title='bbox 120 3478 245 3551; x_wconf 83' lang='lat' dir='ltr'><strong><em>carpito</em></strong></span> <span class='ocrx_word' id='word_1_268' title='bbox 269 3453 309 3535; x_wconf 81' lang='lat' dir='ltr'><strong><em>de</em></strong></span> <span class='ocrx_word' id='word_1_269' title='bbox 330 3479 479 3551; x_wconf 83' lang='lat' dir='ltr'><strong><em>scopinae,</em></strong></span> <span class='ocrx_word' id='word_1_270' title='bbox 503 3476 598 3534; x_wconf 86' lang='lat' dir='ltr'><strong><em>indito</em></strong></span> <span class='ocrx_word' id='word_1_271' title='bbox 623 3476 653 3533; x_wconf 85' lang='lat' dir='ltr'><strong><em>in</em></strong></span> <span class='ocrx_word' id='word_1_272' title='bbox 677 3475 755 3534; x_wconf 83' lang='lat' dir='ltr'><strong><em>idem</em></strong></span> <span class='ocrx_word' id='word_1_273' title='bbox 778 3476 890 3535; x_wconf 85' lang='lat' dir='ltr'><strong><em>dolium</em></strong></span> <span class='ocrx_word' id='word_1_274' title='bbox 913 3492 978 3553; x_wconf 89' lang='lat' dir='ltr'><strong><em>sqq.</em></strong></span> 
     </span>
    </p>

    <p class='ocr_par' dir='ltr' id='par_1_4' title="bbox 119 3579 1267 4523">
     <span class='ocr_line' id='line_1_31' title="bbox 213 3579 1264 3642; baseline -0.002 0"><span class='ocrx_word' id='word_1_275' title='bbox 213 3581 309 3642; x_wconf 80' lang='lat' dir='ltr'>CXIII</span> <span class='ocrx_word' id='word_1_276' title='bbox 344 3581 360 3642; x_wconf 90' lang='lat'>1</span> <span class='ocrx_word' id='word_1_277' title='bbox 401 3581 443 3642; x_wconf 91' lang='lat' dir='ltr'><strong><em>Ut</em></strong></span> <span class='ocrx_word' id='word_1_278' title='bbox 480 3580 667 3641; x_wconf 90' lang='lat' dir='ltr'><strong><em>odoratum</em></strong></span> <span class='ocrx_word' id='word_1_279' title='bbox 704 3579 792 3641; x_wconf 89' lang='lat' dir='ltr'><strong><em>bene</em></strong></span> <span class='ocrx_word' id='word_1_280' title='bbox 830 3583 877 3641; x_wconf 90' lang='lat' dir='ltr'><strong><em>sit</em></strong></span> <span class='ocrx_word' id='word_1_281' title='bbox 909 3582 961 3641; x_wconf 91' lang='lat' dir='ltr'><strong><em>sic</em></strong></span> <span class='ocrx_word' id='word_1_282' title='bbox 994 3582 1101 3642; x_wconf 88' lang='lat' dir='ltr'><strong><em>iacito</em></strong></span> <span class='ocrx_word' id='word_1_283' title='bbox 1134 3583 1264 3642; x_wconf 92' lang='lat' dir='ltr'><strong><em>sumito</em></strong></span> 
     </span>
     <span class='ocr_line' id='line_1_32' title="bbox 120 3687 1266 3768; baseline -0.002 -18"><span class='ocrx_word' id='word_1_284' title='bbox 120 3697 252 3750; x_wconf 88' lang='lat' dir='ltr'><strong><em>testam</em></strong></span> <span class='ocrx_word' id='word_1_285' title='bbox 280 3687 450 3767; x_wconf 90' lang='lat' dir='ltr'><strong><em>picatam]</em></strong></span> <span class='ocrx_word' id='word_1_286' title='bbox 491 3689 527 3750; x_wconf 82' lang='lat' dir='ltr'><strong><em>Ut</em></strong></span> <span class='ocrx_word' id='word_1_287' title='bbox 558 3690 718 3749; x_wconf 87' lang='lat' dir='ltr'><strong><em>adoratum</em></strong></span> <span class='ocrx_word' id='word_1_288' title='bbox 749 3690 823 3749; x_wconf 83' lang='lat' dir='ltr'><strong><em>leue</em></strong></span> <span class='ocrx_word' id='word_1_289' title='bbox 848 3692 888 3748; x_wconf 80' lang='lat' dir='ltr'><strong><em>sil</em></strong></span> <span class='ocrx_word' id='word_1_290' title='bbox 915 3690 946 3749; x_wconf 90' lang='lat' dir='ltr'><strong><em>in</em></strong></span> <span class='ocrx_word' id='word_1_291' title='bbox 974 3690 1108 3768; x_wconf 91' lang='lat' dir='ltr'><strong><em>principe</em></strong></span> <span class='ocrx_word' id='word_1_292' title='bbox 1136 3689 1266 3750; x_wconf 89' lang='lat' dir='ltr'><strong><em>editione</em></strong></span> 
     </span>
     <span class='ocr_line' id='line_1_33' title="bbox 119 3794 1267 3877; baseline 0 -19"><span class='ocrx_word' id='word_1_293' title='bbox 119 3797 261 3858; x_wconf 90' lang='lat' dir='ltr'><strong><em>rubricae</em></strong></span> <span class='ocrx_word' id='word_1_294' title='bbox 286 3797 349 3857; x_wconf 90' lang='lat' dir='ltr'><strong><em>ioco</em></strong></span> <span class='ocrx_word' id='word_1_295' title='bbox 368 3797 561 3877; x_wconf 88' lang='lat' dir='ltr'><strong><em>praescripta,</em></strong></span> <span class='ocrx_word' id='word_1_296' title='bbox 583 3794 691 3856; x_wconf 88' lang='lat' dir='ltr'><strong><em>deinde</em></strong></span> <span class='ocrx_word' id='word_1_297' title='bbox 714 3799 759 3856; x_wconf 86' lang='lat' dir='ltr'><strong><em>sic</em></strong></span> <span class='ocrx_word' id='word_1_298' title='bbox 775 3794 873 3871; x_wconf 75' lang='lat' dir='ltr'><strong><em>[recito</em></strong></span> <span class='ocrx_word' id='word_1_299' title='bbox 892 3798 1009 3877; x_wconf 81' lang='lat' dir='ltr'><strong><em>omissa,</em></strong></span> <span class='ocrx_word' id='word_1_300' title='bbox 1028 3795 1140 3875; x_wconf 89' lang='lat' dir='ltr'><strong><em>reliqua</em></strong></span> <span class='ocrx_word' id='word_1_301' title='bbox 1159 3800 1267 3858; x_wconf 83' lang='lat' dir='ltr'><strong><em>sumito</em></strong></span> 
     </span>
     <span class='ocr_line' id='line_1_34' title="bbox 119 3902 1267 3983; baseline -0.003 -17"><span class='ocrx_word' id='word_1_302' title='bbox 119 3914 230 3966; x_wconf 82' lang='lat' dir='ltr'><strong><em>testam</em></strong></span> <span class='ocrx_word' id='word_1_303' title='bbox 249 3907 385 3981; x_wconf 80' lang='lat' dir='ltr'><strong><em>picatam</em></strong></span> <span class='ocrx_word' id='word_1_304' title='bbox 405 3923 469 3983; x_wconf 85' lang='lat' dir='ltr'><strong><em>sqq.</em></strong></span> <span class='ocrx_word' id='word_1_305' title='bbox 501 3912 648 3981; x_wconf 91' lang='lat' dir='ltr'><strong><em>tamquam</em></strong></span> <span class='ocrx_word' id='word_1_306' title='bbox 673 3910 831 3981; x_wconf 91' lang='lat' dir='ltr'><strong><em>praecepta</em></strong></span> <span class='ocrx_word' id='word_1_307' title='bbox 850 3902 886 3962; x_wconf 90' lang='lat' dir='ltr'><strong><em>de</em></strong></span> <span class='ocrx_word' id='word_1_308' title='bbox 906 3905 972 3962; x_wconf 88' lang='lat' dir='ltr'><strong><em>vino</em></strong></span> <span class='ocrx_word' id='word_1_309' title='bbox 992 3902 1113 3963; x_wconf 89' lang='lat' dir='ltr'><strong><em>odorato</em></strong></span> <span class='ocrx_word' id='word_1_310' title='bbox 1133 3904 1267 3981; x_wconf 81' lang='lat' dir='ltr'><strong><em>iuciemio</em></strong></span> 
     </span>
     <span class='ocr_line' id='line_1_35' title="bbox 119 4007 1267 4090; baseline 0 -19"><span class='ocrx_word' id='word_1_311' title='bbox 119 4015 151 4073; x_wconf 90' lang='lat' dir='ltr'><strong><em>in</em></strong></span> <span class='ocrx_word' id='word_1_312' title='bbox 172 4030 251 4071; x_wconf 90' lang='lat' dir='ltr'><strong><em>novo</em></strong></span> <span class='ocrx_word' id='word_1_313' title='bbox 270 4013 366 4089; x_wconf 90' lang='lat' dir='ltr'><strong><em>capite</em></strong></span> <span class='ocrx_word' id='word_1_314' title='bbox 385 4012 480 4090; x_wconf 91' lang='lat' dir='ltr'><strong><em>posita</em></strong></span> <span class='ocrx_word' id='word_1_315' title='bbox 500 4018 579 4069; x_wconf 90' lang='lat' dir='ltr'><strong><em>sunt.</em></strong></span> <span class='ocrx_word' id='word_1_316' title='bbox 609 4008 745 4069; x_wconf 89' lang='lat' dir='ltr'><strong><em>similiter</em></strong></span> <span class='ocrx_word' id='word_1_317' title='bbox 763 4007 915 4069; x_wconf 89' lang='lat' dir='ltr'><strong><em>iucundus</em></strong></span> <span class='ocrx_word' id='word_1_318' title='bbox 934 4008 1007 4068; x_wconf 91' lang='lat' dir='ltr'><strong><em>haec</em></strong></span> <span class='ocrx_word' id='word_1_319' title='bbox 1026 4027 1042 4068; x_wconf 91' lang='lat' dir='ltr'><strong><em>a</em></strong></span> <span class='ocrx_word' id='word_1_320' title='bbox 1061 4010 1267 4087; x_wconf 88' lang='lat' dir='ltr'><strong><em>superioribus</em></strong></span> 
     </span>
     <span class='ocr_line' id='line_1_36' title="bbox 121 4117 1264 4200; baseline -0.003 -18"><span class='ocrx_word' id='word_1_321' title='bbox 121 4127 259 4200; x_wconf 88' lang='lat' dir='ltr'><strong><em>separata</em></strong></span> <span class='ocrx_word' id='word_1_322' title='bbox 283 4117 373 4198; x_wconf 88' lang='lat' dir='ltr'><strong><em>dedit,</em></strong></span> <span class='ocrx_word' id='word_1_323' title='bbox 401 4119 438 4180; x_wconf 82' lang='lat' dir='ltr'><strong><em>ta</em></strong></span> <span class='ocrx_word' id='word_1_324' title='bbox 461 4121 561 4178; x_wconf 87' lang='lat' dir='ltr'><strong><em>uinum</em></strong></span> <span class='ocrx_word' id='word_1_325' title='bbox 586 4119 661 4178; x_wconf 83' lang='lat' dir='ltr'><strong><em>benc</em></strong></span> <span class='ocrx_word' id='word_1_326' title='bbox 683 4122 843 4179; x_wconf 86' lang='lat' dir='ltr'><strong><em>odoratum</em></strong></span> <span class='ocrx_word' id='word_1_327' title='bbox 866 4120 935 4191; x_wconf 85' lang='lat' dir='ltr'><strong><em>siet,</em></strong></span> <span class='ocrx_word' id='word_1_328' title='bbox 962 4120 1069 4178; x_wconf 85' lang='lat' dir='ltr'><strong><em>sumita</em></strong></span> <span class='ocrx_word' id='word_1_329' title='bbox 1093 4126 1199 4177; x_wconf 85' lang='lat' dir='ltr'><strong><em>testam</em></strong></span> <span class='ocrx_word' id='word_1_330' title='bbox 1218 4122 1264 4194; x_wconf 86' lang='lat' dir='ltr'><strong><em>pi-</em></strong></span> 
     </span>
     <span class='ocr_line' id='line_1_37' title="bbox 123 4222 1265 4306; baseline -0.004 -18"><span class='ocrx_word' id='word_1_331' title='bbox 123 4236 224 4288; x_wconf 86' lang='lat' dir='ltr'><strong><em>catam</em></strong></span> <span class='ocrx_word' id='word_1_332' title='bbox 249 4245 312 4305; x_wconf 89' lang='lat' dir='ltr'><strong><em>sqq.</em></strong></span> <span class='ocrx_word' id='word_1_333' title='bbox 351 4226 503 4306; x_wconf 75' lang='lat' dir='ltr'><strong><em>archetypi</em></strong></span> <span class='ocrx_word' id='word_1_334' title='bbox 526 4224 684 4286; x_wconf 88' lang='lat' dir='ltr'><strong><em>lectionem</em></strong></span> <span class='ocrx_word' id='word_1_335' title='bbox 708 4222 855 4285; x_wconf 87' lang='lat' dir='ltr'><strong><em>Victorius</em></strong></span> <span class='ocrx_word' id='word_1_336' title='bbox 879 4224 1010 4284; x_wconf 88' lang='lat' dir='ltr'><strong><em>restituit</em></strong></span> <span class='ocrx_word' id='word_1_337' title='bbox 1033 4234 1063 4284; x_wconf 88' lang='lat' dir='ltr'><strong><em>et</em></strong></span> <span class='ocrx_word' id='word_1_338' title='bbox 1085 4223 1174 4283; x_wconf 85' lang='lat' dir='ltr'><strong><em>verbu</em></strong></span> <span class='ocrx_word' id='word_1_339' title='bbox 1197 4244 1265 4285; x_wconf 91' lang='lat' dir='ltr'><strong><em>cum</em></strong></span> 
     </span>
     <span class='ocr_line' id='line_1_38' title="bbox 124 4332 1266 4415; baseline -0.001 -21"><span class='ocrx_word' id='word_1_340' title='bbox 124 4334 349 4415; x_wconf 86' lang='lat' dir='ltr'><strong><em>superioribus,</em></strong></span> <span class='ocrx_word' id='word_1_341' title='bbox 386 4336 464 4394; x_wconf 90' lang='lat' dir='ltr'><strong><em>sicut</em></strong></span> <span class='ocrx_word' id='word_1_342' title='bbox 495 4336 525 4393; x_wconf 87' lang='lat' dir='ltr'><strong><em>in</em></strong></span> <span class='ocrx_word' id='word_1_343' title='bbox 559 4332 608 4393; x_wconf 87' lang='lat' dir='ltr'><strong><em>iiio</em></strong></span> <span class='ocrx_word' id='word_1_344' title='bbox 642 4333 751 4410; x_wconf 88' lang='lat' dir='ltr'><strong><em>scripta</em></strong></span> <span class='ocrx_word' id='word_1_345' title='bbox 784 4344 886 4412; x_wconf 81' lang='lat' dir='ltr'><strong><em>erant,</em></strong></span> <span class='ocrx_word' id='word_1_346' title='bbox 923 4333 1113 4392; x_wconf 82' lang='lat' dir='ltr'><strong><em>continuavit.</em></strong></span> <span class='ocrx_word' id='word_1_347' title='bbox 1164 4341 1266 4410; x_wconf 87' lang='lat' dir='ltr'><strong><em>postca</em></strong></span> 
     </span>
     <span class='ocr_line' id='line_1_39' title="bbox 125 4439 1266 4523; baseline 0 -21"><span class='ocrx_word' id='word_1_348' title='bbox 125 4441 302 4523; x_wconf 87' lang='lat' dir='ltr'><strong><em>Syiburgius</em></strong></span> <span class='ocrx_word' id='word_1_349' title='bbox 327 4442 357 4500; x_wconf 91' lang='lat' dir='ltr'><strong><em>iu</em></strong></span> <span class='ocrx_word' id='word_1_350' title='bbox 381 4439 508 4501; x_wconf 88' lang='lat' dir='ltr'><strong><em>editione</em></strong></span> <span class='ocrx_word' id='word_1_351' title='bbox 530 4439 760 4501; x_wconf 81' lang='lat' dir='ltr'><strong><em>Couuneliuiaua</em></strong></span> <span class='ocrx_word' id='word_1_352' title='bbox 784 4441 967 4520; x_wconf 88' lang='lat' dir='ltr'><strong><em>antiquiores</em></strong></span> <span class='ocrx_word' id='word_1_353' title='bbox 991 4440 1121 4501; x_wconf 88' lang='lat' dir='ltr'><strong><em>editores</em></strong></span> <span class='ocrx_word' id='word_1_354' title='bbox 1145 4451 1266 4502; x_wconf 88' lang='lat' dir='ltr'><strong><em>secutus</em></strong></span> 
     </span>
    </p>
   </div>
   <div class='ocr_carea' id='block_1_3' title="bbox 0 0 1447 4994">
    <p class='ocr_par' dir='ltr' id='par_1_5' title="bbox 0 0 1447 4994">
     <span class='ocr_line' id='line_1_40' title="bbox 0 0 1447 4994; baseline 0 0"><span class='ocrx_word' id='word_1_355' title='bbox 0 0 1447 4994; x_wconf 95' lang='lat' dir='ltr'><strong><em> </em></strong></span> 
     </span>
    </p>
   </div>
  </div>
 </body>
</html>
