2874 4994
213 297 251 361 12
557 302 747 358 COMMEN'I'.
767 302 805 356 lN
824 301 1012 356 VARRONIS

100 520 102 525 .
209 468 328 535 topatus
363 469 502 536 uocetur,
541 464 593 536 qui
624 464 736 521 viritim
767 470 877 523 contra
908 463 1010 522 senati
1043 461 1259 523 auctoritatem
1291 479 1434 538 per

208 569 389 629 Flaminium
426 572 515 629 dotus
552 578 608 639 est,
645 577 766 629 secutus
802 567 917 630 scilicet
953 566 1126 628 Ciceronem
1164 565 1203 627 de
1240 582 1430 640 seneen,

208 670 294 756 4,11
319 678 373 750 qui
396 669 443 756 (Ο.
467 675 576 736 Fabius
599 669 888 759 Maximus)eonsul
909 678 1018 737 iterem
1046 676 1096 753 Sp.
1128 676 1265 737 Carvilio
1292 683 1429 739 eol-

208 784 276 858 leea
294 786 466 858 quiescente
488 785 517 844 C.
537 785 687 845 Flaminio
710 785 832 845 tribuno
851 784 957 860 plebis,
980 785 1084 858 quoad
1101 785 1217 860 potuit,
1240 786 1426 855 restitit

208 907 316 964 eprrtm
350 891 503 952 Picentem
536 899 564 952 et
595 892 743 952 Gallicum
776 892 888 951 viritim
920 897 1030 951 contre
1056 895 1182 952 senatus
1214 896 1411 956 auctor-2·-

207 1004 298 1057 tetem
322 999 475 1059 dividenti.
967 980 971 987 ⁸

298 1103 390 1164 Deua
414 1104 530 1165 cullea
556 1107 631 1165 uini
655 1103 766 1192 liunt]
791 1103 832 1165 lle
855 1103 954 1165 dubiis
975 1101 1142 1165 nominihus
1160 1121 1287 1183 gramm.
1304 1102 1427 1181 lat,

210 1231 233 1272 r.
253 1211 276 1269 V
299 1230 327 1290 p.
347 1209 426 1292 576,
447 1209 487 1273 19
517 1216 643 1274 cattleem
668 1215 792 1288 perieris
819 1215 935 1286 neutri,
959 1219 994 1272 ut
1019 1213 1092 1273 Ceto
1121 1205 1241 1273 ‘culleo
1265 1213 1376 1276 eiai’
1399 1253 1433 1293 ,-

208 1321 356 1379 dixerunt
369 1322 425 1379 elii
437 1323 562 1393 culleos,
576 1321 703 1380 sednon
719 1322 877 1396 recipitur.
908 1317 1098 1398 neglegenter
1113 1316 1218 1379 eadem
1232 1317 1430 1401 Varrnrn

210 1424 314 1486 tribuit
332 1423 445 1486 Nonius
468 1444 496 1504 p.
517 1423 646 1507 197,13
674 1428 793 1487 Culleus
816 1428 983 1487 masculino
1001 1443 1100 1505 saepe,
1119 1432 1232 1488 neutro
1258 1426 1428 1509 Varro

121 1527 127 1538 “
208 1535 246 1593 de
269 1552 304 1593 re
327 1536 444 1594 rustice
467 1535 516 1593 lit.
541 1535 557 1593 I
584 1528 631 1594 ‘in
659 1537 780 1610 stapulo
804 1537 913 1609 inperce
937 1536 1016 1595 dene
1040 1536 1139 1594 culleo
1167 1536 1233 1594 viui
1251 1515 1354 1607 fiune
1366 1538 1425 1615 ²,

209 1638 281 1700 Plio.
296 1635 417 1701 x1v52
437 1643 515 1700 idem
533 1642 606 1703 Ceto
626 1644 718 1702 denos
737 1645 848 1703 culleos
862 1643 967 1702 redire
986 1659 1026 1702 ex
1046 1641 1206 1715 iueeridus
1222 1644 1424 1722 scripse]¹

209 1746 357 1826 Ursinum,
382 1749 433 1826 qui
456 1751 611 1822 quindeno
635 1751 733 1809 coellec
757 1749 893 1825 coniecit,
922 1746 1000 1825 quod
1019 1765 1160 1809 sescenos
1184 1766 1284 1809 umus
1307 1769 1419 1832 pq

209 1862 294 1914 ueret
318 1852 477 1914 Columella
497 1852 621 1936 1113,2
644 1863 674 1915 et
693 1856 764 1915 item
783 1853 823 1914 lll
842 1850 872 1934 9,
889 1852 919 1936 3,
944 1853 994 1914 ubi
1015 1862 1157 1932 septenos
1180 1856 1210 1915 in
1231 1853 1356 1935 Sanga
1368 1887 1415 1929 ι,

210 1962 342 2020 manensi
366 1960 467 2021 codice
492 1963 636 2041 scriptum
659 1970 714 2041 est,
738 1962 876 2022 refutavit
895 1961 1045 2022 Gesnerus
1065 1979 1124 2021 non
1147 1961 1183 2021 od
1203 1960 1408 2058 Catonem,

209 2066 259 2127 sed
293 2067 328 2128 ad
364 2070 457 2147 ipsius
491 2068 630 2130 Varronis
666 2070 869 2130 testimonium
904 2086 971 2129 cum
1010 2086 1168 2130 numerum
1203 2071 1402 2148 pertinere

208 2192 340 2236 monens.

297 2281 383 2343 Libo
402 2285 552 2344 martius
572 2285 783 2364 praelectus
803 2282 940 2344 labrum
956 2281 1051 2360 tuos]
1068 2283 1100 2344 L.
1115 2283 1386 2361 Martiusproee·

206 2390 307 2467 sectus
326 2390 452 2468 februm
476 2400 545 2452 tuus
565 2390 716 2452 iucundus
739 2400 769 2451 et
788 2389 894 2452 deinde
915 2390 1024 2470 reliqui
1047 2389 1187 2452 editores.
1223 2391 1301 2453 Lito
1319 2412 1379 2452 en

210 2498 368 2578 archetypo
398 2501 529 2579 restitui,
557 2501 628 2559 item
656 2507 730 2560 tuos.
767 2501 853 2560 cuius
882 2498 959 2558 modi
984 2499 1093 2559 formas
1122 2507 1200 2579 tum,
1227 2516 1294 2560 cum
1319 2500 1373 2559 in

210 2605 311 2665 codice
332 2608 459 2685 scriptae
476 2615 569 2688 erant,
588 2608 700 2687 recepi3
721 2617 823 2666 contra
839 2604 982 2665 librorum
1002 2607 1175 2666 memoriam
1194 2607 1369 2667 restruere

210 2711 300 2792 nolui,
319 2712 330 2772 l
351 2710 380 2794 6,
396 2710 416 2773 6
435 2731 555 2788 aequos,
582 2710 669 2792 10,2
688 2717 836 2788 antiquos,
860 2709 948 2792 37,2
972 2716 1081 2787 cataros,
1105 2707 1195 2794 55‚5
1219 2724 1370 2774 eeteros,

211 2818 234 2878 ll
254 2816 319 2899 4,2
344 2828 373 2878 et
396 2818 435 2878 lll
454 2817 519 2899 2,6
543 2839 614 2880 oros
633 2829 663 2880 et
677 2838 818 2897 proauos,
838 2817 877 2878 lll
900 2816 948 2899 17,
964 2816 984 2881 8
1003 2837 1114 2894 seruos,
1136 2816 1186 2899 16,
1202 2817 1246 2882 34
1267 2828 1293 2880 et
1308 2822 1370 2879 ln

210 2936 350 3004 corrupta
369 2929 516 3005 scriptura
536 2927 645 2987 ibidem
669 2925 709 2988 21
726 2936 755 2986 et
770 2924 813 2986 32
832 2931 931 2997 elvos;
950 2928 1080 3005 itemque
1100 2924 1193 3003 tus
1211 2929 1371 2989 cosmon

210 3052 263 3111 pro
283 3039 404 3112 aestive,
424 3032 508 3112 2,11
534 3053 630 3108 ouem,
656 3031 733 3114 131,
747 3033 776 3095 4.
806 3033 832 3093 ll
850 3031 946 3112 421.
970 3032 1010 3093 lll
1031 3031 1081 3115 16,
1100 3031 1137 3096 18
1163 3038 1259 3095 alvom
1275 3042 1300 3093 et
1315 3018 1365 3093 ll

212 3138 275 3221 7,3
298 3160 411 3216 equom,
436 3141 486 3201 arbi
510 3160 655 3216 equorum
678 3143 708 3200 iu
732 3142 834 3201 codiee
858 3141 921 3200 luit.

299 3244 318 3309 8
352 3248 423 3308 Duo
448 3251 614 3328 inprimis
639 3257 823 3327 spectasse
854 3247 1024 3309 uidentur
1053 3247 1170 3309 italici
1193 3247 1363 3308 homine&

210 3355 372 3433 colendo]
404 3359 439 3416 Iu
468 3359 593 3418 colendo
621 3357 734 3435 scripsi.
778 3373 844 3415 narn
873 3374 932 3416 non
956 3355 1026 3435 quid
1051 3354 1176 3416 colendo
1200 3354 1343 3435 efficiatur,

210 3463 261 3522 sed
281 3463 351 3542 quid
372 3465 401 3523 iu
422 3463 537 3523 cultura
556 3481 693 3542 agrorum
714 3462 1006 3523 animadvertendum
1026 3465 1065 3523 sit
1083 3460 1241 3523 iudicatur.
1264 3479 1344 3541 saepe

210 3578 308 3630 autem
334 3572 362 3630 in
383 3569 541 3649 archetypo
566 3574 596 3630 iu
616 3571 795 3649 praepositio
817 3570 925 3629 omissa
946 3578 1017 3647 erat,
1043 3565 1138 3649 12,4
1162 3572 1193 3630 iu
1219 3569 1346 3646 Europe,

211 3673 297 3756 37,3
322 3680 353 3735 r'u
377 3682 512 3750 culture,
540 3674 628 3759 41,3
656 3681 710 3752 qut
737 3681 767 3737 in
791 3695 841 3751 ea,
870 3675 920 3736 utu
944 3679 1026 3751 quod
1047 3693 1084 3735 ee
1108 3677 1138 3735 iu
1163 3674 1267 3735 codice
1289 3675 1348 3753 luit,

210 3779 297 3862 50,3
317 3786 348 3841 iu
367 3786 515 3857 euperem,
534 3779 585 3861 55,
601 3778 621 3843 5
641 3786 671 3844 iu
691 3785 763 3856 dice,
782 3779 826 3844 60
844 3785 875 3843 in
894 3785 1028 3854 lentisco,
1048 3777 1091 3841 64
1110 3785 1142 3841 in
1161 3800 1206 3856 eo,
1225 3780 1253 3843 ll
1269 3780 1296 3861 1,
1309 3778 1348 3843 20

212 3893 241 3949 iu
262 3892 427 3963 nutricatu,
452 3886 515 3970 8,5
535 3893 566 3950 lu
585 3894 725 3964 vecturis
751 3886 836 3965 11,4
856 3893 887 3950 in
907 3892 995 3949 lectis
1015 3891 1089 3949 duos
1108 3892 1244 3966 coeptos,
1269 3885 1348 3970 11,9

211 4000 240 4057 in
260 4001 341 4071 tortu,
360 3996 398 4057 lll
418 3994 483 4076 3,3
503 4000 532 4057 in
557 4002 665 4076 altero,
690 3993 753 4071 6‚3
774 4000 804 4057 in
823 3999 887 4071 ltus,
912 3992 976 4076 9,6
996 3999 1027 4057 in
1046 4004 1186 4078 utraque,
1213 3992 1350 4076 12,1ἑη

209 4101 501 4185 e0,14,4e'neos‚
527 4102 577 4184 16,
592 4102 633 4166 88
654 4107 685 4165 in
708 4107 822 4165 eodem.

299 4212 433 4283 decolat,
456 4230 510 4289 pro
534 4230 592 4290 quo
612 4215 740 4273 decollat
764 4210 831 4271 iude
856 4230 871 4270 a
894 4211 1029 4289 principe
1048 4208 1178 4272 editione
1200 4218 1350 4291 receptum

211 4325 282 4396 erat,
306 4317 437 4376 defendit
460 4317 625 4379 Gronovius
649 4321 679 4378 in
704 4317 764 4378 Liv.
785 4315 889 4377 xxvii
911 4314 960 4396 17,
974 4314 1004 4377 4.

300 4422 482 4502 Sumptum
503 4424 621 4484 lacere
641 4426 675 4484 in
695 4421 851 4501 cultura]
872 4425 909 4485 In
928 4428 1080 4485 culturam
1096 4421 1258 4506 iucundus,
1276 4421 1349 4504 quod
1420 4419 1437 4448 ¹
