2874 4994
328 351 459 407 RERVM
477 351 716 406 Rvsurcnnvu
735 351 802 406 LIB.
822 352 849 406 H
868 349 953 407 3—4
1148 341 1210 408 157

159 505 177 569 8
210 507 369 585 Exigunt
387 525 403 566 a
421 524 528 586 grege
547 509 582 567 in
603 473 744 586 campos
764 506 884 567 hircos
903 509 938 567 in
958 504 1110 586 caprilia
1129 509 1212 567 item

135 616 166 674 in
188 612 371 675 arietibus
395 611 549 690 dictum]
580 614 617 675 In
640 631 762 690 compos
784 612 950 693 apographa
979 615 1076 674 omnia
1104 623 1134 676 et
1156 617 1209 676 im-

120 739 171 782 essa
194 720 263 782 inde
287 719 323 781 ab
343 719 459 781 luntina
484 719 613 780 editione
637 719 824 799 exemplaris,
843 723 875 781 in
895 738 1001 797 compo
1020 720 1111 781 editio
1129 723 1210 802 prin·

120 845 178 906 psa
201 827 345 889 Politiano
374 845 433 887 non
458 835 605 907 correcta,
633 847 650 889 e
679 831 794 904 campis
816 826 933 907 Aldina,
961 824 1012 887 ubi
1035 826 1160 889 Ursinus
1189 848 1208 890 o

120 952 163 1009 epe
184 953 201 996 e
222 939 338 1012 campis
365 934 482 995 delevit.
530 936 648 995 restitui
671 935 817 1013 principis
840 933 977 995 editionis
1000 933 1157 996 lectionem
1176 939 1208 996 in

120 1058 188 1119 rope,
216 1061 292 1122 quee
315 1041 446 1102 Merulae
470 1042 658 1102 coniecturae
682 1039 817 1102 debetur.
854 1059 921 1102 nam
949 1059 965 1101 a
994 1059 1084 1121 grege
1107 1061 1207 1122 capra·

120 1152 215 1231 mqui
233 1152 264 1210 in
282 1168 386 1229 campo
405 1151 545 1231 pascitur,
564 1149 640 1209 hirci
660 1147 816 1227 separandi
835 1154 865 1208 et
883 1149 913 1208 in
933 1147 1052 1227 caprilia
1072 1149 1210 1228 exigendi

120 1266 151 1317 nt.
185 1257 220 1318 de
245 1254 437 1317 secernendis
460 1255 603 1315 arietibus
627 1255 740 1315 dictum
764 1262 809 1314 est
831 1253 858 1313 ll
877 1251 973 1335 2,13.

158 1364 241 1425 Post
269 1373 430 1445 quartum
458 1381 612 1425 mensem
640 1361 777 1439 reddit]
808 1364 880 1423 Post
911 1366 1047 1438 quintum
1079 1381 1208 1426 mensem

120 1471 194 1531 sinus
216 1471 331 1533 collatis
354 1473 391 1532 iis
415 1489 489 1550 quae
514 1470 551 1531 de
575 1472 671 1550 capris
695 1471 805 1548 scripta
829 1477 899 1530 sunt
922 1468 1000 1550 apud
1019 1469 1206 1532 Aristotelem

120 1582 141 1635 rt
157 1579 242 1639 anim.
265 1576 302 1636 Vl
323 1573 454 1656 19,130
476 1568 549 1638 κύει
574 1568 611 1636 dl
633 1570 730 1637 πέντε
754 1572 862 1654 μῆνας
883 1569 940 1636 καὶ
962 1570 1132 1657 πρόβατον
1153 1572 1210 1639 καὶ

120 1676 183 1761 Ξ,ἰη
205 1686 376 1763 geoponicis
400 1681 490 1743 XVlll
510 1679 573 1765 9,1
598 1689 763 1763 κυοφορεῖ
783 1675 821 1743 dl
844 1701 860 1743 ε
883 1671 1019 1762 μῆνας,’
1035 1674 1144 1766 ὥσπερ
1167 1676 1207 1746 τὰ

120 1783 226 1869 idota,
250 1790 326 1870 apud
350 1789 478 1850 Plinium
502 1788 565 1850 Vlll
584 1786 845 1867 neocorensem
864 1792 1026 1851 Novembri
1047 1809 1156 1867 mense,
1177 1800 1211 1853 nt

120 1901 183 1958 irtio
201 1901 339 1975 pariant.
384 1897 463 1958 idem
488 1896 574 1957 docet
597 1895 704 1977 Varro,
727 1915 795 1958 cum
823 1907 892 1976 post
915 1906 1052 1977 quartum
1076 1916 1208 1959 mensem

120 2019 171 2063 tras
192 2022 297 2084 parere
321 2004 401 2066 dicit.

157 2108 175 2172 9
208 2112 303 2183 Quae
327 2130 363 2173 se
388 2119 611 2191 congregent
634 2129 672 2171 ac
696 2109 941 2188 condenseat]
976 2114 1061 2185 Onne
1083 2131 1116 2174 se
1138 2132 1207 2175 con·

120 2226 199 2290 cpont
221 2226 251 2280 et
273 2222 462 2281 condenseat
485 2218 574 2279 editio
598 2220 747 2300 princeps,
771 2217 822 2279 uhi
841 2217 1003 2279 Politianus
1022 2228 1209 2305 congregent

120 2328 208 2406 rexit,
238 2329 401 2388 conderent
427 2328 457 2387 in
481 2327 613 2404 margine
636 2324 802 2404 adscripsit.
849 2333 878 2386 et
900 2328 1083 2387 condensent
1115 2326 1207 2387 codex

120 2445 220 2507 nenas,
244 2452 282 2494 nc
305 2436 490 2495 condenseat
514 2431 621 2512 reliqui
645 2440 675 2492 et
697 2431 789 2492 editio
813 2431 942 2493 Victorii.

155 2545 192 2599 IV
214 2538 230 2599 1
265 2539 332 2601 Sed
357 2541 417 2620 qui
441 2559 477 2608 se
501 2547 608 2619 portu
632 2547 714 2619 post
737 2538 861 2600 italico
885 2537 1026 2618 prodit]
1055 2540 1119 2601 Sed
1139 2544 1207 2615 quis

120 2654 194 2706 rorte
223 2665 259 2706 ex
283 2645 386 2707 Aldina
415 2646 544 2707 editione
573 2653 728 2725 receptum
756 2653 810 2707 e'st.
856 2664 923 2706 nam
946 2644 1065 2707 ltalicus
1093 2655 1207 2726 portus,

129 2768 186 2829 quo
209 2754 389 2832 interpretes
413 2750 632 2832 dubitaverunt,
656 2751 767 2812 dicitur
789 2760 955 2832 propterea,
981 2751 1058 2831 quod
1079 2760 1207 2834 postea,

120 2857 200 2918 rede
224 2859 329 2920 oribus
352 2867 382 2919 et
405 2860 502 2938 capris
526 2857 562 2917 ab
585 2857 725 2940 Epirotis,
751 2857 779 2918 h.
799 2877 824 2919 e.
843 2857 879 2919 ab
899 2859 995 2919 Attico
1015 2867 1045 2920 et
1063 2858 1208 2940 Cossinio,

142 2965 170 3023 in
193 2963 284 3043 Epiro
302 2967 456 3045 pecuarias
480 2961 627 3024 habehant
649 2957 691 3045 (ll
712 2961 790 3045 1,2.
815 2957 913 3045 2,1),
942 2963 1089 3044 disputata
1113 2976 1206 3046 erant,

120 3094 121 3124 r
152 3069 187 3130 de
210 3071 296 3131 suillo
320 3090 429 3151 pecore
457 3070 618 3150 disputatio
647 3068 747 3130 ltalioo
776 3069 888 3130 homini
918 3070 1068 3131 tribuitur.
1105 3073 1205 3149 inepta

120 3192 164 3236 em
187 3185 257 3238 sunt
280 3196 354 3257 quae
379 3176 447 3238 olim
472 3177 508 3237 ad
527 3174 732 3255 corrigendam
757 3177 934 3253 scripturam
961 3178 1079 3236 inventa
1107 3185 1204 3238 erant:

120 3284 121 3292 ’
145 3288 209 3359 φάε
233 3286 362 3362 Epirota
382 3292 451 3361 post
475 3288 518 3344 ita
543 3286 612 3344 ilico
631 3285 737 3359 prodit
760 3283 886 3341 coniecit
906 3280 1045 3361 Scaliger,
1066 3286 1122 3343 sed
1139 3287 1206 3358 quis

120 3393 349 3452 orculmortous
374 3393 492 3451 Italicis
511 3392 617 3467 prodit
641 3387 804 3470 Gesnerus‚
832 3387 912 3467 quod
936 3387 1136 3450 Schneiderus
1159 3409 1206 3451 re-

121 3496 153 3577 it,
175 3501 230 3559 sed
257 3501 324 3572 qnis
347 3506 492 3574 expertos
516 3503 586 3573 post
614 3499 672 3556 ista
700 3499 763 3556 olio
788 3497 892 3572 prodit
919 3495 1063 3556 Trillerns
1090 3495 1205 3558 observ.

121 3600 161 3665 27
189 3623 217 3683 p.
236 3601 310 3666 468.
638 3607 642 3614 '

153 3710 222 3771 Nec
246 3729 297 3772 me
321 3729 399 3771 esse
423 3710 464 3771 ab
489 3728 564 3770 eum
589 3728 675 3770 aeuo
700 3707 835 3785 ortum]
854 3708 1064 3789 interpolatam
1082 3709 1203 3771 Aldinae

120 3820 202 3877 tionis
226 3816 384 3879 lectionem
407 3837 464 3879 nec
487 3836 533 3878 nte
555 3836 619 3878 csse
642 3818 681 3877 nd
700 3820 799 3878 otonis
817 3819 882 3876 eiras
901 3820 1085 3890 cognominis
1106 3827 1203 3878 ortnm

120 3927 195 3985 rexit
218 3923 375 4007 Victorius,
399 3944 455 3986 nec
478 3944 525 3986 nte
548 3943 612 3986 esse
636 3927 674 3984 ab
698 3925 832 3984 Eunoen
856 3931 963 3983 ortum.

152 4031 294 4093 Licinio
322 4032 461 4093 lleruae
485 4029 665 4111 praetori]
690 4031 721 4090 l.
746 4030 878 4090 Licinius
900 4028 995 4090 Nerva
1019 4031 1097 4089 inter
1120 4047 1203 4108 pree·

120 4157 144 4200 es
167 4158 193 4200 a.
214 4135 277 4200 587
303 4139 467 4219 appellatur
490 4138 568 4218 apud
590 4137 705 4196 Livium
730 4135 803 4196 XLV
822 4133 875 4218 44,
892 4133 941 4198 11.

151 4244 172 4306 2
207 4245 303 4307 [lixit
326 4246 501 4307 celeriter
525 4264 561 4305 se
586 4244 670 4304 illos
699 4253 736 4304 ut
765 4243 883 4303 scrofa
912 4261 1041 4321 porcos
1070 4242 1201 4305 disiec-

127 4351 200 4430 um]
217 4351 433 4414 Nominatirum
448 4351 553 4427 scrofa
572 4359 640 4430 post
661 4352 860 4410 accusativum
875 4368 908 4409 se
926 4352 1055 4430 positum
1071 4350 1203 4412 delendit

120 4461 270 4521 hmannus
294 4463 323 4520 in
348 4459 465 4520 Lucrot.
485 4456 605 4538 pyl‘lss.
