2874 4994
10 40 60 225 r
356 126 485 181 RERVM
504 125 745 181 nvsticnttvu
765 124 831 179 itu.
850 125 876 178 ll
898 124 914 180 7
1143 114 1204 180 185

10 256 21 289 '¹
156 280 175 344 3
206 281 339 353 Quinto
362 299 451 342 anno
475 281 675 360 incipiente
699 281 783 340 itenr
808 279 930 340 eodem
954 279 1053 340 modo
1078 280 1203 340 adnuit·

68 395 178 451 terem
194 390 308 451 bimas
327 407 408 451 cum
427 407 534 450 canos
552 386 681 449 babeat
700 397 771 448 tum
785 395 1020 448 renascentes
1035 387 1088 447 eis
1103 395 1202 447 sexto

63 511 158 559 tuno
186 497 330 579 impleri
362 507 526 576 septumo
560 513 680 557 omues
715 493 846 555 babere
879 493 972 555 solet
1003 492 1138 554 relatos
1170 504 1205 555 et

58 604 275 685 completos]
310 607 420 679 Quinto
447 622 529 665 anno
552 607 715 681 incipiente
738 605 807 665 item
830 605 933 664 eodem
955 604 1042 663 rnodo
1065 606 1205 663 amittere

54 707 166 792 binos,
187 731 260 789 qnos
288 716 414 775 caninos
445 713 571 790 babent,
603 719 665 772 tnnt
694 717 889 772 renascentes
917 713 973 784 eis,
1005 717 1090 771 sexto
1124 728 1204 771 anno

48 815 197 891 impleri:
215 824 340 897 septimo
358 838 459 882 ornnes
478 821 592 881 nabere
610 823 706 880 solent
723 825 847 880 renatos
865 825 895 880 et
911 821 1070 895 completos
1085 815 1206 898 Merula,

45 916 113 982 ubi
143 930 294 1004 incipienti
312 927 460 989 Victorius
479 926 579 1008 edidit,
598 944 672 1002 onos
690 943 780 986 cavos
799 927 911 987 nabent
930 933 991 986 tum
1010 932 1205 986 renascentes

39 1025 112 1107 εἰς,
145 1042 224 1095 sexto
248 1053 329 1096 anno
353 1039 477 1112 implere
500 1033 709 1095 Scbneiderus.
756 1037 891 1109 caninos,
914 1033 993 1113 quod
1015 1051 1051 1093 ex
1070 1033 1204 1112 principe

38 1129 196 1202 editione
223 1140 331 1222 reliqui
360 1142 490 1203 editores
518 1149 706 1222 receperunt,
733 1143 859 1220 petitum
887 1150 950 1201 erat
981 1158 1016 1200 ox
1044 1138 1204 1201 Columella

36 1233 83 1295 Vl
110 1243 204 1328 29,4
222 1267 373 1311 annornm
391 1257 481 1311 notae
499 1267 567 1310 earn
586 1266 717 1326 corpore
734 1255 898 1309 mutantur.
935 1265 1005 1308 nam
1020 1250 1091 1309 dnm
1110 1250 1206 1309 bintus

35 1349 71 1405 ⁶!
111 1374 173 1417 sea
195 1374 328 1419 inensem
351 1365 403 1431 est,
426 1360 519 1418 medii
539 1360 642 1418 dentes
660 1360 833 1434 superiores
852 1364 881 1416 et
899 1354 1063 1431 inferiores
1081 1358 1204 1416 cadant.

35 1465 137 1522 eum
158 1471 299 1539 quartam
328 1482 440 1525 annunt
468 1469 546 1540 nuit,
574 1467 620 1526 ltis
647 1468 701 1540 qni
728 1467 836 1524 canini
861 1466 1054 1540 appellantur
1082 1465 1206 1523 deiectis
1305 1545 1310 1555 Ι

43 1556 145 1631 “lios
165 1570 277 1646 adfert.
315 1575 398 1632 intra
420 1580 538 1634 sextum
561 1575 671 1633 deinde
695 1589 808 1632 annam
831 1574 961 1632 molares
983 1573 1157 1647 superiores
1177 1577 1207 1631 et

45 1665 228 1741 &seriores
256 1682 379 1740 cadunt.
425 1686 510 1740 sexto
544 1696 624 1740 anno
651 1697 725 1754 quos
748 1681 865 1755 primos
892 1681 1018 1738 mutavit
1045 1686 1206 1754 exaequat.

56 1785 187 1855 ‘entim
211 1803 311 1847 ornnes
335 1790 496 1863 explentur
519 1790 698 1866 aequaliter,
727 1795 756 1847 et
782 1804 822 1847 ex
844 1803 879 1846 eo
902 1792 1026 1846 sanatos
1049 1803 1108 1846 non
1132 1781 1206 1868 (non

13 1968 17 1973 ,
62 1874 150 1953 been
167 1895 197 1953 in
216 1891 313 1972 libris)
330 1897 421 1970 perit.
458 1893 535 1972 apud
556 1893 716 1953 Varronem
741 1909 830 1955 canos
854 1893 986 1953 restituit
1005 1891 1205 1953 Schneiderus

69 2005 105 2054 tx
121 2003 290 2079 geoponicis
309 1999 327 2063 l.
346 2020 371 2061 c.
390 1992 470 2074 τοὺς
489 1995 525 2063 δὲ
545 1995 737 2081 φυομένους
755 1998 889 2072 κοίλους
908 1997 982 2079 ἔχει.
1020 2017 1086 2059 nam
1109 2001 1206 2059 canini

10 2098 29 2191 p-
73 2097 170 2167 dentes
194 2116 264 2168 stunt
283 2110 333 2186 qui
357 2106 397 2168 ibi
418 2108 557 2169 dicuntur
580 2100 789 2180 κυνόόοντες.
826 2106 880 2166 bos
904 2110 1112 2168 columeliares
1135 2106 1207 2166 dicit
1253 2181 1255 2185 y

76 2207 161 2273 Varro
184 2223 300 2274 etcum
320 2225 442 2276 secutus
461 2214 574 2275 Plinius
593 2213 632 2274 Xl
654 2211 716 2275 168
740 2233 816 2290 equo
839 2221 910 2274 sunt
927 2232 1052 2275 numero
1071 2217 1205 2289 qnadra-

67 2323 166 2394 pinta:
189 2325 300 2381 amittit
322 2325 475 2384 tricesimo
494 2340 594 2384 mense
608 2325 760 2398 primores
779 2325 931 2397 utrinqne
949 2323 1043 2397 binos,
1065 2330 1208 2397 sequente

66 2445 147 2489 anno
170 2431 291 2490 totidem
312 2433 478 2506 proximos,
502 2447 570 2490 enm
593 2430 723 2490 subeant
752 2430 829 2490 dicti
850 2431 1076 2500 columellares;
1104 2433 1207 2504 quinto

62 2551 147 2595 anno
171 2537 333 2610 incipiente
356 2537 441 2597 binos
464 2540 583 2615 amittit,
605 2539 765 2611 quisenta
789 2554 869 2598 anno
894 2543 1118 2608 renaseuntnr;
1140 2555 1206 2613 sep·

61 2644 137 2702 tirno
165 2659 266 2702 ornnes
293 2644 384 2704 babet
414 2651 443 2704 et
465 2652 589 2705 renatos
611 2650 641 2704 et
664 2645 863 2705 inmutabiles.
909 2653 1062 2723 praeterea
1089 2662 1207 2722 pravam

59 2746 225 2808 verborum
248 2751 497 2832 continuationem,
521 2769 595 2830 quae
620 2753 650 2811 in
674 2750 854 2810 editionibus
879 2752 942 2829 luit,
969 2753 1086 2811 correxi
1110 2759 1139 2810 et
1163 2769 1234 2810 re··

59 2856 171 2916 stituto
204 2872 238 2915 ex
267 2855 426 2937 archetypo
455 2856 596 2936 singulari
625 2875 749 2917 numero
777 2859 889 2919 babeat
917 2867 947 2917 et
974 2862 1056 2930 solet,
1089 2860 1119 2916 in
1148 2875 1207 2934 quo

57 2960 196 3023 editores
220 2962 369 3023 oiiendere
394 2981 453 3023 non
479 2963 635 3043 debebant,
659 2981 713 3041 pro
738 2966 781 3022 eis
805 2965 911 3040 scripsi
935 2967 972 3035 ei,
998 2963 1026 3022 b.
1046 2981 1070 3022 e.
1094 2962 1208 3042 delites,

57 3071 170 3146 quinto
202 3087 282 3131 anno
311 3072 474 3146 incipiente
503 3074 571 3131 itera
600 3072 702 3131 eodem
726 3071 813 3130 modo
846 3072 984 3129 amittere
1014 3069 1112 3148 binos,
1139 3086 1207 3128 carn

58 3193 158 3238 conos
180 3178 292 3237 lrabeat
315 3184 377 3239 ton
405 3186 612 3256 renascentes,
641 3180 671 3237 ei
697 3185 784 3238 sexto
814 3194 894 3236 anno
925 3179 1047 3252 inpleri,
1074 3183 1207 3251 septumo

58 3300 168 3344 ornnes
191 3285 306 3346 nabere
327 3291 401 3348 solet
424 3293 547 3346 retentos
571 3292 600 3345 et
623 3287 783 3361 conpletas.
829 3284 932 3362 quinto
952 3300 1028 3343 anno
1048 3283 1207 3361 incipiente

59 3409 164 3470 equus
188 3393 258 3451 item
283 3389 367 3451 binos
391 3392 495 3451 dentes
519 3393 654 3452 amittere
678 3390 763 3473 solet,
787 3400 816 3451 et
840 3408 907 3450 cunt
931 3408 981 3449 eos
1005 3392 1057 3469 quii
1080 3397 1142 3450 tum
1163 3407 1207 3448 re·

62 3504 233 3559 nascuntur
261 3516 348 3557 caros
375 3496 494 3577 babeat,
526 3496 557 3558 bi
586 3508 668 3559 serto
697 3516 774 3558 anno
806 3496 913 3576 inpleri
940 3494 1049 3576 solent,
1083 3498 1208 3575 septimo

61 3614 166 3667 autem
190 3621 267 3663 anno
290 3622 392 3665 omues
416 3603 525 3665 babere
549 3603 624 3665 solet
648 3606 752 3665 dentes
777 3611 895 3665 renatos
919 3609 949 3662 et
973 3603 1134 3682 coupletos.
1201 3628 1202 3635 ¹

158 3709 231 3771 Hoc
260 3714 412 3771 maiores
441 3714 503 3790 qui
527 3720 610 3772 sunt
634 3711 798 3790 intellegi
822 3713 952 3789 negant
979 3714 1083 3789 poss'o
1108 3713 1208 3789 prae-

63 3830 232 3898 terquam
264 3837 341 3878 cum
374 3818 502 3880 dentes
539 3822 613 3879 sint
645 3820 732 3879 lacti
764 3818 912 3878 broocbi
946 3826 981 3878 et
1013 3815 1208 3895 supercilia

64 3944 153 3987 cana
178 3934 213 3984 et
236 3924 300 3984 sub
325 3943 361 3984 ea
390 3923 513 3986 lacuui
533 3945 595 4006 sex
623 3926 819 3986 obseruatu
844 3925 971 3985 dicunt
1000 3942 1076 3984 eum
1101 3941 1208 4002 equo·

64 4052 142 4095 rum
172 4030 303 4092 babere
332 4051 442 4093 annos
470 4033 646 4110 sedecim]
676 4035 730 4093 His
753 4036 885 4093 maiores
908 4036 961 4108 qni
991 4040 1068 4106 sunt,
1097 4038 1211 4106 nepnnt

64 4142 197 4214 intellipi
223 4158 325 4216 posse:
354 4147 574 4216 praeterquam
607 4158 675 4200 cerm
708 4143 811 4200 dentes
843 4146 913 4199 snnt
938 4137 1019 4213 faeti
1045 4140 1153 4200 broelli
1182 4146 1211 4198 et

62 4250 235 4328 supercilia
264 4265 345 4308 cana
373 4256 403 4309 et
429 4249 484 4307 snb
513 4266 550 4308 en
578 4252 721 4322 lacunae,
754 4264 794 4308 ea
821 4248 981 4307 obseruata
1011 4249 1116 4306 dieunt
1144 4264 1210 4306 enrn
