<?xml version="1.0" encoding="UTF-8"?>
<!DOCTYPE html PUBLIC "-//W3C//DTD XHTML 1.0 Transitional//EN"
    "http://www.w3.org/TR/xhtml1/DTD/xhtml1-transitional.dtd">
<html xmlns="http://www.w3.org/1999/xhtml" xml:lang="en" lang="en">
 <head>
  <title>
</title>
<meta http-equiv="Content-Type" content="text/html;charset=utf-8" />
  <meta name='ocr-system' content='tesseract 3.04.00' />
  <meta name='ocr-capabilities' content='ocr_page ocr_carea ocr_par ocr_line ocrx_word'/>
</head>
<body>
  <div class='ocr_page' id='page_1' title='image "./mporcicatonisde00keilgoog_0404.png"; bbox 0 0 2874 4994; ppageno 0'>
   <div class='ocr_carea' id='block_1_1' title="bbox 340 107 1220 172">
    <p class='ocr_par' dir='ltr' id='par_1_1' title="bbox 340 107 1220 172">
     <span class='ocr_line' id='line_1_1' title="bbox 340 107 1220 172; baseline 0.001 -2"><span class='ocrx_word' id='word_1_1' title='bbox 340 113 470 171; x_wconf 70' lang='lat' dir='ltr'>mavit</span> <span class='ocrx_word' id='word_1_2' title='bbox 488 113 729 172; x_wconf 79' lang='lat' dir='ltr'>nvsmcanvu</span> <span class='ocrx_word' id='word_1_3' title='bbox 746 115 814 171; x_wconf 86' lang='lat' dir='ltr'><strong>LIB.</strong></span> <span class='ocrx_word' id='word_1_4' title='bbox 832 115 859 170; x_wconf 90' lang='lat'>11</span> <span class='ocrx_word' id='word_1_5' title='bbox 879 114 964 172; x_wconf 80' lang='grc'>5-6</span> <span class='ocrx_word' id='word_1_6' title='bbox 1159 107 1220 172; x_wconf 87' lang='grc'>181</span> 
     </span>
    </p>
   </div>
   <div class='ocr_carea' id='block_1_2' title="bbox 41 265 1222 668">
    <p class='ocr_par' dir='ltr' id='par_1_2' title="bbox 168 265 1222 351">
     <span class='ocr_line' id='line_1_2' title="bbox 168 265 1222 351; baseline 0.004 -23"><span class='ocrx_word' id='word_1_7' title='bbox 168 265 243 329; x_wconf 83' lang='lat' dir='ltr'>ut</span> <span class='ocrx_word' id='word_1_8' title='bbox 277 269 430 344; x_wconf 86' lang='lat' dir='ltr'>Murrius,</span> <span class='ocrx_word' id='word_1_9' title='bbox 458 270 537 350; x_wconf 86' lang='lat' dir='ltr'>quod</span> <span class='ocrx_word' id='word_1_10' title='bbox 570 268 681 331; x_wconf 87' lang='lat' dir='ltr'>habent</span> <span class='ocrx_word' id='word_1_11' title='bbox 711 268 877 351; x_wconf 79' lang='lat' dir='ltr'>apographa</span> <span class='ocrx_word' id='word_1_12' title='bbox 905 269 1045 331; x_wconf 86' lang='lat' dir='ltr'>italorum</span> <span class='ocrx_word' id='word_1_13' title='bbox 1075 280 1105 331; x_wconf 89' lang='lat' dir='ltr'>et</span> <span class='ocrx_word' id='word_1_14' title='bbox 1132 272 1222 332; x_wconf 90' lang='lat' dir='ltr'>editio</span> 
     </span>
    </p>

    <p class='ocr_par' dir='ltr' id='par_1_3' title="bbox 96 370 1221 458">
     <span class='ocr_line' id='line_1_3' title="bbox 96 370 1221 458; baseline 0.005 -27"><span class='ocrx_word' id='word_1_15' title='bbox 96 370 212 456; x_wconf 76' lang='lat' dir='ltr'>Victorii,</span> <span class='ocrx_word' id='word_1_16' title='bbox 235 377 353 456; x_wconf 88' lang='lat' dir='ltr'>inipso</span> <span class='ocrx_word' id='word_1_17' title='bbox 377 376 538 458; x_wconf 79' lang='lat' dir='ltr'>archetypo</span> <span class='ocrx_word' id='word_1_18' title='bbox 562 378 680 440; x_wconf 84' lang='lat' dir='ltr'>videtur</span> <span class='ocrx_word' id='word_1_19' title='bbox 704 379 847 457; x_wconf 89' lang='lat' dir='ltr'>scriptum</span> <span class='ocrx_word' id='word_1_20' title='bbox 877 377 982 458; x_wconf 86' lang='lat' dir='ltr'>luisse,</span> <span class='ocrx_word' id='word_1_21' title='bbox 1007 393 1065 438; x_wconf 90' lang='lat' dir='ltr'>nou</span> <span class='ocrx_word' id='word_1_22' title='bbox 1095 381 1221 452; x_wconf 83' lang='lat' dir='ltr'>murias,</span> 
     </span>
    </p>

    <p class='ocr_par' dir='ltr' id='par_1_4' title="bbox 41 480 1220 668">
     <span class='ocr_line' id='line_1_4' title="bbox 42 480 1220 564; baseline 0.003 -22"><span class='ocrx_word' id='word_1_23' title='bbox 42 496 47 531; x_wconf 64' lang='grc' dir='ltr'>ὲ</span> <span class='ocrx_word' id='word_1_24' title='bbox 90 480 158 558; x_wconf 82' lang='lat' dir='ltr'>puod</span> <span class='ocrx_word' id='word_1_25' title='bbox 184 483 215 543; x_wconf 92' lang='lat' dir='ltr'>in</span> <span class='ocrx_word' id='word_1_26' title='bbox 242 484 376 564; x_wconf 79' lang='lat' dir='ltr'>principe</span> <span class='ocrx_word' id='word_1_27' title='bbox 404 483 533 546; x_wconf 82' lang='lat' dir='ltr'>editione</span> <span class='ocrx_word' id='word_1_28' title='bbox 562 484 727 547; x_wconf 85' lang='lat' dir='ltr'>Politianus</span> <span class='ocrx_word' id='word_1_29' title='bbox 755 502 814 545; x_wconf 91' lang='lat' dir='ltr'>non</span> <span class='ocrx_word' id='word_1_30' title='bbox 843 485 974 545; x_wconf 83' lang='lat' dir='ltr'>correxit</span> <span class='ocrx_word' id='word_1_31' title='bbox 1001 491 1031 545; x_wconf 90' lang='lat' dir='ltr'>et</span> <span class='ocrx_word' id='word_1_32' title='bbox 1063 503 1098 544; x_wconf 84' lang='lat' dir='ltr'>ex</span> <span class='ocrx_word' id='word_1_33' title='bbox 1132 502 1220 545; x_wconf 88' lang='lat' dir='ltr'>manu</span> 
     </span>
     <span class='ocr_line' id='line_1_5' title="bbox 41 586 689 668; baseline 0.009 -20"><span class='ocrx_word' id='word_1_34' title='bbox 41 616 46 627; x_wconf 91' lang='lat'>·</span> <span class='ocrx_word' id='word_1_35' title='bbox 87 590 196 668; x_wconf 78' lang='lat' dir='ltr'>scriptis</span> <span class='ocrx_word' id='word_1_36' title='bbox 219 587 304 651; x_wconf 85' lang='lat' dir='ltr'>libris</span> <span class='ocrx_word' id='word_1_37' title='bbox 327 589 438 652; x_wconf 90' lang='lat' dir='ltr'>habent</span> <span class='ocrx_word' id='word_1_38' title='bbox 461 591 485 652; x_wconf 79' lang='lat' dir='ltr'>d</span> <span class='ocrx_word' id='word_1_39' title='bbox 508 601 538 653; x_wconf 88' lang='lat' dir='ltr'>et</span> <span class='ocrx_word' id='word_1_40' title='bbox 562 610 598 653; x_wconf 91' lang='lat' dir='ltr'>m.</span> <span class='ocrx_word' id='word_1_41' title='bbox 687 586 689 592; x_wconf 78' lang='grc'><strong>’</strong></span> 
     </span>
    </p>
   </div>
   <div class='ocr_carea' id='block_1_3' title="bbox 165 693 1282 778">
    <p class='ocr_par' dir='ltr' id='par_1_5' title="bbox 165 693 1282 778">
     <span class='ocr_line' id='line_1_6' title="bbox 165 693 1282 778; baseline -0.001 -20"><span class='ocrx_word' id='word_1_42' title='bbox 165 693 187 757; x_wconf 81' lang='grc'>2</span> <span class='ocrx_word' id='word_1_43' title='bbox 218 693 316 766; x_wconf 83' lang='lat' dir='ltr'>Quod</span> <span class='ocrx_word' id='word_1_44' title='bbox 349 697 488 759; x_wconf 82' lang='lat' dir='ltr'>iaciunt</span> <span class='ocrx_word' id='word_1_45' title='bbox 519 698 756 778; x_wconf 80' lang='lat' dir='ltr'>peloponnesi</span> <span class='ocrx_word' id='word_1_46' title='bbox 788 716 867 760; x_wconf 93' lang='lat' dir='ltr'>cum</span> <span class='ocrx_word' id='word_1_47' title='bbox 899 700 1127 778; x_wconf 87' lang='lat' dir='ltr'>potissimum</span> <span class='ocrx_word' id='word_1_48' title='bbox 1160 716 1220 758; x_wconf 87' lang='lat' dir='ltr'>eos</span> <span class='ocrx_word' id='word_1_49' title='bbox 1279 720 1282 725; x_wconf 92' lang='lat'>·</span> 
     </span>
    </p>
   </div>
   <div class='ocr_carea' id='block_1_4' title="bbox 10 802 1220 1953">
    <p class='ocr_par' dir='ltr' id='par_1_6' title="bbox 10 802 1220 1953">
     <span class='ocr_line' id='line_1_7' title="bbox 44 802 1220 886; baseline 0.006 -28"><span class='ocrx_word' id='word_1_50' title='bbox 44 854 47 859; x_wconf 92' lang='lat'>.</span> <span class='ocrx_word' id='word_1_51' title='bbox 81 815 118 859; x_wconf 79' lang='lat' dir='ltr'>cx</span> <span class='ocrx_word' id='word_1_52' title='bbox 141 802 260 864; x_wconf 86' lang='lat' dir='ltr'>arcadi</span> <span class='ocrx_word' id='word_1_53' title='bbox 283 803 464 882; x_wconf 81' lang='lat' dir='ltr'>emebant]</span> <span class='ocrx_word' id='word_1_54' title='bbox 490 805 540 866; x_wconf 75' lang='lat' dir='ltr'>Ea</span> <span class='ocrx_word' id='word_1_55' title='bbox 562 807 702 867; x_wconf 77' lang='lat' dir='ltr'>Arcadia</span> <span class='ocrx_word' id='word_1_56' title='bbox 725 804 847 886; x_wconf 81' lang='lat' dir='ltr'>Merula,</span> <span class='ocrx_word' id='word_1_57' title='bbox 870 804 948 886; x_wconf 90' lang='lat' dir='ltr'>quod</span> <span class='ocrx_word' id='word_1_58' title='bbox 973 804 1136 866; x_wconf 85' lang='lat' dir='ltr'>Politianus</span> <span class='ocrx_word' id='word_1_59' title='bbox 1160 823 1220 865; x_wconf 79' lang='lat' dir='ltr'>nort</span> 
     </span>
     <span class='ocr_line' id='line_1_8' title="bbox 33 911 1220 992; baseline 0.008 -27"><span class='ocrx_word' id='word_1_60' title='bbox 33 928 41 979; x_wconf 72' lang='lat' dir='ltr'>j</span> <span class='ocrx_word' id='word_1_61' title='bbox 80 911 219 991; x_wconf 84' lang='lat' dir='ltr'>correxit,</span> <span class='ocrx_word' id='word_1_62' title='bbox 247 928 287 972; x_wconf 84' lang='lat' dir='ltr'>ex</span> <span class='ocrx_word' id='word_1_63' title='bbox 314 914 428 973; x_wconf 87' lang='lat' dir='ltr'>arcadi</span> <span class='ocrx_word' id='word_1_64' title='bbox 454 911 497 973; x_wconf 84' lang='lat' dir='ltr'>vel</span> <span class='ocrx_word' id='word_1_65' title='bbox 526 930 566 974; x_wconf 80' lang='lat' dir='ltr'>ea</span> <span class='ocrx_word' id='word_1_66' title='bbox 594 914 729 975; x_wconf 77' lang='lat' dir='ltr'>archadi</span> <span class='ocrx_word' id='word_1_67' title='bbox 758 912 934 992; x_wconf 79' lang='lat' dir='ltr'>apographa.</span> <span class='ocrx_word' id='word_1_68' title='bbox 981 913 1220 989; x_wconf 87' lang='lat' dir='ltr'>Peloponnenses</span> 
     </span>
     <span class='ocr_line' id='line_1_9' title="bbox 35 1007 1220 1097; baseline 0.004 -24"><span class='ocrx_word' id='word_1_69' title='bbox 35 1084 38 1089; x_wconf 27' lang='lat'>¹</span> <span class='ocrx_word' id='word_1_70' title='bbox 79 1007 240 1096; x_wconf 85' lang='lat' dir='ltr'>luouudus,</span> <span class='ocrx_word' id='word_1_71' title='bbox 268 1018 480 1095; x_wconf 80' lang='lat' dir='ltr'>Peloponnesii</span> <span class='ocrx_word' id='word_1_72' title='bbox 508 1017 664 1080; x_wconf 78' lang='lat' dir='ltr'>Victorius,</span> <span class='ocrx_word' id='word_1_73' title='bbox 711 1020 910 1097; x_wconf 79' lang='lat' dir='ltr'>Peloponnesi</span> <span class='ocrx_word' id='word_1_74' title='bbox 940 1020 977 1079; x_wconf 91' lang='lat' dir='ltr'>de</span> <span class='ocrx_word' id='word_1_75' title='bbox 1009 1018 1074 1080; x_wconf 92' lang='lat' dir='ltr'>loco</span> <span class='ocrx_word' id='word_1_76' title='bbox 1107 1017 1220 1080; x_wconf 91' lang='lat' dir='ltr'>dictum</span> 
     </span>
     <span class='ocr_line' id='line_1_10' title="bbox 80 1123 1220 1206; baseline 0.001 -21"><span class='ocrx_word' id='word_1_77' title='bbox 80 1136 151 1205; x_wconf 73' lang='lat' dir='ltr'>esse,</span> <span class='ocrx_word' id='word_1_78' title='bbox 173 1141 233 1185; x_wconf 91' lang='lat' dir='ltr'>non</span> <span class='ocrx_word' id='word_1_79' title='bbox 256 1123 293 1185; x_wconf 91' lang='lat' dir='ltr'>de</span> <span class='ocrx_word' id='word_1_80' title='bbox 316 1123 500 1206; x_wconf 87' lang='lat' dir='ltr'>hominibus,</span> <span class='ocrx_word' id='word_1_81' title='bbox 523 1142 557 1185; x_wconf 88' lang='lat' dir='ltr'>ex</span> <span class='ocrx_word' id='word_1_82' title='bbox 582 1144 617 1186; x_wconf 93' lang='lat' dir='ltr'>eo</span> <span class='ocrx_word' id='word_1_83' title='bbox 642 1124 721 1205; x_wconf 88' lang='lat' dir='ltr'>quod</span> <span class='ocrx_word' id='word_1_84' title='bbox 745 1127 882 1204; x_wconf 88' lang='lat' dir='ltr'>sequitur</span> <span class='ocrx_word' id='word_1_85' title='bbox 910 1129 943 1186; x_wconf 89' lang='lat' dir='ltr'>in</span> <span class='ocrx_word' id='word_1_86' title='bbox 967 1126 1059 1188; x_wconf 89' lang='lat' dir='ltr'>Italia</span> <span class='ocrx_word' id='word_1_87' title='bbox 1088 1126 1220 1205; x_wconf 79' lang='lat' dir='ltr'>intellegi</span> 
     </span>
     <span class='ocr_line' id='line_1_11' title="bbox 83 1225 1219 1312; baseline 0.001 -20"><span class='ocrx_word' id='word_1_88' title='bbox 83 1239 199 1307; x_wconf 85' lang='lat' dir='ltr'>poteret.</span> <span class='ocrx_word' id='word_1_89' title='bbox 236 1230 343 1291; x_wconf 90' lang='lat' dir='ltr'>deiude</span> <span class='ocrx_word' id='word_1_90' title='bbox 367 1239 468 1295; x_wconf 83' lang='lat' dir='ltr'>ernam</span> <span class='ocrx_word' id='word_1_91' title='bbox 491 1232 581 1293; x_wconf 88' lang='lat' dir='ltr'>editio</span> <span class='ocrx_word' id='word_1_92' title='bbox 603 1231 780 1293; x_wconf 85' lang='lat' dir='ltr'>Basileensis</span> <span class='ocrx_word' id='word_1_93' title='bbox 804 1249 829 1293; x_wconf 89' lang='lat' dir='ltr'>a.</span> <span class='ocrx_word' id='word_1_94' title='bbox 851 1225 945 1311; x_wconf 78' lang='lat'><strong>1521,</strong></span> <span class='ocrx_word' id='word_1_95' title='bbox 970 1233 1049 1312; x_wconf 93' lang='lat' dir='ltr'>quod</span> <span class='ocrx_word' id='word_1_96' title='bbox 1068 1231 1219 1294; x_wconf 86' lang='lat' dir='ltr'>Gesnerus</span> 
     </span>
     <span class='ocr_line' id='line_1_12' title="bbox 84 1336 1217 1419; baseline 0.002 -21"><span class='ocrx_word' id='word_1_97' title='bbox 84 1345 110 1398; x_wconf 90' lang='lat' dir='ltr'>et</span> <span class='ocrx_word' id='word_1_98' title='bbox 137 1336 337 1400; x_wconf 87' lang='lat' dir='ltr'>Schneiderus</span> <span class='ocrx_word' id='word_1_99' title='bbox 370 1347 558 1418; x_wconf 87' lang='lat' dir='ltr'>receperunt.</span> <span class='ocrx_word' id='word_1_100' title='bbox 605 1341 707 1400; x_wconf 84' lang='lat' dir='ltr'>vitium</span> <span class='ocrx_word' id='word_1_101' title='bbox 741 1341 849 1400; x_wconf 84' lang='lat' dir='ltr'>veteris</span> <span class='ocrx_word' id='word_1_102' title='bbox 881 1341 1046 1419; x_wconf 89' lang='lat' dir='ltr'>scripturae</span> <span class='ocrx_word' id='word_1_103' title='bbox 1079 1342 1217 1401; x_wconf 80' lang='lat' dir='ltr'>emebant</span> 
     </span>
     <span class='ocr_line' id='line_1_13' title="bbox 10 1445 1216 1527; baseline 0 -21"><span class='ocrx_word' id='word_1_104' title='bbox 10 1517 12 1522; x_wconf 23' lang='lat'><strong>¹</strong></span> <span class='ocrx_word' id='word_1_105' title='bbox 85 1453 251 1525; x_wconf 75' lang='lat' dir='ltr'>cognoverat</span> <span class='ocrx_word' id='word_1_106' title='bbox 273 1445 413 1527; x_wconf 84' lang='lat' dir='ltr'>Ursinus,</span> <span class='ocrx_word' id='word_1_107' title='bbox 445 1448 497 1526; x_wconf 90' lang='lat' dir='ltr'>qui</span> <span class='ocrx_word' id='word_1_108' title='bbox 530 1455 562 1507; x_wconf 95' lang='lat' dir='ltr'>ut</span> <span class='ocrx_word' id='word_1_109' title='bbox 586 1449 773 1524; x_wconf 87' lang='lat' dir='ltr'>potissimum</span> <span class='ocrx_word' id='word_1_110' title='bbox 801 1463 851 1508; x_wconf 89' lang='lat' dir='ltr'>eos</span> <span class='ocrx_word' id='word_1_111' title='bbox 879 1465 918 1507; x_wconf 75' lang='lat' dir='ltr'>ecc</span> <span class='ocrx_word' id='word_1_112' title='bbox 946 1449 1086 1508; x_wconf 83' lang='lat' dir='ltr'>Arcadia</span> <span class='ocrx_word' id='word_1_113' title='bbox 1116 1454 1216 1507; x_wconf 85' lang='lat' dir='ltr'>emant</span> 
     </span>
     <span class='ocr_line' id='line_1_14' title="bbox 10 1532 1215 1631; baseline 0.001 -19"><span class='ocrx_word' id='word_1_114' title='bbox 10 1538 14 1545; x_wconf 50' lang='lat'><strong>¹</strong></span> <span class='ocrx_word' id='word_1_115' title='bbox 82 1551 120 1613; x_wconf 87' lang='lat' dir='ltr'>rel</span> <span class='ocrx_word' id='word_1_116' title='bbox 141 1571 209 1615; x_wconf 88' lang='lat' dir='ltr'>cum</span> <span class='ocrx_word' id='word_1_117' title='bbox 228 1532 415 1631; x_wconf 82' lang='lat' dir='ltr'>potissimum</span> <span class='ocrx_word' id='word_1_118' title='bbox 439 1571 489 1614; x_wconf 91' lang='lat' dir='ltr'>eos</span> <span class='ocrx_word' id='word_1_119' title='bbox 512 1572 552 1615; x_wconf 67' lang='lat' dir='ltr'>esc</span> <span class='ocrx_word' id='word_1_120' title='bbox 574 1555 713 1615; x_wconf 82' lang='lat' dir='ltr'>Arcadia</span> <span class='ocrx_word' id='word_1_121' title='bbox 737 1562 838 1615; x_wconf 90' lang='lat' dir='ltr'>emunt</span> <span class='ocrx_word' id='word_1_122' title='bbox 865 1551 1056 1614; x_wconf 87' lang='lat' dir='ltr'>scribendum</span> <span class='ocrx_word' id='word_1_123' title='bbox 1080 1555 1215 1614; x_wconf 89' lang='lat' dir='ltr'>coniecit.</span> 
     </span>
     <span class='ocr_line' id='line_1_15' title="bbox 79 1660 1215 1741; baseline 0.003 -22"><span class='ocrx_word' id='word_1_124' title='bbox 79 1677 141 1720; x_wconf 90' lang='lat' dir='ltr'>cum</span> <span class='ocrx_word' id='word_1_125' title='bbox 163 1662 352 1722; x_wconf 85' lang='lat' dir='ltr'>coniunctim</span> <span class='ocrx_word' id='word_1_126' title='bbox 376 1660 463 1721; x_wconf 93' lang='lat' dir='ltr'>modo</span> <span class='ocrx_word' id='word_1_127' title='bbox 491 1663 657 1740; x_wconf 86' lang='lat' dir='ltr'>praesentis</span> <span class='ocrx_word' id='word_1_128' title='bbox 686 1663 828 1741; x_wconf 83' lang='lat' dir='ltr'>temporis</span> <span class='ocrx_word' id='word_1_129' title='bbox 861 1679 930 1722; x_wconf 89' lang='lat' dir='ltr'>cum</span> <span class='ocrx_word' id='word_1_130' title='bbox 958 1663 1079 1741; x_wconf 89' lang='lat' dir='ltr'>ponitur</span> <span class='ocrx_word' id='word_1_131' title='bbox 1108 1664 1138 1722; x_wconf 92' lang='lat' dir='ltr'>iu</span> <span class='ocrx_word' id='word_1_132' title='bbox 1166 1661 1215 1722; x_wconf 91' lang='lat' dir='ltr'>de·</span> 
     </span>
     <span class='ocr_line' id='line_1_16' title="bbox 74 1765 1215 1851; baseline 0.001 -23"><span class='ocrx_word' id='word_1_133' title='bbox 74 1766 205 1829; x_wconf 89' lang='lat' dir='ltr'>linitione</span> <span class='ocrx_word' id='word_1_134' title='bbox 229 1770 283 1849; x_wconf 89' lang='lat' dir='ltr'>rei,</span> <span class='ocrx_word' id='word_1_135' title='bbox 303 1786 382 1847; x_wconf 83' lang='lat' dir='ltr'>quae</span> <span class='ocrx_word' id='word_1_136' title='bbox 406 1770 575 1830; x_wconf 80' lang='lat' dir='ltr'>accuratius</span> <span class='ocrx_word' id='word_1_137' title='bbox 594 1768 776 1830; x_wconf 86' lang='lat' dir='ltr'>describitur</span> <span class='ocrx_word' id='word_1_138' title='bbox 798 1768 842 1830; x_wconf 85' lang='lat' dir='ltr'>vel</span> <span class='ocrx_word' id='word_1_139' title='bbox 866 1769 1068 1850; x_wconf 79' lang='lat' dir='ltr'>confirmatur,</span> <span class='ocrx_word' id='word_1_140' title='bbox 1091 1769 1103 1829; x_wconf 97' lang='lat' dir='ltr'>l</span> <span class='ocrx_word' id='word_1_141' title='bbox 1122 1765 1175 1851; x_wconf 78' lang='lat'>57,</span> <span class='ocrx_word' id='word_1_142' title='bbox 1194 1765 1215 1829; x_wconf 77' lang='lat'><strong>2</strong></span> 
     </span>
     <span class='ocr_line' id='line_1_17' title="bbox 72 1876 1214 1953; baseline 0.002 -19"><span class='ocrx_word' id='word_1_143' title='bbox 72 1876 208 1936; x_wconf 84' lang='lat' dir='ltr'>triticum</span> <span class='ocrx_word' id='word_1_144' title='bbox 230 1883 446 1953; x_wconf 67' lang='lat' dir='ltr'>compereunt,</span> <span class='ocrx_word' id='word_1_145' title='bbox 465 1893 533 1937; x_wconf 88' lang='lat' dir='ltr'>cum</span> <span class='ocrx_word' id='word_1_146' title='bbox 552 1878 671 1939; x_wconf 83' lang='lat' dir='ltr'>addant</span> <span class='ocrx_word' id='word_1_147' title='bbox 693 1879 724 1938; x_wconf 89' lang='lat' dir='ltr'>in</span> <span class='ocrx_word' id='word_1_148' title='bbox 747 1879 875 1938; x_wconf 85' lang='lat' dir='ltr'>circiter</span> <span class='ocrx_word' id='word_1_149' title='bbox 893 1878 974 1938; x_wconf 88' lang='lat' dir='ltr'>mille</span> <span class='ocrx_word' id='word_1_150' title='bbox 991 1878 1122 1938; x_wconf 86' lang='lat' dir='ltr'>modium</span> <span class='ocrx_word' id='word_1_151' title='bbox 1140 1894 1214 1951; x_wconf 81' lang='lat' dir='ltr'>aaa·</span> 
     </span>
    </p>
   </div>
   <div class='ocr_carea' id='block_1_5' title="bbox 69 1981 1276 2061">
    <p class='ocr_par' dir='ltr' id='par_1_7' title="bbox 69 1981 1276 2061">
     <span class='ocr_line' id='line_1_18' title="bbox 69 1981 1276 2061; baseline 0 -19"><span class='ocrx_word' id='word_1_152' title='bbox 69 1983 201 2042; x_wconf 69' lang='lat' dir='ltr'>mantal</span> <span class='ocrx_word' id='word_1_153' title='bbox 225 1998 384 2055; x_wconf 90' lang='lat' dir='ltr'>amurcae,</span> <span class='ocrx_word' id='word_1_154' title='bbox 417 1981 593 2061; x_wconf 82' lang='lat' dir='ltr'>llprael.2</span> <span class='ocrx_word' id='word_1_155' title='bbox 625 2002 682 2045; x_wconf 91' lang='lat' dir='ltr'>nec</span> <span class='ocrx_word' id='word_1_156' title='bbox 706 1991 819 2061; x_wconf 89' lang='lat' dir='ltr'>putant</span> <span class='ocrx_word' id='word_1_157' title='bbox 844 2003 876 2046; x_wconf 89' lang='lat' dir='ltr'>se</span> <span class='ocrx_word' id='word_1_158' title='bbox 903 1986 1018 2045; x_wconf 82' lang='lat' dir='ltr'>babere</span> <span class='ocrx_word' id='word_1_159' title='bbox 1048 1986 1161 2057; x_wconf 89' lang='lat' dir='ltr'>uillam,</span> <span class='ocrx_word' id='word_1_160' title='bbox 1187 1986 1216 2043; x_wconf 87' lang='lat' dir='ltr'>si</span> <span class='ocrx_word' id='word_1_161' title='bbox 1257 2001 1276 2034; x_wconf 80' lang='lat'>·.</span> 
     </span>
    </p>
   </div>
   <div class='ocr_carea' id='block_1_6' title="bbox 54 2091 1215 4305">
    <p class='ocr_par' dir='ltr' id='par_1_8' title="bbox 56 2091 1215 3020">
     <span class='ocr_line' id='line_1_19' title="bbox 66 2091 1214 2167; baseline 0 -18"><span class='ocrx_word' id='word_1_162' title='bbox 66 2105 131 2150; x_wconf 89' lang='lat' dir='ltr'>non</span> <span class='ocrx_word' id='word_1_163' title='bbox 155 2091 254 2148; x_wconf 86' lang='lat' dir='ltr'>multis</span> <span class='ocrx_word' id='word_1_164' title='bbox 277 2091 432 2151; x_wconf 83' lang='lat' dir='ltr'>uocabulis</span> <span class='ocrx_word' id='word_1_165' title='bbox 455 2094 608 2153; x_wconf 83' lang='lat' dir='ltr'>retineant</span> <span class='ocrx_word' id='word_1_166' title='bbox 628 2094 762 2167; x_wconf 75' lang='lat' dir='ltr'>praecis,</span> <span class='ocrx_word' id='word_1_167' title='bbox 786 2109 854 2151; x_wconf 90' lang='lat' dir='ltr'>cum</span> <span class='ocrx_word' id='word_1_168' title='bbox 878 2098 984 2152; x_wconf 86' lang='lat' dir='ltr'>uacent</span> <span class='ocrx_word' id='word_1_169' title='bbox 1002 2093 1214 2167; x_wconf 84' lang='lat' dir='ltr'>particulatim</span> 
     </span>
     <span class='ocr_line' id='line_1_20' title="bbox 64 2192 1213 2279; baseline 0.001 -21"><span class='ocrx_word' id='word_1_170' title='bbox 64 2200 155 2271; x_wconf 78' lang='lat' dir='ltr'>meu,</span> <span class='ocrx_word' id='word_1_171' title='bbox 178 2192 305 2278; x_wconf 78' lang='lat'><strong>1115‚2</strong></span> <span class='ocrx_word' id='word_1_172' title='bbox 329 2199 446 2258; x_wconf 87' lang='lat' dir='ltr'>testudo</span> <span class='ocrx_word' id='word_1_173' title='bbox 464 2231 499 2241; x_wconf 92' lang='lat'><em>-</em></span> <span class='ocrx_word' id='word_1_174' title='bbox 514 2200 551 2271; x_wconf 75' lang='lat' dir='ltr'>rit</span> <span class='ocrx_word' id='word_1_175' title='bbox 574 2216 707 2279; x_wconf 74' lang='lat' dir='ltr'>maaria,¹</span> <span class='ocrx_word' id='word_1_176' title='bbox 723 2202 754 2259; x_wconf 92' lang='lat' dir='ltr'>in</span> <span class='ocrx_word' id='word_1_177' title='bbox 778 2215 839 2273; x_wconf 77' lang='lat' dir='ltr'>uua</span> <span class='ocrx_word' id='word_1_178' title='bbox 861 2201 945 2259; x_wconf 90' lang='lat' dir='ltr'>milia</span> <span class='ocrx_word' id='word_1_179' title='bbox 973 2202 1088 2273; x_wconf 75' lang='lat' dir='ltr'>aliquot</span> <span class='ocrx_word' id='word_1_180' title='bbox 1110 2199 1213 2259; x_wconf 86' lang='lat' dir='ltr'>turdo-</span> 
     </span>
     <span class='ocr_line' id='line_1_21' title="bbox 62 2283 1214 2385; baseline 0.001 -21"><span class='ocrx_word' id='word_1_181' title='bbox 62 2319 140 2364; x_wconf 88' lang='lat' dir='ltr'>rum</span> <span class='ocrx_word' id='word_1_182' title='bbox 163 2321 203 2365; x_wconf 89' lang='lat' dir='ltr'>ac</span> <span class='ocrx_word' id='word_1_183' title='bbox 224 2283 410 2365; x_wconf 84' lang='lat' dir='ltr'>merularum</span> <span class='ocrx_word' id='word_1_184' title='bbox 434 2307 592 2367; x_wconf 83' lang='lat' dir='ltr'>includere</span> <span class='ocrx_word' id='word_1_185' title='bbox 611 2307 741 2385; x_wconf 85' lang='lat' dir='ltr'>possint,</span> <span class='ocrx_word' id='word_1_186' title='bbox 764 2307 888 2380; x_wconf 81' lang='lat' dir='ltr'>quidam</span> <span class='ocrx_word' id='word_1_187' title='bbox 915 2323 984 2367; x_wconf 87' lang='lat' dir='ltr'>cum</span> <span class='ocrx_word' id='word_1_188' title='bbox 1013 2323 1047 2366; x_wconf 93' lang='lat' dir='ltr'>eo</span> <span class='ocrx_word' id='word_1_189' title='bbox 1075 2307 1214 2366; x_wconf 86' lang='lat' dir='ltr'>adiciant</span> 
     </span>
     <span class='ocr_line' id='line_1_22' title="bbox 57 2408 1214 2499; baseline 0.002 -29"><span class='ocrx_word' id='word_1_190' title='bbox 57 2416 328 2499; x_wconf 67' lang='lat' dir='ltr'>praetereuntem</span> <span class='ocrx_word' id='word_1_191' title='bbox 351 2413 443 2488; x_wconf 84' lang='lat' dir='ltr'>alias,</span> <span class='ocrx_word' id='word_1_192' title='bbox 479 2409 527 2492; x_wconf 85' lang='lat'>14,</span> <span class='ocrx_word' id='word_1_193' title='bbox 546 2408 566 2472; x_wconf 86' lang='lat'><strong>3</strong></span> <span class='ocrx_word' id='word_1_194' title='bbox 590 2414 681 2472; x_wconf 89' lang='lat' dir='ltr'>uitam</span> <span class='ocrx_word' id='word_1_195' title='bbox 705 2414 758 2474; x_wconf 86' lang='lat' dir='ltr'>diu</span> <span class='ocrx_word' id='word_1_196' title='bbox 778 2414 967 2488; x_wconf 88' lang='lat' dir='ltr'>producunt,</span> <span class='ocrx_word' id='word_1_197' title='bbox 991 2430 1059 2473; x_wconf 89' lang='lat' dir='ltr'>cum</span> <span class='ocrx_word' id='word_1_198' title='bbox 1082 2415 1126 2473; x_wconf 82' lang='lat' dir='ltr'>aa</span> <span class='ocrx_word' id='word_1_199' title='bbox 1147 2430 1214 2473; x_wconf 89' lang='lat' dir='ltr'>eam</span> 
     </span>
     <span class='ocr_line' id='line_1_23' title="bbox 61 2511 1213 2599; baseline 0.003 -21"><span class='ocrx_word' id='word_1_200' title='bbox 61 2535 134 2579; x_wconf 87' lang='lat' dir='ltr'>rem</span> <span class='ocrx_word' id='word_1_201' title='bbox 155 2534 259 2594; x_wconf 91' lang='lat' dir='ltr'>pauca</span> <span class='ocrx_word' id='word_1_202' title='bbox 278 2521 388 2580; x_wconf 88' lang='lat' dir='ltr'>laurea</span> <span class='ocrx_word' id='word_1_203' title='bbox 408 2517 485 2593; x_wconf 79' lang='lat' dir='ltr'>solia</span> <span class='ocrx_word' id='word_1_204' title='bbox 504 2521 684 2580; x_wconf 81' lang='lat' dir='ltr'>intericiunt</span> <span class='ocrx_word' id='word_1_205' title='bbox 700 2524 730 2580; x_wconf 87' lang='lat' dir='ltr'>ei</span> <span class='ocrx_word' id='word_1_206' title='bbox 747 2526 914 2596; x_wconf 74' lang='lat' dir='ltr'>asperpant</span> <span class='ocrx_word' id='word_1_207' title='bbox 928 2511 1080 2594; x_wconf 76' lang='lat' dir='ltr'>furfures,</span> <span class='ocrx_word' id='word_1_208' title='bbox 1104 2516 1155 2599; x_wconf 88' lang='lat'>16,</span> <span class='ocrx_word' id='word_1_209' title='bbox 1170 2516 1213 2581; x_wconf 79' lang='lat'>32</span> 
     </span>
     <span class='ocr_line' id='line_1_24' title="bbox 56 2622 1215 2702; baseline 0.001 -16"><span class='ocrx_word' id='word_1_210' title='bbox 56 2624 210 2702; x_wconf 84' lang='lat' dir='ltr'>savarum</span> <span class='ocrx_word' id='word_1_211' title='bbox 230 2622 388 2700; x_wconf 79' lang='lat' dir='ltr'>[oramina</span> <span class='ocrx_word' id='word_1_212' title='bbox 411 2626 543 2686; x_wconf 84' lang='lat' dir='ltr'>obducta</span> <span class='ocrx_word' id='word_1_213' title='bbox 566 2628 707 2687; x_wconf 84' lang='lat' dir='ltr'>uidentur</span> <span class='ocrx_word' id='word_1_214' title='bbox 725 2626 917 2699; x_wconf 81' lang='lat' dir='ltr'>membranis,</span> <span class='ocrx_word' id='word_1_215' title='bbox 936 2642 1005 2686; x_wconf 89' lang='lat' dir='ltr'>cum</span> <span class='ocrx_word' id='word_1_216' title='bbox 1022 2627 1083 2686; x_wconf 89' lang='lat' dir='ltr'>sint</span> <span class='ocrx_word' id='word_1_217' title='bbox 1106 2630 1215 2702; x_wconf 87' lang='lat' dir='ltr'>repleti</span> 
     </span>
     <span class='ocr_line' id='line_1_25' title="bbox 59 2728 1210 2814; baseline -0.001 -20"><span class='ocrx_word' id='word_1_218' title='bbox 59 2735 167 2806; x_wconf 84' lang='lat' dir='ltr'>melle,</span> <span class='ocrx_word' id='word_1_219' title='bbox 200 2740 230 2792; x_wconf 87' lang='lat' dir='ltr'>et</span> <span class='ocrx_word' id='word_1_220' title='bbox 262 2730 398 2792; x_wconf 89' lang='lat' dir='ltr'>similiter</span> <span class='ocrx_word' id='word_1_221' title='bbox 430 2749 497 2792; x_wconf 86' lang='lat' dir='ltr'>curn</span> <span class='ocrx_word' id='word_1_222' title='bbox 531 2734 718 2793; x_wconf 84' lang='lat' dir='ltr'>coniunctim</span> <span class='ocrx_word' id='word_1_223' title='bbox 750 2732 876 2812; x_wconf 85' lang='lat' dir='ltr'>perlecti</span> <span class='ocrx_word' id='word_1_224' title='bbox 910 2733 1051 2810; x_wconf 89' lang='lat' dir='ltr'>temporis</span> <span class='ocrx_word' id='word_1_225' title='bbox 1083 2729 1123 2791; x_wconf 92' lang='grc' dir='ltr'>ΙΙΙ</span> <span class='ocrx_word' id='word_1_226' title='bbox 1143 2728 1210 2814; x_wconf 80' lang='lat' dir='ltr'>l‚7</span> 
     </span>
     <span class='ocr_line' id='line_1_26' title="bbox 60 2840 1211 2915; baseline -0.002 -14"><span class='ocrx_word' id='word_1_227' title='bbox 60 2842 245 2913; x_wconf 79' lang='lat' dir='ltr'>interficere</span> <span class='ocrx_word' id='word_1_228' title='bbox 271 2843 367 2900; x_wconf 91' lang='lat' dir='ltr'>solent</span> <span class='ocrx_word' id='word_1_229' title='bbox 396 2840 515 2900; x_wconf 83' lang='lat' dir='ltr'>duabus</span> <span class='ocrx_word' id='word_1_230' title='bbox 541 2842 637 2915; x_wconf 68' lang='lat' dir='ltr'>vireis</span> <span class='ocrx_word' id='word_1_231' title='bbox 665 2843 788 2901; x_wconf 78' lang='lat' dir='ltr'>viscatis</span> <span class='ocrx_word' id='word_1_232' title='bbox 811 2871 863 2912; x_wconf 91' lang='lat'>—,</span> <span class='ocrx_word' id='word_1_233' title='bbox 886 2857 955 2900; x_wconf 82' lang='lat' dir='ltr'>cunt</span> <span class='ocrx_word' id='word_1_234' title='bbox 979 2842 1058 2899; x_wconf 87' lang='lat' dir='ltr'>inter</span> <span class='ocrx_word' id='word_1_235' title='bbox 1086 2857 1138 2899; x_wconf 88' lang='lat' dir='ltr'>eas</span> <span class='ocrx_word' id='word_1_236' title='bbox 1157 2857 1211 2915; x_wconf 87' lang='lat' dir='ltr'>po-</span> 
     </span>
     <span class='ocr_line' id='line_1_27' title="bbox 59 2946 519 3020; baseline -0.002 -13"><span class='ocrx_word' id='word_1_237' title='bbox 59 2947 189 3007; x_wconf 80' lang='lat' dir='ltr'>suerint</span> <span class='ocrx_word' id='word_1_238' title='bbox 210 2946 374 3020; x_wconf 77' lang='lat' dir='ltr'>obliaatum</span> <span class='ocrx_word' id='word_1_239' title='bbox 397 2947 519 3006; x_wconf 87' lang='lat' dir='ltr'>animat.</span> 
     </span>
    </p>

    <p class='ocr_par' dir='ltr' id='par_1_9' title="bbox 54 3047 1211 4305">
     <span class='ocr_line' id='line_1_28' title="bbox 160 3047 1211 3132; baseline 0.002 -22"><span class='ocrx_word' id='word_1_240' title='bbox 160 3049 327 3112; x_wconf 87' lang='lat' dir='ltr'>lllurenae</span> <span class='ocrx_word' id='word_1_241' title='bbox 355 3054 508 3132; x_wconf 89' lang='lat' dir='ltr'>optimae</span> <span class='ocrx_word' id='word_1_242' title='bbox 537 3052 655 3113; x_wconf 87' lang='lat' dir='ltr'>elutae</span> <span class='ocrx_word' id='word_1_243' title='bbox 684 3059 769 3111; x_wconf 89' lang='lat' dir='ltr'>sunt</span> <span class='ocrx_word' id='word_1_244' title='bbox 795 3053 829 3111; x_wconf 91' lang='lat' dir='ltr'>in</span> <span class='ocrx_word' id='word_1_245' title='bbox 859 3047 992 3128; x_wconf 91' lang='lat' dir='ltr'>sicilia]</span> <span class='ocrx_word' id='word_1_246' title='bbox 1021 3052 1129 3112; x_wconf 81' lang='lat' dir='ltr'>Flutuc</span> <span class='ocrx_word' id='word_1_247' title='bbox 1152 3049 1211 3112; x_wconf 86' lang='lat' dir='ltr'>ble-</span> 
     </span>
     <span class='ocr_line' id='line_1_29' title="bbox 61 3155 1211 3241; baseline -0.004 -18"><span class='ocrx_word' id='word_1_248' title='bbox 61 3158 148 3223; x_wconf 88' lang='lat' dir='ltr'>rula:</span> <span class='ocrx_word' id='word_1_249' title='bbox 171 3157 299 3220; x_wconf 79' lang='lat' dir='ltr'>Macrob.</span> <span class='ocrx_word' id='word_1_250' title='bbox 320 3159 439 3221; x_wconf 87' lang='lat' dir='ltr'>Saturn.</span> <span class='ocrx_word' id='word_1_251' title='bbox 458 3158 498 3219; x_wconf 92' lang='lat' dir='ltr'>lll</span> <span class='ocrx_word' id='word_1_252' title='bbox 520 3157 603 3241; x_wconf 77' lang='lat' dir='ltr'>15‚l</span> <span class='ocrx_word' id='word_1_253' title='bbox 628 3159 665 3220; x_wconf 92' lang='lat' dir='ltr'>de</span> <span class='ocrx_word' id='word_1_254' title='bbox 684 3160 816 3219; x_wconf 89' lang='lat' dir='ltr'>murenis</span> <span class='ocrx_word' id='word_1_255' title='bbox 837 3157 944 3218; x_wconf 89' lang='lat' dir='ltr'>Siculis</span> <span class='ocrx_word' id='word_1_256' title='bbox 962 3166 992 3218; x_wconf 87' lang='lat' dir='ltr'>et</span> <span class='ocrx_word' id='word_1_257' title='bbox 1015 3155 1051 3218; x_wconf 93' lang='lat' dir='ltr'>de</span> <span class='ocrx_word' id='word_1_258' title='bbox 1075 3157 1211 3237; x_wconf 82' lang='lat' dir='ltr'>anguillis</span> 
     </span>
     <span class='ocr_line' id='line_1_30' title="bbox 61 3267 1210 3343; baseline -0.002 -15"><span class='ocrx_word' id='word_1_259' title='bbox 61 3275 220 3340; x_wconf 77' lang='lat' dir='ltr'>ueraeque</span> <span class='ocrx_word' id='word_1_260' title='bbox 242 3285 282 3327; x_wconf 83' lang='lat' dir='ltr'>ca</span> <span class='ocrx_word' id='word_1_261' title='bbox 305 3269 355 3328; x_wconf 89' lang='lat' dir='ltr'>illo</span> <span class='ocrx_word' id='word_1_262' title='bbox 378 3270 443 3328; x_wconf 92' lang='lat' dir='ltr'>loco</span> <span class='ocrx_word' id='word_1_263' title='bbox 464 3285 581 3342; x_wconf 75' lang='lat' dir='ltr'>praeca</span> <span class='ocrx_word' id='word_1_264' title='bbox 604 3270 707 3343; x_wconf 89' lang='lat' dir='ltr'>plotae</span> <span class='ocrx_word' id='word_1_265' title='bbox 730 3273 893 3339; x_wconf 87' lang='lat' dir='ltr'>uocantur,</span> <span class='ocrx_word' id='word_1_266' title='bbox 921 3267 1016 3326; x_wconf 87' lang='lat' dir='ltr'>latine</span> <span class='ocrx_word' id='word_1_267' title='bbox 1038 3267 1136 3339; x_wconf 74' lang='lat' dir='ltr'>llatae</span> <span class='ocrx_word' id='word_1_268' title='bbox 1163 3299 1210 3326; x_wconf 91' lang='lat'>-.</span> 
     </span>
     <span class='ocr_line' id='line_1_31' title="bbox 60 3374 1211 3448; baseline -0.003 -11"><span class='ocrx_word' id='word_1_269' title='bbox 60 3382 95 3437; x_wconf 83' lang='lat' dir='ltr'>et</span> <span class='ocrx_word' id='word_1_270' title='bbox 118 3375 149 3433; x_wconf 89' lang='lat' dir='ltr'>si</span> <span class='ocrx_word' id='word_1_271' title='bbox 170 3390 353 3434; x_wconf 87' lang='lat' dir='ltr'>enumerare</span> <span class='ocrx_word' id='word_1_272' title='bbox 380 3376 475 3448; x_wconf 79' lang='lat' dir='ltr'>uelint,</span> <span class='ocrx_word' id='word_1_273' title='bbox 498 3391 588 3448; x_wconf 84' lang='lat' dir='ltr'>quam</span> <span class='ocrx_word' id='word_1_274' title='bbox 611 3377 698 3434; x_wconf 88' lang='lat' dir='ltr'>multi</span> <span class='ocrx_word' id='word_1_275' title='bbox 718 3374 880 3448; x_wconf 71' lang='lat' dir='ltr'>mauniquc</span> <span class='ocrx_word' id='word_1_276' title='bbox 903 3379 1045 3433; x_wconf 85' lang='lat' dir='ltr'>auctores</span> <span class='ocrx_word' id='word_1_277' title='bbox 1068 3389 1211 3434; x_wconf 86' lang='lat' dir='ltr'>murenas</span> 
     </span>
     <span class='ocr_line' id='line_1_32' title="bbox 58 3477 1210 3555; baseline 0 -14"><span class='ocrx_word' id='word_1_278' title='bbox 58 3500 81 3541; x_wconf 83' lang='lat' dir='ltr'>c</span> <span class='ocrx_word' id='word_1_279' title='bbox 107 3477 194 3555; x_wconf 78' lang='lat' dir='ltr'>freto</span> <span class='ocrx_word' id='word_1_280' title='bbox 221 3480 325 3541; x_wconf 87' lang='lat' dir='ltr'>Siculo</span> <span class='ocrx_word' id='word_1_281' title='bbox 353 3482 555 3554; x_wconf 84' lang='lat' dir='ltr'>nobilitarint,</span> <span class='ocrx_word' id='word_1_282' title='bbox 584 3484 706 3555; x_wconf 75' lang='lat' dir='ltr'>lonaum</span> <span class='ocrx_word' id='word_1_283' title='bbox 731 3483 797 3553; x_wconf 81' lang='lat' dir='ltr'>fiat.</span> <span class='ocrx_word' id='word_1_284' title='bbox 842 3481 899 3539; x_wconf 84' lang='lat' dir='ltr'>sed</span> <span class='ocrx_word' id='word_1_285' title='bbox 924 3480 1038 3552; x_wconf 84' lang='lat' dir='ltr'>dicam,</span> <span class='ocrx_word' id='word_1_286' title='bbox 1066 3482 1142 3554; x_wconf 80' lang='lat' dir='ltr'>quid</span> <span class='ocrx_word' id='word_1_287' title='bbox 1168 3481 1210 3540; x_wconf 88' lang='lat' dir='ltr'>M.</span> 
     </span>
     <span class='ocr_line' id='line_1_33' title="bbox 69 3587 1211 3661; baseline 0.003 -15"><span class='ocrx_word' id='word_1_288' title='bbox 69 3587 175 3648; x_wconf 79' lang='lat' dir='ltr'>Varro</span> <span class='ocrx_word' id='word_1_289' title='bbox 198 3589 229 3647; x_wconf 88' lang='lat' dir='ltr'>in</span> <span class='ocrx_word' id='word_1_290' title='bbox 252 3588 331 3648; x_wconf 83' lang='lat' dir='ltr'>libro</span> <span class='ocrx_word' id='word_1_291' title='bbox 350 3590 404 3661; x_wconf 82' lang='lat' dir='ltr'>qui</span> <span class='ocrx_word' id='word_1_292' title='bbox 425 3589 605 3648; x_wconf 83' lang='lat' dir='ltr'>inscribitur</span> <span class='ocrx_word' id='word_1_293' title='bbox 626 3589 730 3649; x_wconf 85' lang='lat' dir='ltr'>Gallus</span> <span class='ocrx_word' id='word_1_294' title='bbox 753 3589 791 3647; x_wconf 83' lang='lat' dir='ltr'>de</span> <span class='ocrx_word' id='word_1_295' title='bbox 815 3588 1006 3646; x_wconf 88' lang='lat' dir='ltr'>admirandis</span> <span class='ocrx_word' id='word_1_296' title='bbox 1030 3589 1146 3648; x_wconf 71' lang='lat' dir='ltr'>aimerii</span> <span class='ocrx_word' id='word_1_297' title='bbox 1164 3591 1211 3649; x_wconf 87' lang='lat' dir='ltr'>bis</span> 
     </span>
     <span class='ocr_line' id='line_1_34' title="bbox 60 3685 1210 3772; baseline 0 -16"><span class='ocrx_word' id='word_1_298' title='bbox 60 3694 182 3768; x_wconf 82' lang='lat' dir='ltr'>uerbis,</span> <span class='ocrx_word' id='word_1_299' title='bbox 205 3688 253 3755; x_wconf 79' lang='lat' dir='ltr'>‘in</span> <span class='ocrx_word' id='word_1_300' title='bbox 281 3695 389 3755; x_wconf 88' lang='lat' dir='ltr'>Sicilia</span> <span class='ocrx_word' id='word_1_301' title='bbox 416 3691 551 3769; x_wconf 82' lang='lat' dir='ltr'>quoque&#39;</span> <span class='ocrx_word' id='word_1_302' title='bbox 580 3698 679 3771; x_wconf 82' lang='lat' dir='ltr'>inquit</span> <span class='ocrx_word' id='word_1_303' title='bbox 706 3688 814 3755; x_wconf 78' lang='lat' dir='ltr'>‘manu</span> <span class='ocrx_word' id='word_1_304' title='bbox 843 3696 915 3770; x_wconf 84' lang='lat' dir='ltr'>capi</span> <span class='ocrx_word' id='word_1_305' title='bbox 940 3685 1084 3753; x_wconf 89' lang='lat' dir='ltr'>murenas</span> <span class='ocrx_word' id='word_1_306' title='bbox 1107 3698 1210 3772; x_wconf 69' lang='lat' dir='ltr'>flutas,</span> 
     </span>
     <span class='ocr_line' id='line_1_35' title="bbox 59 3794 1209 3880; baseline 0.001 -18"><span class='ocrx_word' id='word_1_307' title='bbox 59 3802 152 3878; x_wconf 82' lang='lat' dir='ltr'>quod</span> <span class='ocrx_word' id='word_1_308' title='bbox 173 3819 228 3862; x_wconf 90' lang='lat' dir='ltr'>eae</span> <span class='ocrx_word' id='word_1_309' title='bbox 255 3805 286 3862; x_wconf 90' lang='lat' dir='ltr'>in</span> <span class='ocrx_word' id='word_1_310' title='bbox 313 3817 428 3861; x_wconf 82' lang='lat' dir='ltr'>sumam</span> <span class='ocrx_word' id='word_1_311' title='bbox 457 3819 538 3876; x_wconf 83' lang='lat' dir='ltr'>aqua</span> <span class='ocrx_word' id='word_1_312' title='bbox 559 3821 638 3878; x_wconf 90' lang='lat' dir='ltr'>prae</span> <span class='ocrx_word' id='word_1_313' title='bbox 657 3804 843 3880; x_wconf 75' lang='lat' dir='ltr'>pinauedine</span> <span class='ocrx_word' id='word_1_314' title='bbox 866 3794 1042 3875; x_wconf 79' lang='lat' dir='ltr'>liutentur&#39;.</span> <span class='ocrx_word' id='word_1_315' title='bbox 1089 3800 1209 3863; x_wconf 90' lang='lat' dir='ltr'>eaedem</span> 
     </span>
     <span class='ocr_line' id='line_1_36' title="bbox 54 3903 1211 3988; baseline 0 -19"><span class='ocrx_word' id='word_1_316' title='bbox 54 3912 193 3988; x_wconf 83' lang='lat' dir='ltr'>plautae</span> <span class='ocrx_word' id='word_1_317' title='bbox 216 3907 356 3969; x_wconf 75' lang='lat' dir='ltr'>dictantur</span> <span class='ocrx_word' id='word_1_318' title='bbox 379 3906 456 3987; x_wconf 86' lang='lat' dir='ltr'>apud</span> <span class='ocrx_word' id='word_1_319' title='bbox 481 3906 671 3969; x_wconf 84' lang='lat' dir='ltr'>Columellam</span> <span class='ocrx_word' id='word_1_320' title='bbox 695 3906 758 3966; x_wconf 95' lang='lat' dir='ltr'>Vlll</span> <span class='ocrx_word' id='word_1_321' title='bbox 779 3903 868 3984; x_wconf 71' lang='lat' dir='ltr'>17,ss</span> <span class='ocrx_word' id='word_1_322' title='bbox 897 3910 967 3967; x_wconf 87' lang='lat' dir='ltr'>item</span> <span class='ocrx_word' id='word_1_323' title='bbox 986 3910 1109 3983; x_wconf 85' lang='lat' dir='ltr'>plautas</span> <span class='ocrx_word' id='word_1_324' title='bbox 1132 3926 1211 3982; x_wconf 85' lang='lat' dir='ltr'>quac</span> 
     </span>
     <span class='ocr_line' id='line_1_37' title="bbox 60 4011 1210 4093; baseline -0.002 -16"><span class='ocrx_word' id='word_1_325' title='bbox 60 4017 201 4077; x_wconf 77' lang='lat' dir='ltr'>maxime</span> <span class='ocrx_word' id='word_1_326' title='bbox 219 4017 394 4092; x_wconf 85' lang='lat' dir='ltr'>probantur</span> <span class='ocrx_word' id='word_1_327' title='bbox 417 4033 576 4077; x_wconf 85' lang='lat' dir='ltr'>murenas:</span> <span class='ocrx_word' id='word_1_328' title='bbox 598 4011 665 4075; x_wconf 86' lang='lat' dir='ltr'>nam</span> <span class='ocrx_word' id='word_1_329' title='bbox 689 4018 728 4074; x_wconf 87' lang='lat' dir='ltr'>ita</span> <span class='ocrx_word' id='word_1_330' title='bbox 752 4013 794 4074; x_wconf 90' lang='lat' dir='ltr'>ibi</span> <span class='ocrx_word' id='word_1_331' title='bbox 817 4015 847 4073; x_wconf 94' lang='lat' dir='ltr'>in</span> <span class='ocrx_word' id='word_1_332' title='bbox 871 4030 959 4074; x_wconf 84' lang='lat' dir='ltr'>mauu</span> <span class='ocrx_word' id='word_1_333' title='bbox 983 4016 1103 4093; x_wconf 88' lang='lat' dir='ltr'>scriptis</span> <span class='ocrx_word' id='word_1_334' title='bbox 1126 4013 1210 4075; x_wconf 89' lang='lat' dir='ltr'>libris</span> 
     </span>
     <span class='ocr_line' id='line_1_38' title="bbox 58 4113 1209 4201; baseline -0.003 -16"><span class='ocrx_word' id='word_1_335' title='bbox 58 4122 187 4200; x_wconf 78' lang='lat' dir='ltr'>legitur.</span> <span class='ocrx_word' id='word_1_336' title='bbox 219 4127 316 4199; x_wconf 77' lang='lat' dir='ltr'>llatae</span> <span class='ocrx_word' id='word_1_337' title='bbox 338 4130 439 4182; x_wconf 78' lang='lat' dir='ltr'>atatem</span> <span class='ocrx_word' id='word_1_338' title='bbox 462 4122 558 4183; x_wconf 89' lang='lat' dir='ltr'>dictae</span> <span class='ocrx_word' id='word_1_339' title='bbox 578 4132 648 4182; x_wconf 90' lang='lat' dir='ltr'>sunt</span> <span class='ocrx_word' id='word_1_340' title='bbox 669 4138 776 4201; x_wconf 83' lang='lat' dir='ltr'>graeco</span> <span class='ocrx_word' id='word_1_341' title='bbox 796 4121 915 4181; x_wconf 86' lang='lat' dir='ltr'>nominc</span> <span class='ocrx_word' id='word_1_342' title='bbox 937 4113 1049 4200; x_wconf 76' lang='grc' dir='ltr'><em>πλωτή</em></span> <span class='ocrx_word' id='word_1_343' title='bbox 1074 4120 1108 4181; x_wconf 93' lang='lat' dir='ltr'>ad</span> <span class='ocrx_word' id='word_1_344' title='bbox 1130 4123 1209 4182; x_wconf 87' lang='lat' dir='ltr'>simi-</span> 
     </span>
     <span class='ocr_line' id='line_1_39' title="bbox 57 4228 795 4305; baseline -0.011 -11"><span class='ocrx_word' id='word_1_345' title='bbox 57 4228 224 4294; x_wconf 89' lang='lat' dir='ltr'>litudinem</span> <span class='ocrx_word' id='word_1_346' title='bbox 246 4229 329 4290; x_wconf 85' lang='lat' dir='ltr'>latini</span> <span class='ocrx_word' id='word_1_347' title='bbox 354 4229 435 4291; x_wconf 86' lang='lat' dir='ltr'>verbi</span> <span class='ocrx_word' id='word_1_348' title='bbox 456 4233 556 4305; x_wconf 71' lang='lat' dir='ltr'>flama</span> <span class='ocrx_word' id='word_1_349' title='bbox 578 4228 795 4289; x_wconf 79' lang='lat' dir='ltr'>transformato.</span> 
     </span>
    </p>
   </div>
   <div class='ocr_carea' id='block_1_7' title="bbox 0 0 1442 4994">
    <p class='ocr_par' dir='ltr' id='par_1_10' title="bbox 0 0 1442 4994">
     <span class='ocr_line' id='line_1_40' title="bbox 0 0 1442 4994; baseline 0 3"><span class='ocrx_word' id='word_1_350' title='bbox 0 0 1442 4994; x_wconf 95' lang='lat' dir='ltr'> </span> 
     </span>
    </p>
   </div>
  </div>
 </body>
</html>
