2874 4994
143 317 204 381 126
487 323 734 379 communem
755 323 942 380 VARRONIS

141 478 284 560 exemplis
320 479 512 541 confirmavit.
559 479 597 539 lll
624 477 674 561 16,
693 477 735 541 28
764 483 918 558 pisierunt
949 497 986 540 ex
1018 477 1121 540 codice
1150 480 1245 562 retitui,

141 605 320 667 quamquam
343 606 377 648 ea
402 588 494 648 forma
523 588 650 666 periecti
677 586 713 646 ab
743 585 807 648 aliis
835 596 978 667 usurpata
1007 605 1068 647 non
1095 594 1154 668 est,
1179 590 1250 664 mmm

141 694 320 774 Pomponius
344 694 419 773 apud
445 693 615 754 Diomedem
638 712 666 773 p.
686 691 799 774 373,7
825 702 855 754 et
878 692 954 774 apud
979 693 1162 755 Priscianum
1186 692 1250 754 llll

144 821 172 881 p.
191 797 265 883 535,
284 799 335 863 21.
382 800 433 861 sed
459 803 616 878 pinsibant
644 799 758 861 Ennius
785 800 863 880 apud
886 799 1050 861 Varronem
1079 799 1117 861 de
1145 799 1250 881 liuplat

140 905 239 990 V23,
270 908 320 969 ubi
352 907 497 987 Berglcius
530 909 631 987 script.
663 910 732 967 min.
766 907 827 969 v.l
858 928 885 988 p.
904 904 971 969 360
1002 907 1165 985 pinsebant
1190 905 1252 967 atriti
1291 966 1293 987 ,

141 1014 241 1076 voluit.
283 1019 407 1092 pinsere
430 1014 521 1075 Varro
545 1014 621 1094 apud
646 1013 773 1075 Nonium
798 1034 825 1094 p
846 1011 919 1095 152,
941 1012 1020 1077 13
1007 1033 1040 1075 tn
1064 1016 1188 1092 prastino
1206 1017 1252 1091 pin
1290 990 1293 1155 Ξ

139 1121 311 1197 emetiar,
335 1122 373 1182 ib.
395 1118 436 1183 15
464 1126 535 1183 rari
559 1120 615 1196 sar
638 1123 798 1199 eripiebam
825 1121 862 1182 de
889 1120 959 1202 ling.
983 1119 1033 1183 lat.
1054 1118 1159 1183 Vl38
1180 1120 1293 1198 pilum
1291 1158 1293 1213 p

144 1232 227 1304 quod
247 1248 281 1291 eo
302 1229 358 1305 ser
378 1233 490 1306 pisant.
1291 1250 1293 1333 p

229 1342 316 1396 LXIV
340 1338 489 1397 dmnrca
514 1354 591 1396 cum
615 1354 655 1396 ex
684 1335 761 1396 olea
789 1354 960 1416 expressa
989 1337 1052 1415 qui
1080 1342 1137 1396 ast
1160 1333 1254 1395 humor

141 1444 313 1524 aquatilis
336 1463 374 1505 ac
398 1445 655 1505 recrimcntum
679 1454 713 1504 et
737 1443 953 1505 conditum
945 1462 980 1503 ιιι
1009 1460 1074 1504 uas
1105 1440 1210 1503 iictile
1231 1439 1252 1501 il

141 1553 282 1632 quidam
307 1554 357 1612 sic
381 1550 500 1613 solent
524 1552 620 1610 tueri
644 1549 773 1611 diebus
796 1549 846 1609 XV
870 1569 909 1610 eo
939 1548 1031 1628 quod
1061 1557 1117 1609 est
1142 1547 1251 1608 leuissi-

142 1677 234 1719 mum
257 1677 295 1718 ac
320 1674 489 1718 summum
513 1655 685 1718 deilatum
716 1667 753 1718 nt
781 1659 954 1717 traiciant
981 1659 1017 1716 iu
1047 1653 1116 1716 alia
1143 1671 1211 1715 uasa
1230 1662 1252 1713 et

142 1765 207 1826 hoc
231 1765 323 1826 idem
347 1763 557 1825 interuallis
581 1763 803 1824 duodeciens
822 1781 882 1823 sex
907 1761 1091 1823 mensibus
1114 1761 1251 1841 proximis

141 1875 227 1933 item
252 1871 401 1950 iaciant]
422 1873 641 1934 detrimentum
661 1874 814 1933 conditum
838 1868 916 1930 edita
939 1869 1008 1930 inde
1033 1888 1049 1930 a
1074 1869 1197 1948 principe
1211 1866 1249 1927 edi·

143 1982 222 2041 tione
243 1980 428 2061 exemplaria,
453 1988 483 2040 et
507 1989 573 2058 apte
593 1978 649 2038 hoc
669 1977 799 2038 defendit
818 1976 971 2038 Victorius
994 1974 1129 2056 exemplo
1147 1973 1249 2034 Virronis

142 2088 217 2167 apud
252 2086 379 2148 Nonium
412 2106 440 2166 p.
460 2083 533 2166 217,
553 2083 596 2147 24
640 2087 738 2147 Verre
771 2087 948 2146 Prometheo
981 2086 1078 2145 libero
1109 2064 1249 2143 retrimenta

141 2196 204 2255 cidi
229 2213 290 2269 pue
320 2197 441 2255 exirent
465 2212 523 2270 per
547 2196 696 2270 posticum
728 2196 866 2254 canalem
895 2190 968 2268 [eei.
1014 2192 1079 2252 eiii
1109 2191 1248 2251 retrimenta

142 2302 250 2381 legitur
272 2300 399 2362 Macrob.
424 2318 529 2360 comm.
555 2302 585 2360 in
609 2295 941 2379 somn.Scip.16,ll
967 2307 997 2359 et
1019 2301 1191 2359 retrimenta
1208 2311 1247 2353 ne

143 2410 210 2488 pius
235 2408 352 2468 Saturn.
371 2406 422 2466 Vll
440 2404 470 2487 4,
493 2403 548 2487 183
572 2403 627 2488 233
651 2404 703 2468 24.
730 2405 778 2486 11,
797 2404 826 2466 9.
852 2402 1053 2486 15‚19;20.
1099 2407 1248 2465 recrmmr

143 2513 309 2576 eutimii
331 2513 382 2594 11,
401 2512 430 2595 2,
454 2533 494 2574 ex
517 2517 713 2574 recrementis
733 2512 834 2588 serris
857 2493 1135 2573 le.xvl11142.
1168 2519 1248 2570 utrum

143 2640 201 2700 que
237 2629 282 2681 est
314 2623 344 2680 in
378 2621 484 2699 glossis
517 2619 734 2700 latino-graecis
765 2639 791 2679 v.
810 2618 836 2679 ll
864 2638 891 2698 p.
913 2615 1025 2699 170,ss
1058 2622 1248 2686 recrementum.

142 2745 170 2806 p.
191 2726 266 2809 174,
284 2724 327 2788 26
358 2730 574 2788 retrimentam.
621 2727 712 2787 Varro
740 2735 840 2789 autem
868 2728 1077 2788 retrimeutum
1107 2724 1182 2785 oleae
1203 2720 1250 2781 dicit

143 2835 221 2914 quod
247 2833 370 2895 terendo
395 2833 574 2912 relinquitur
598 2833 642 2893 rel
667 2836 776 2916 iraces,
801 2853 875 2914 quas
898 2835 970 2895 dicit
993 2832 1064 2894 Cato
1088 2851 1114 2893 c.
1134 2828 1172 2893 64
1187 2837 1212 2889 et
1223 2819 1249 2884 il

145 2952 265 3002 etcum
290 2959 409 3001 amurca
433 2940 469 3000 ab
493 2939 557 3001 oleo
582 2942 774 3002 removendas
803 2960 868 3002 esse
893 2941 987 3002 docet.
1034 2938 1092 3000 hoc
1115 2940 1196 3018 igitur
1213 2945 1251 2992 ιιι

143 3067 210 3109 curm
243 3067 362 3109 amurca
394 3067 410 3108 a
443 3046 619 3125 quibusdam
653 3050 683 3108 in
717 3066 766 3108 vas
798 3047 886 3109 fictile
920 3046 1059 3108 conditur
1090 3054 1123 3107 et
1151 3061 1197 3124 per
1218 3052 1251 3098 tet

143 3173 261 3216 menses
285 3157 388 3235 quinto
412 3154 527 3215 decimo
552 3173 670 3234 quoque
695 3155 741 3215 die
766 3156 921 3237 promitur,
941 3164 974 3214 ut
996 3151 1070 3213 illud
1095 3150 1169 3232 quod
1189 3151 1251 3209 inm

143 3264 322 3323 levissimum
352 3280 385 3322 ac
419 3280 568 3323 summum
596 3271 642 3322 est
671 3261 796 3322 delletur
824 3270 854 3322 et
881 3264 911 3322 in
940 3259 994 3321 alia
1025 3279 1093 3321 vasa
1122 3258 1251 3324 traiciaturt
1291 3286 1293 3349 3

144 3379 206 3431 tum
239 3370 357 3429 domum
386 3369 574 3447 decoquitur.
622 3371 719 3447 itaque
750 3368 821 3428 llaec
849 3367 995 3428 condendi
1024 3376 1055 3428 et
1083 3363 1180 3427 tuendi
1202 3358 1252 3421 ratio

143 3477 256 3537 diversa
276 3485 321 3535 est
343 3474 378 3534 ab
398 3476 499 3556 altera,
518 3494 593 3555 quae
614 3485 698 3535 antea
717 3494 742 3536 c.
758 3473 798 3536 61
820 3474 968 3554 descripta
992 3483 1066 3555 erat,
1085 3492 1153 3535 cum
1165 3479 1251 3531 amurca

143 3587 250 3663 statim,
274 3601 342 3643 cum
366 3600 504 3662 expressa
528 3601 563 3642 ex
588 3582 652 3642 olea
676 3582 791 3643 ellluxit
814 3581 999 3661 decoquitur.
1019 3614 1056 3624 -
1073 3579 1177 3641 deinde
1193 3580 1251 3637 itti

143 3693 224 3764 prtod
255 3699 298 3750 est
330 3691 451 3770 scripsi,
483 3708 523 3750 ea·
555 3708 589 3750 eo
622 3707 657 3749 ex
685 3689 789 3750 Aldina
817 3690 946 3750 editione
980 3687 1184 3749 Schneideruo
1219 3681 1250 3740 ib*

143 3799 209 3856 dem
237 3800 404 3857 interuallis
431 3816 467 3856 ex
495 3796 597 3856 eadem
625 3797 754 3857 editione
788 3795 1006 3857 restituendum
1039 3813 1107 3856 esse
1135 3794 1250 3854 uenum

141 3902 299 3983 adnotavit
1140 3985 1144 3991 Ι

231 4010 316 4071 Τιιιιι
359 4009 536 4070 decocunt
577 4012 612 4070 in
654 4010 778 4070 ahenis
814 4008 1003 4088 leuilignis
1041 4009 1129 4070 duas
1161 4010 1249 4087 panes

143 4116 255 4196 quaad
289 4115 477 4194 regerent]
510 4117 582 4176 Tum
611 4117 736 4197 plurima
768 4116 936 4197 apographa
963 4125 995 4177 et
1023 4114 1180 4194 Victorius,
1200 4118 1249 4171 titt

143 4226 172 4282 in
205 4225 340 4301 principe.
373 4223 501 4282 editione
535 4222 697 4283 Politianus
730 4243 788 4284 non
822 4231 1001 4284 correxerat
1047 4226 1164 4285 lenibus
1186 4212 1249 4293 litii

144 4328 275 4406 Scaliger
295 4329 359 4390 coll.
374 4329 434 4390 Cat.
450 4350 473 4389 c.
490 4328 532 4389 69
556 4332 672 4390 lenilnts
690 4335 781 4405 liquis
796 4329 894 4406 tacito
914 4334 1059 4407 calescet,
1078 4330 1152 4392 Plio.
1164 4310 1249 4388 XXXVI

147 4431 208 4494 193
227 4437 342 4496 troilum·
361 4446 459 4497 irritem
480 4439 637 4511 aridisque
655 4441 745 4512 lienis
763 4441 913 4513 coquitur.
946 4436 1123 4519 sedremnu
1140 4421 1248 4513 estqlt1
