2874 4994
409 334 458 388 DE
477 333 566 389 AGRI
587 333 760 389 CVLTVRA
778 334 920 389 LIBRVM
940 332 1045 390 0141
1235 326 1295 388 147

143 493 338 568 interpretes.
389 493 548 551 nominare
581 497 662 550 aetat
694 499 820 551 matram
849 508 946 565 ueqrte
973 507 1086 564 apuam
1114 492 1297 564 vitulumque

138 595 267 657 dederat
291 594 412 656 Merula.
453 599 613 657 nominare
636 604 738 657 uetant
757 604 879 672 partem
902 613 967 674 sqq.
991 596 1119 656 coniecit
1143 594 1295 655 Gesnerus

138 701 197 763 bae
218 703 319 764 addita
337 704 593 783 interpretatione,
613 712 713 782 partes
732 704 881 783 sacrificii,
900 720 1024 782 porcum
1039 720 1148 780 agnum
1163 702 1296 782 vitulum,

141 809 317 889 singulatim
341 812 495 871 nominare
519 813 549 871 in
573 813 639 889 ipso
663 812 809 872 sacrificio
834 812 876 870 ias
900 828 960 870 non
984 828 1058 889 esse,
1083 809 1173 870 licere
1197 817 1296 870 autem

137 925 218 996 tum,
232 935 301 977 cum
316 917 416 996 aliquo
431 917 538 978 horum
554 917 670 978 litatum
685 936 745 977 non
760 920 806 978 sit.
821 920 981 979 nominare
996 923 1077 978 aetas
1092 925 1219 978 matrem
1230 935 1294 996 sqq.

138 1023 310 1085 Pontedera
334 1043 362 1103 p.
383 1021 435 1104 76,
458 1028 618 1086 nominare
641 1032 724 1086 aetas
747 1024 792 1085 vel
816 1032 919 1086 vetant
938 1043 1067 1102 porcum
1089 1043 1153 1104 sqq.
1173 1023 1295 1084 Scbnei·

137 1132 245 1195 derue.
295 1150 355 1193 non
388 1134 481 1210 magis
512 1131 633 1211 probari
660 1133 773 1210 poterit
800 1132 879 1211 quod
908 1130 1077 1192 Luebberto
1107 1140 1295 1191 commentat.
1321 1162 1327 1172 ·

137 1240 276 1318 pontitic.
300 1257 328 1317 p.
352 1235 372 1299 8
396 1239 492 1298 visum
516 1248 574 1318 est,
604 1237 704 1298 verbis
727 1242 886 1300 nominare
909 1245 990 1299 uetat
1014 1239 1147 1299 Martem
1170 1238 1296 1298 indicari

138 1347 236 1407 ritum
260 1344 475 1406 sacrificiorum
500 1364 535 1406 ex
560 1346 733 1424 pontificum
758 1344 841 1405 libris
866 1344 1024 1406 ritualibus
1048 1364 1064 1405 a
1088 1344 1198 1406 Catone
1222 1347 1295 1424 peti·

143 1460 211 1513 tum
236 1470 311 1513 esse.

235 1558 273 1619 Si
299 1561 416 1620 minus
439 1561 474 1619 in
498 1561 611 1619 omnis
635 1557 758 1619 litabit
782 1561 834 1620 sic
858 1558 968 1619 uerba
992 1561 1179 1638 concipite
1202 1577 1295 1620 mars

139 1675 248 1745 pater
272 1664 391 1744 siquid
416 1663 484 1725 tibi
507 1666 544 1726 in
568 1665 709 1727 illisces
734 1663 1027 1727 uouitaurilibus
1051 1664 1213 1727 lentibus
1236 1685 1296 1727 ue·

139 1792 212 1853 que
241 1775 332 1834 satis
360 1773 493 1834 iactum
521 1781 577 1834 est
604 1783 638 1834 te
666 1773 787 1834 hisces
815 1772 1105 1834 uouitaurilibus
1139 1771 1296 1854 piaculo]

139 1881 178 1942 Si
194 1883 298 1942 minus
316 1883 347 1940 iu
366 1883 462 1940 omna
480 1883 591 1955 litabis,
609 1883 654 1941 sic
673 1882 767 1941 uerba
786 1883 946 1956 concipite,
967 1881 1056 1941 Mars
1071 1888 1172 1959 pater,
1194 1883 1298 1956 siquid

137 1990 199 2050 tibi
229 1991 327 2050 illisce
353 1989 575 2049 solitaurilibus
603 1988 786 2048 lactentibus
814 2004 911 2061 neque
939 1984 1131 2061 satisfactum
1159 1995 1215 2060 est,
1248 1988 1296 2047 bis

136 2096 364 2157 solitaurilibus
378 2097 503 2170 piaculo
523 2092 644 2154 Merula.
680 2095 783 2168 siquid
800 2093 857 2153 tibi
874 2095 905 2152 ia
926 2095 1036 2153 illisces
1055 2095 1292 2154 uouitaurilibus

137 2203 274 2264 lentibus
303 2200 359 2261 luit
386 2203 416 2261 in
444 2200 618 2281 archetypo:
647 2201 897 2280 praepositionem
926 2202 970 2273 in,
1000 2217 1075 2278 quae
1103 2201 1133 2258 in
1158 2201 1294 2278 principe

138 2310 275 2369 editione
298 2309 406 2368 omissa
432 2325 528 2387 neque
552 2306 733 2368 aPolitiano
757 2325 792 2366 ex
817 2304 920 2366 codice
945 2305 1082 2365 adnotata
1105 2314 1160 2385 est,
1184 2305 1295 2366 babent

138 2414 313 2495 apographa
336 2423 368 2474 et
390 2413 469 2475 edita
492 2413 561 2474 inde
586 2413 622 2473 ab
645 2414 750 2474 Aldina
774 2411 903 2472 editione
928 2411 1114 2490 exemplaria.
1151 2416 1179 2473 si
1196 2416 1295 2473 miuus

138 2525 173 2582 iu
198 2523 296 2582 omnis
318 2522 419 2582 litabit
436 2523 467 2582 in
487 2520 630 2600 exemplis
650 2520 879 2600 praepositionis
898 2522 930 2579 ia
948 2535 1017 2579 cum
1036 2521 1204 2580 accusativo
1224 2539 1294 2580 casu

138 2630 322 2689 coniunctae
350 2629 438 2706 posui
465 2645 490 2688 c.
514 2625 615 2708 39,1.
661 2643 839 2706 quamquam
868 2627 893 2684 si
922 2624 1072 2703 vulgarem
1096 2624 1178 2686 verbi
1202 2629 1295 2689 litare

140 2753 233 2797 risum
257 2736 419 2815 sequimur,
443 2736 543 2813 potius
568 2732 760 2794 scribendum
784 2741 849 2792 erat
866 2734 895 2791 si
912 2734 1010 2791 miuus
1029 2734 1166 2793 omuibus
1185 2735 1293 2793 litabit.

141 2861 213 2903 nam
236 2843 333 2921 isqui
353 2840 572 2921 immolavit,·si
591 2839 729 2901 omnibus
750 2838 855 2900 bestiis
874 2837 1020 2917 postulata
1041 2856 1099 2898 non
1115 2838 1294 2918 impetrabit,

138 2951 254 3011 iterum
277 2948 366 3009 verba
390 2950 548 3028 concipere
572 2947 703 3009 iubetur.
750 2944 857 3006 deinde
881 2963 983 3005 verum
1008 2963 1073 3005 esse
1097 2954 1183 3026 puto,
1213 2946 1292 3025 quod

140 3055 259 3117 blerula
282 3055 418 3137 dederat,
441 3063 475 3116 ut
499 3053 594 3115 deleta
619 3054 838 3133 praepositione
862 3056 908 3133 iu,
936 3070 1011 3131 quae
1035 3053 1065 3111 in
1090 3050 1144 3112 hac
1169 3052 1294 3113 formula

140 3163 245 3224 locum
264 3162 374 3223 habere
395 3181 453 3223 non
473 3162 599 3240 videtur,
619 3159 768 3220 scribatur
786 3162 890 3235 siquid
907 3161 963 3219 tibi
978 3162 1073 3218 illisce
1086 3162 1292 3220 suauitaurili·
1325 3215 1327 3218 ,

141 3272 202 3332 bus
225 3272 406 3331 lactentibus
428 3287 526 3344 neque
549 3267 742 3344 satisfactum
765 3274 816 3328 est.
855 3284 921 3326 nam
945 3283 1042 3340 neque
1065 3266 1095 3324 in
1115 3275 1215 3325 vetere
1236 3266 1293 3327 lor-

140 3377 223 3438 mula
248 3395 302 3456 pro
325 3394 386 3439 uon
409 3377 539 3455 positum
564 3383 618 3436 est.

236 3483 273 3544 Si
296 3502 365 3545 nno
389 3482 575 3545 duobusne
594 3481 778 3543 dubitauit
797 3482 851 3541 sic
870 3477 978 3540 uerba
997 3479 1180 3558 concipite
1200 3497 1294 3541 mars

139 3599 248 3672 pater
280 3590 371 3670 quod
401 3589 468 3652 tibi
496 3589 582 3652 illuc
611 3608 720 3669 porco
749 3586 891 3667 piaculo
921 3604 1036 3665 neque
1064 3586 1292 3647 satisfactum

139 3707 199 3760 est
229 3707 261 3759 te
288 3698 354 3758 hoc
377 3715 487 3777 porco
510 3695 666 3777 piaculo]
692 3697 887 3756 Dubitauerit
909 3702 939 3755 et
961 3697 1006 3754 sic
1029 3692 1150 3773 Merula,
1173 3696 1291 3755 dubita·

141 3809 225 3868 ueris
247 3808 294 3866 sic
316 3803 478 3886 iucundus,
505 3806 692 3866 dubitauerit
713 3806 759 3864 sic
784 3801 940 3863 Victorius.
987 3808 1017 3860 et
1040 3803 1152 3861 rectius
1176 3800 1218 3861 illi
1240 3801 1292 3862 Ca·

142 3914 223 3974 tonis
247 3929 415 3973 sermonem
439 3919 640 3990 cognoverant
662 3928 751 3989 quam
776 3907 990 3986 SchneideruS,
1014 3909 1065 3984 qui
1089 3915 1120 3967 et
1144 3911 1293 3970 dubitauit

142 4039 178 4080 ex
202 4019 306 4081 codiee
330 4018 469 4080 Politiani
491 4017 712 4079 restituendum
736 4026 766 4077 et
790 4033 880 4094 supra
903 4016 1001 4075 litavit
1023 4030 1078 4091 pro
1102 4015 1201 4073 litabit
1220 4018 1292 4075 scri·

144 4125 274 4188 mudum
300 4144 367 4188 esse
390 4124 585 4187 existimabat.
632 4143 699 4185 nam
724 4141 793 4185 cum
817 4121 976 4183 indicativo
1000 4120 1126 4200 perlecti
1149 4124 1292 4200 temporis

145 4236 171 4294 si
192 4235 223 4294 in
247 4232 305 4295 boc
328 4233 448 4295 Catonis
472 4231 548 4293 libro
572 4233 692 4293 omuino
716 4231 830 4292 dictum
853 4247 912 4290 non
937 4237 995 4307 est,
1020 4228 1070 4288 sed
1096 4245 1163 4288 cum
1189 4229 1290 4289 tuturo

150 4349 273 4421 utroque
297 4342 479 4420 saepissime.
525 4340 636 4401 diversi
659 4348 758 4399 autem
782 4338 902 4416 generis
926 4344 997 4395 sunt
1020 4334 1101 4415 baec,
1127 4336 1158 4395 in
1182 4335 1291 4415 quibus

152 4463 214 4508 cum
230 4448 367 4529 perlecto
386 4454 519 4528 tempore
537 4448 647 4527 passivi
665 4447 796 4526 positum
815 4452 870 4526 est,
888 4450 1008 4523 praeter
1027 4441 1183 4503 formulam
1201 4461 1291 4523 supra

1025 4542 1078 4596 10·
