2874 4994
555 341 764 395 PRAEFATIO
1184 341 1237 395 VII

130 490 288 556 dicendi
313 495 536 556 observaveram
561 498 684 575 exposui
709 504 739 555 et
762 504 834 577 tum,
854 514 920 556 cum
946 515 1021 573 opus
1045 504 1117 575 erat,
1136 513 1234 555 exem·

136 600 327 682 adscriptis
351 602 550 681 comprobavi.
588 605 617 662 in
642 622 700 682 quo
725 603 759 662 ad
785 602 855 663 iilud
877 603 955 682 qnod
976 603 1126 682 agebatur,
1146 612 1179 662 ut
1198 602 1234 661 de

120 710 208 767 tate
242 720 380 789 receptae
410 710 545 771 iectionis
574 718 737 784 constaret,
760 710 937 790 pierumque
965 730 998 771 ea
1028 728 1102 788 quae
1131 712 1160 768 in
1191 709 1237 768 bis

120 824 142 866 s
173 812 270 877 libris
293 821 410 877 inventa
435 827 519 877 erant
543 818 699 877 adnotasse
724 817 897 878 sufficiebat.

170 919 238 983 Res
269 943 283 984 a
310 921 440 983 Varrone
470 932 608 984 tractatas
636 927 715 985 omni
746 943 781 984 ex
810 933 893 1003 parte
922 923 1069 1003 explicare
1099 933 1128 983 et
1156 941 1235 982 com·

120 1028 204 1088 ratis
226 1033 262 1091 iis
285 1049 361 1110 quae
386 1029 422 1090 de
454 1030 557 1090 iisdem
588 1029 678 1090 rebus
705 1029 741 1088 ab
770 1030 835 1090 aliis
863 1029 1059 1108 scriptoribus
1088 1030 1235 1108 disputata

122 1135 159 1188 ῠῑ
188 1136 334 1197 iilustrare
358 1137 477 1217 longum
502 1149 533 1196 et
555 1136 591 1196 ab
615 1137 704 1197 buius
727 1138 866 1197 editionis
886 1140 999 1197 ratione
1019 1137 1145 1196 alienum
1170 1137 1235 1196 init.

120 1231 133 1292 d
168 1243 317 1324 nonnulla,
336 1263 413 1324 qnae
438 1247 563 1304 maxime
589 1243 788 1303 memorabilia
807 1251 900 1323 crant,
920 1263 954 1303 ex
979 1242 1035 1302 boc
1059 1261 1167 1323 genere
1188 1243 1236 1302 ad-

120 1349 193 1410 *tavi
214 1361 242 1412 et
265 1370 341 1430 quae
367 1350 410 1411 vel
435 1360 557 1430 propter
582 1337 757 1410 brevitatem
779 1351 924 1429 quandam
948 1350 1065 1410 dicendi
1089 1358 1119 1409 et
1142 1368 1236 1427 genus

120 1460 268 1518 *curionis
292 1457 418 1517 obscura
439 1467 523 1518 erant
543 1456 588 1517 rei
608 1467 730 1536 propter
749 1457 969 1536 ambiguitatem
990 1457 1125 1517 lectionis
1145 1459 1235 1516 inter·

120 1567 257 1625 statione
281 1564 407 1642 egebant
431 1564 581 1640 explicavi.
619 1565 721 1624 codem
751 1567 902 1644 pertinent
925 1583 958 1624 ea
983 1582 1057 1643 quae
1089 1563 1238 1623 nonnanis

122 1666 163 1728 is
183 1691 215 1731 ex
231 1674 267 1731 iis
282 1671 487 1752 scriptoribus,
503 1674 553 1751 qui
570 1681 671 1750 postea
682 1670 821 1731 Varronis
836 1671 927 1731 libros
946 1680 1176 1751 usurpaverunt,
1193 1669 1237 1728 rel

139 1778 380 1858 antiquioribus
401 1797 475 1858 quos
499 1780 561 1857 ipse
587 1787 724 1838 auctores
748 1788 869 1839 secutus
894 1788 967 1859 erat,
990 1778 1137 1857 adscripta
1157 1785 1236 1837 sunt.

185 1884 307 1945 Maxima
338 1904 406 1964 pars
435 1886 688 1963 emendationum,
712 1885 748 1944 de
777 1884 886 1964 quibus
915 1885 1096 1963 disputatum
1125 1892 1184 1965 est,
1208 1886 1238 1943 iu

120 2008 238 2051 aorem
263 1992 423 2053 editionem
447 2001 565 2070 recepta
590 2002 661 2052 erat.
700 2012 734 2051 ex
764 1991 818 2052 bac
848 2010 885 2052 ne
910 1992 978 2071 qtrid
1010 1991 1238 2069 desideraretur,

120 2117 177 2158 ac
200 2101 227 2159 in
251 2103 464 2160 commentario
488 2098 702 2160 conscribendo
726 2117 846 2178 operam
870 2099 937 2158 dedi
963 2107 1010 2177 ut,
1034 2116 1237 2178 quaecumque

130 2208 314 2283 posteriore
338 2206 467 2267 editione
487 2206 572 2266 aliter
595 2214 684 2284 atque
704 2205 774 2265 oiim
799 2206 828 2264 in
853 2207 951 2284 priore
972 2223 1110 2284 expressa
1130 2215 1239 2286 essent,

120 2322 303 2373 reterentur
327 2313 414 2372 etad
444 2323 599 2392 utramque
629 2312 788 2372 editionem
818 2314 1048 2372 commentarius
1075 2329 1238 2371 accommo-

120 2428 225 2480 ·etur.

188 2560 298 2641 Scripsi
322 2561 402 2623 Halis
422 2562 571 2623 Saxonum
597 2580 697 2623 mense
717 2562 852 2623 ianuario
877 2580 900 2622 a.
920 2559 1194 2621 uncnnnxxxxt
