2874 4994
218 320 239 382 4
559 326 748 382 ΟΟΜΜΕΝΤ.
768 327 808 380 IN
826 326 1016 381 VARRONIS

306 481 337 543 C.
357 479 397 542 27
432 480 477 540 lie
497 481 585 541 solis
604 500 712 543 curso
727 481 952 561 indescripto
967 483 1001 541 in
1017 491 1138 561 partes
1156 484 1242 542 anni
1261 500 1344 562 qua
1359 502 1389 553 ι
1411 528 1421 538 .

219 599 300 650 tuor
319 598 353 650 et
376 598 455 648 octo
480 598 513 648 et
537 589 577 648 de
602 591 653 649 eis
673 607 812 667 quaque
831 590 985 667 partein
1005 606 1089 666 agro
1109 587 1242 649 debeat
1261 589 1374 658 lieri
1396 594 1417 675 ]

221 699 318 758 Cursu
347 699 492 773 discripto
521 706 550 755 et
578 699 616 757 de
639 700 682 757 eis
709 715 788 771 quae
815 714 936 771 quaque
958 703 1050 772 parte
1073 699 1104 756 in
1132 713 1212 772 aare
1235 697 1412 763 debeant

214 807 288 877 fieri
314 805 428 882 scripsi.
467 807 543 863 anni
570 807 711 881 discripti
736 806 766 863 in
796 805 931 882 sequenti
960 802 1088 882 capitolo
1118 802 1227 865 babent
1254 807 1408 883 optima

216 909 390 990 apographa.

306 1033 336 1095 C.
356 1032 397 1096 37
431 1033 476 1094 lie
501 1035 613 1095 altera
638 1045 834 1115 temporum
859 1035 1042 1096 diuisione
1066 1036 1263 1096 coniuncta
1283 1048 1407 1098 our-2

217 1142 292 1202 sole
317 1151 352 1202 et
374 1141 456 1201 luna
475 1152 510 1202 et
529 1141 697 1203 habentis
715 1161 776 1202 sex
795 1141 934 1221 partes]
953 1143 1092 1203 Habente
1113 1160 1170 1202 sex
1185 1150 1410 1219 certesies-i

214 1252 334 1325 gradus
353 1248 506 1330 Angelius,
534 1251 585 1328 qui
613 1252 726 1329 primus
750 1249 869 1310 titulum
894 1251 924 1309 in
948 1248 1167 1328 antiquioribus
1191 1249 1356 1330 exemplari·
1407 1277 1414 1289 ·

216 1355 272 1416 bus
296 1358 437 1415 omissum
462 1375 495 1415 cx
521 1355 672 1417 codicibus
695 1356 813 1417 addidit.

306 1479 336 1541 C.
355 1477 397 1542 39
431 1479 609 1551 Quattuor
643 1499 721 1541 esse
754 1499 884 1561 genera
911 1483 1084 1541 seminum
1112 1491 1147 1542 et
1175 1499 1263 1560 quac
1289 1499 1425 1561 quor

218 1597 378 1666 tempore
401 1585 480 1646 loco
505 1595 543 1648 ut
562 1586 717 1648 debeant
740 1586 832 1666 seri]
856 1589 896 1649 Et
913 1607 994 1663 quoe
1011 1605 1070 1663 quo
1090 1596 1224 1665 tempore
1245 1596 1273 1649 et
1290 1590 1427 1650 locu-o

218 1695 348 1755 debeant
374 1696 439 1754 seri
459 1692 584 1774 Merula,
615 1703 644 1755 et
670 1714 750 1770 quoe
777 1712 896 1770 quoque
923 1705 1056 1772 tempore
1082 1699 1209 1770 locoque
1235 1695 1429 1756 nomme

216 1804 280 1861 seri
306 1802 420 1879 scripsi.
456 1804 547 1880 petita
575 1803 654 1861 enim
684 1801 757 1861 haec
786 1811 857 1862 sunt
879 1820 914 1862 ex
939 1820 964 1862 c.
983 1798 1026 1864 39
1051 1804 1088 1863 de
1114 1804 1244 1877 singulis
1268 1801 1425 1863 reto-s

216 1910 387 1988 videndum,
410 1926 489 1982 quoe
511 1926 630 1983 quoque
653 1916 785 1986 tempore
807 1913 933 1985 locoque
952 1908 1064 1984 facias.

306 2030 336 2092 C.
355 2028 399 2092 42
424 2033 469 2093 De
489 2036 597 2094 melico
612 2032 774 2093 Politianus
792 2043 822 2093 et
841 2032 1017 2114 apographa,
1036 2035 1074 2094 de
1092 2034 1212 2095 medica
1229 2052 1263 2094 cx
1278 2029 1325 2094 cl
1400 2031 1416 2093 2

215 2139 365 2219 Angelius,
389 2142 426 2200 de
445 2140 558 2200 Medico
580 2159 634 2201 seu
658 2140 782 2201 Medico
806 2140 896 2200 editio
918 2138 1157 2201 Commeliniana.

305 2262 335 2324 C.
351 2260 460 2324 6263
485 2263 751 2342 Depromcndis
770 2263 937 2343 frugibus
952 2264 1207 2325 tuendicausa.
1235 2263 1406 2336 Queat·

216 2370 401 2431 admodum
438 2371 656 2431 frumentum
689 2371 920 2451 promendum
953 2369 1018 2448 sit]
1051 2371 1144 2431 Prava
1172 2371 1400 2431 distinctione

215 2477 287 2538 baec
311 2485 452 2556 corrupta
476 2495 542 2538 esse
566 2497 602 2538 ex
625 2480 661 2538 iis
686 2496 760 2556 quae
784 2497 809 2539 c.
829 2475 871 2539 62
891 2486 921 2538 et
941 2474 984 2540 63
1008 2480 1118 2556 scripta
1138 2487 1208 2539 suut
1230 2494 1342 2557 appare
1362 2477 1401 2526 ¹·

215 2587 316 2664 itaque
340 2586 383 2644 sic
406 2585 506 2664 potios
530 2584 589 2643 duo
613 2584 738 2664 capitula
762 2583 970 2663 distinguenda
994 2593 1092 2664 erant,
1120 2575 1399 2661 depromendis

212 2689 365 2767 frugibus.
388 2691 505 2751 licendi
518 2709 614 2752 conso
628 2709 715 2767 qoem
725 2693 896 2753 admodum
905 2689 1293 2767 frumentumpromendnm
1303 2687 1353 2750 cf
1349 2684 1399 2741 1·

307 3116 362 3177 11
401 3118 526 3178 Potius
558 3137 673 3178 essem
706 3127 926 3179 consecutus
960 3117 1148 3196 fundania]
1187 3120 1224 3180 Si
1258 3121 1362 3181 ocium

217 3241 309 3285 essem
342 3234 521 3286 consecutus
551 3223 706 3301 [credonio
738 3229 767 3287 in
801 3228 933 3305 margine
966 3226 1077 3286 codicis
1112 3225 1277 3287 Florentini
1306 3224 1352 3286 ad·

216 3333 360 3410 scriptum
389 3342 434 3391 est
458 3350 545 3391 manu
574 3334 761 3412 correctoris,
794 3351 869 3412 quae
903 3331 973 3392 mihi
1007 3332 1075 3391 olim
1101 3330 1215 3393 Nicolai
1246 3331 1350 3394 Niccoli

216 3455 282 3496 esse
312 3440 369 3496 risa
395 3446 453 3517 est,
487 3439 586 3498 Otium
608 3441 637 3498 si
658 3456 752 3499 essem
775 3447 954 3501 coarctemus
977 3440 1142 3500 Fundanio
1166 3457 1202 3499 ex
1223 3438 1350 3501 Politiaui

214 3546 385 3603 coniectura
412 3546 441 3603 in
472 3543 603 3603 ardicam
629 3544 787 3605 editionem
817 3555 846 3605 et
869 3546 975 3605 deinde
1004 3548 1034 3605 in
1059 3545 1189 3624 reliquas
1214 3546 1351 3609 editiones

215 3660 369 3729 receptum
392 3659 446 3711 esi.

303 3776 422 3834 Annus
451 3777 542 3834 enim
571 3779 816 3856 octogesimus
849 3777 1016 3837 admonet
1045 3774 1114 3854 me]
1148 3778 1257 3841 Annus
1284 3783 1356 3842 enim

114 3880 121 3893 ‘
214 3881 325 3942 XXCI
346 3880 471 3942 Ursinus
496 3880 560 3944 coll.
584 3881 657 3943 Plin.
677 3882 768 3943 XVlll
792 3881 834 3946 23
858 3887 1040 3944 nominando
1061 3884 1102 3944 M.
1129 3885 1283 3961 Varrone,
1309 3890 1359 3965 qni

213 3993 425 4064 octocesimum
444 3993 577 4066 perimam
597 4007 711 4049 annum
730 4009 825 4065 uaeas
849 3993 887 4050 de
910 4009 947 4051 eo
969 4010 1004 4051 re
1024 3993 1218 4067 prodendum
1232 3998 1360 4070 putarit

213 4114 272 4156 non
296 4115 428 4175 pugnare
452 4096 524 4156 baec
548 4115 615 4156 com
639 4099 675 4156 iis
699 4115 774 4175 quae
794 4097 830 4156 de
849 4114 880 4156 sc
901 4098 964 4176 ipsc
984 4095 1075 4156 Varro
1098 4099 1221 4177 scripsit
1239 4098 1361 4163 Schnei-

213 4203 303 4262 derns
327 4202 363 4261 de
386 4204 435 4263 vit.
455 4202 534 4263 Varr.
556 4222 582 4282 p.
602 4200 666 4264 229
691 4205 848 4265 adnotavit.

302 4321 323 4384 2
351 4323 457 4395 Quem
478 4325 566 4387 bene
586 4326 736 4387 colendo
756 4329 984 4389 fructuosum
1003 4347 1079 4389 cum
1104 4329 1228 4391 lacere
1246 4332 1363 4414 nelis]

216 4432 290 4490 Eum
302 4430 411 4506 farere
425 4451 452 4492 m
473 4443 500 4494 ct
521 4443 675 4494 corrector
691 4433 853 4496 Florentini
871 4436 991 4514 codicis,
1010 4437 1089 4515 quod
1107 4435 1218 4499 Merula
1237 4443 1365 4521 recepit
