2874 4994
415 336 463 390 DE
481 335 571 391 AGRI
590 335 761 392 CVLTVRA
780 336 920 391 nissltvu
940 336 969 391 C.
991 336 1006 392 1
1263 326 1283 390 9

139 493 207 574 siet,
222 492 263 553 sle
282 491 347 553 loco
366 501 465 553 autem
478 491 592 570 praedii
607 491 719 554 dietum
737 500 800 553 erat
814 510 912 575 supra,
930 496 959 553 si
968 494 1092 568 poteris,
1110 494 1165 552 suh
1180 494 1288 553 radice

141 603 252 661 moretis
274 603 331 661 siet
354 618 417 678 sqq.
455 601 541 660 ouius
565 598 644 660 modi
663 601 857 679 repetitiones
875 618 890 659 a
910 599 1019 659 Catone
1039 601 1159 660 minime
1178 599 1287 659 alienas

141 726 209 767 esse
241 706 326 767 lneile
353 706 518 789 intelleget,
550 708 729 788 quicumque
758 706 845 786 paulo
873 706 1044 786 diligentius
1072 707 1151 768 huno
1179 706 1288 768 librum

141 814 257 894 legerit.

233 920 254 983 6
286 922 384 983 Scito
412 923 505 982 idern
532 941 653 1001 agrurn
679 922 770 1002 quod
794 923 972 983 hominem
996 925 1159 1002 ‹quianruis
1183 937 1310 1001 quae·

142 1041 293 1091 stuosus
326 1032 397 1090 siet
426 1032 457 1089 si
484 1038 717 1109 sumptuosus
745 1033 816 1091 erit
842 1030 1002 1109 relinqui
1031 1049 1097 1090 nou
1126 1028 1287 1105 inulturnl

143 1139 332 1213 Relinquere
363 1136 488 1218 Merula,
521 1141 655 1214 relinqui
686 1156 720 1198 ox
754 1156 842 1198 nionu
875 1140 995 1216 seriptis
1026 1136 1111 1198 libris
1139 1136 1289 1197 ineundus

141 1247 286 1306 restituit.
330 1248 407 1306 seito
430 1249 532 1307 itidem
556 1247 640 1318 (item
659 1245 874 1320 Soliueirlerus)
898 1264 1008 1322 apritrn
1031 1253 1064 1306 nt
1084 1248 1232 1306 nominem
1246 1275 1289 1286 —

141 1355 321 1427 relinquere
355 1369 415 1413 non
453 1354 577 1412 multum
613 1351 764 1413 Gesnerus
800 1361 831 1413 et
862 1352 1063 1413 Schneiderus
1100 1349 1288 1411 scribendum

141 1460 351 1536 coniecerunt,
384 1474 442 1518 nou
475 1457 624 1519 intellecta
656 1458 799 1520 brevitate
827 1462 981 1520 sermonis.
1032 1478 1098 1520 narn
1127 1434 1288 1537 prorfinen

143 1569 224 1626 idern
252 1584 312 1625 non
335 1564 434 1626 addito
457 1565 548 1625 verbo
571 1566 684 1626 dietum
708 1575 767 1647 est,
794 1569 869 1627 seito
893 1567 971 1627 itlenr
995 1585 1060 1627 esse
1084 1584 1187 1644 agrum
1211 1563 1289 1643 quod

141 1672 296 1734 hominem
315 1672 361 1733 vel
379 1673 502 1733 eandem
521 1691 587 1733 esse
606 1675 670 1752 agri
688 1680 777 1754 atque
795 1673 923 1734 hominis
942 1673 1156 1754 condicionem,
1179 1681 1213 1732 ut
1231 1690 1290 1732 non

141 1779 274 1841 mirltum
297 1779 491 1859 relinquatur.
532 1799 599 1842 eum
623 1783 789 1843 accusativo
814 1800 884 1843 casu
907 1783 1035 1842 nominis
1059 1784 1137 1842 idern
1160 1781 1289 1859 positum

143 1897 192 1949 est
214 1885 265 1969 18,
281 1885 299 1948 'l
325 1890 403 1948 idem
424 1890 553 1949 alterum
572 1891 691 1949 corium
706 1887 804 1965 saeito
823 1898 853 1949 et
871 1886 959 1969 40,3
979 1891 1057 1949 idem
1076 1893 1205 1950 aiterum
1223 1906 1289 1947 sar-

143 1999 262 2070 culum,
290 1997 425 2075 tertium,
452 2002 596 2070 quartum
617 1994 723 2069 facito.
749 2028 787 2039 -
813 1992 1054 2057 Plinxv11128
1080 1999 1183 2071 itaquo
1209 1996 1291 2073 Cato,

143 2105 183 2163 eie
212 2105 290 2163 bono
319 2104 439 2163 domino
466 2105 571 2163 melius
594 2106 654 2164 emi
675 2121 731 2165 aee
755 2112 867 2164 temne
890 2105 1138 2164 contemnendam
1161 2105 1291 2162 alienam

144 2213 341 2287 disciplinam
360 2228 496 2286 aqroque
515 2217 549 2271 ut
566 2213 687 2284 nomini,
711 2214 847 2286 quamvis
865 2218 1063 2286 quaestuosus
1081 2212 1128 2288 sit,
1146 2212 1174 2269 si
1191 2217 1290 2268 tamen

144 2326 174 2378 et
197 2326 402 2395 sumptuosus,
426 2335 487 2378 non
510 2322 634 2379 muttum
656 2336 822 2394 superesse.
1012 2302 1024 2314 ’

237 2424 297 2486 Sic
325 2425 437 2485 tlioam
465 2425 506 2485 tle
529 2424 693 2485 omnibus
717 2427 814 2504 agris
837 2427 1042 2504 optimoque
1067 2423 1144 2484 loeo
1168 2425 1291 2500 iugera

145 2535 224 2612 egri
254 2539 396 2593 centum
423 2534 528 2593 uinea
556 2541 610 2594 est
638 2535 751 2612 prinis
776 2533 831 2592 uel
855 2534 991 2593 sinino
1015 2530 1125 2593 multo
1149 2529 1216 2607 est]
1241 2532 1294 2591 Sia

145 2644 251 2702 dicam
274 2643 312 2701 de
334 2640 471 2701 omnibus
493 2643 589 2716 apris.
625 2644 735 2717 optimo
756 2644 821 2701 loeo
840 2644 928 2702 emito
947 2643 1057 2715 iupera
1075 2646 1194 2700 centnm
1213 2641 1291 2712 apri.

147 2751 238 2808 uinea
261 2755 307 2809 est
324 2750 436 2825 prima,
459 2751 577 2808 sinino
600 2750 691 2808 multo
714 2757 759 2809 est
781 2746 902 2828 Merula,
924 2751 970 2808 sie
993 2750 1102 2808 eliaam.
1140 2748 1178 2807 ete
1201 2749 1292 2805 omni·

147 2857 205 2915 bars
227 2858 314 2929 apris
333 2858 502 2932 optimoque
519 2858 585 2916 loeo
602 2858 631 2914 si
648 2857 757 2916 emeris
776 2857 885 2930 iuqera
904 2858 975 2930 apri
992 2862 1120 2928 eentum,
1144 2856 1232 2913 vinea
1251 2861 1295 2913 est

144 2963 263 3039 primo,
291 2964 320 3021 si
345 2964 413 3022 vino
436 2964 528 3022 multo
550 2963 609 3022 siet
631 2960 791 3021 lueuntlns.
838 2960 880 3020 ibi
902 2959 1028 3020 Ursinus
1051 2963 1079 3020 si
1101 2961 1176 3020 bono
1200 2963 1247 3019 rel
1268 2961 1296 3019 si

146 3071 217 3128 nino
240 3071 332 3129 multo
353 3071 410 3128 siet
433 3067 624 3129 scribendum
647 3071 824 3148 coniecerat,
847 3071 875 3128 si
897 3070 965 3127 nino
987 3069 1063 3128 bono
1082 3073 1111 3127 et
1130 3069 1220 3126 multo
1238 3069 1295 3127 siet

146 3173 314 3235 Pontedera
338 3193 365 3252 p.
384 3171 428 3236 29
452 3173 517 3235 coll.
541 3174 623 3235 Varr.
647 3193 670 3236 r.
694 3194 717 3235 r.
742 3175 753 3234 l
779 3171 847 3254 l‚9
871 3176 966 3254 Siata,
992 3175 1068 3235 Cato.
1089 3176 1222 3253 quidem,
1251 3176 1293 3234 in·

147 3284 223 3357 quit,
244 3283 401 3356 praelatim
420 3300 615 3359 praeponens
638 3286 731 3344 olium
755 3284 816 3342 alio
839 3297 948 3356 aprum
967 3283 1119 3340 meliorem
1139 3283 1214 3341 dicit
1232 3299 1296 3341 esse

148 3393 180 3449 in
204 3405 309 3450 norem
332 3391 568 3463 discriminibus,
592 3392 674 3465 quod
694 3393 734 3449 sit
753 3391 872 3466 primus
895 3389 949 3447 nbi
970 3390 1077 3448 uineae
1096 3391 1213 3464 possint
1232 3406 1296 3448 esse

148 3498 228 3557 bono
256 3498 325 3557 rino
352 3504 383 3556 et
409 3500 515 3578 mullo,
542 3498 693 3557 securiores
721 3498 774 3557 uhi
800 3497 906 3557 ltortus
931 3498 1084 3575 inripaus,
1112 3499 1220 3555 tertius
1244 3496 1297 3555 ahi

151 3607 273 3676 salicta,
301 3610 429 3678 quartus
462 3586 517 3663 ubi
545 3604 668 3683 oliveta,
699 3606 822 3677 quintus
849 3604 903 3662 nbi
924 3610 1048 3679 protam
1071 3619 1135 3680 sqq.
1176 3600 1245 3661 hinc
1268 3605 1297 3662 si

152 3713 219 3773 uino
244 3711 320 3771 bono
343 3714 391 3771 ael
410 3713 440 3770 si
461 3711 530 3770 aino
553 3712 644 3770 multo
667 3715 711 3769 est
734 3710 850 3787 scripsi.

241 3816 403 3878 Secundo
432 3817 510 3877 loco
538 3816 663 3876 hortus
692 3816 870 3894 inriguus]
900 3815 973 3876 Plio.
998 3813 1149 3876 xv11129
1179 3818 1234 3877 Ille
1263 3819 1294 3876 in

146 3943 230 4002 apro
252 3928 547 4001 quaestuosissimam
570 3926 688 3986 iudicat
712 3927 808 4005 ritem,
831 3942 891 3985 non
909 3923 1040 3999 sinestra,
1063 3926 1205 3997 qnoniam
1225 3931 1296 3985 ante

147 4035 253 4095 omnia
277 4034 314 4093 de
336 4036 481 4110 inpensae
503 4036 625 4094 ratione
647 4035 736 4106 canit,
757 4032 899 4109 proxime
921 4033 1024 4091 itartos
1047 4033 1160 4110 ripnos,
1183 4049 1240 4090 nee
1264 4032 1297 4090 ia

142 4141 243 4223 sano,
265 4143 293 4200 si
314 4141 369 4200 sub
391 4142 592 4217 oppidosint.

240 4246 374 4318 Quarto
397 4243 544 4326 oletum]
565 4245 637 4311 Plin.
653 4246 716 4306 llVl
732 4244 795 4308 176
818 4246 950 4307 Tertium
968 4247 1065 4304 locum
1084 4247 1114 4305 ei
1132 4238 1244 4327 (salici)
1265 4247 1295 4305 in

147 4358 361 4418 aestimatione
382 4357 466 4416 ruris
488 4357 561 4416 Cato
580 4357 721 4415 attribuit
735 4359 930 4431 prioremque
948 4370 1039 4429 quom
1059 4356 1173 4414 olivetis
1192 4370 1294 4428 qnam-

149 4483 210 4543 que
230 4463 386 4542 frumento
409 4470 463 4523 aut
482 4465 590 4542 pratis.
