2874 4994
141 296 208 363 264
483 298 672 355 COMMENT.
691 298 731 354 IN
749 297 937 356 VARRONIS

139 460 283 539 fecerint,
301 475 458 534 moresque
476 473 582 518 eorum
601 458 733 517 monime
749 458 900 533 pernosci,
918 434 1064 532 qnoniom
1081 455 1158 516 oiioe
1171 458 1250 518 nelias

144 569 313 640 excuciant,
336 568 417 627 nlioe
445 565 540 643 editos
560 566 659 640 pullos
686 565 870 625 commodius
897 559 1035 625 educent.
1080 579 1191 642 geopon
1204 560 1250 624 llll

144 671 234 756 7,16
266 669 319 734 δεῖ
343 664 381 733 δὲ
409 660 606 733 ὑποτιθέναι
634 675 706 743 ταῖς
728 667 1003 751 προβεβηκνίαις,
1027 660 1069 733 οὗ
1091 675 1158 744 ταῖς
1175 660 1252 752 ἄκρα-

144 772 275 856 ζούσαις
297 773 351 841 καὶ
369 777 492 840 τίκτειν
511 770 721 859 δυναμέναις.
754 767 972 858 ιἰκμαιόταται
995 767 1061 859 γὰρ
1084 768 1162 854 πρὸς
1176 770 1251 864 alme

143 884 220 949 κίαν
244 880 329 948 εἰσὶν
353 883 390 949 αἱ
412 877 590 964 ἐνιαύσιαι,
610 879 751 964 μάλιστα
774 876 811 947 til
835 881 872 947 ni
893 881 1021 964 διετεῖς,
1040 882 1079 947 ni
1098 878 1135 948 δὲ
1153 878 1251 949 ταύταν

145 986 365 1075 πρεσβύτεραι
393 977 504 1073 ἦττον.
548 984 607 1065 τὰς
636 984 673 1054 δὲ
699 987 820 1074 κέντρα
847 984 986 1074 ἐχούσας
1018 982 1130 1074 ὄρνεις
1152 985 1252 1056 ἐοικότι

142 1107 212 1175 τοῖς
246 1098 314 1163 τῶν
352 1093 583 1181 ἀλεκτρυόνων
620 1092 787 1162 κωλυτέον
822 1092 996 1185 ἐπῳάζειν·
1037 1096 1179 1182 τρυπῶσι
1206 1091 1252 1182 γὰρ

142 1227 181 1268 τα
206 1199 266 1294 ᾠά.

234 1312 275 1376 10
307 1315 342 1376 Si
370 1333 433 1376 oua
461 1312 607 1394 gallinis
635 1316 815 1393 pauonina
846 1313 1008 1376 subicias
1038 1331 1116 1388 cum
1137 1313 1255 1376 iamde·

143 1440 216 1483 cem
249 1422 324 1483 dies
358 1420 551 1502 gallinacia
584 1422 864 1501 rouerepcoepit
896 1430 968 1482 turn
1002 1420 1155 1502 denique
1184 1421 1257 1484 sulti·

143 1546 225 1590 cere
258 1539 296 1590 ut
328 1548 393 1590 una
426 1528 580 1590 excudat
612 1527 817 1606 gallinaciis
850 1531 943 1589 enim
976 1527 1088 1609 pullis
1118 1527 1170 1590 bis
1198 1527 1258 1589 deni

144 1635 220 1696 dies
251 1654 339 1715 opus
370 1644 457 1698 sunt
486 1637 678 1715 pauouinis
709 1646 763 1697 ter
794 1634 939 1713 uoueni]
966 1637 1125 1698 anonino
1145 1639 1260 1698 sublicio

144 1751 174 1803 ct
193 1745 350 1804 emendent
371 1743 448 1804 edita
473 1742 579 1803 iudea
604 1744 738 1823 principe
762 1742 891 1804 editione
915 1742 1102 1823 exemplaria.
1139 1762 1201 1806 cnm
1217 1748 1261 1805 ιἰιι

144 1852 246 1911 decem
270 1853 334 1912 dies
354 1853 509 1927 pavonino
529 1848 636 1926 fouere
659 1854 847 1927 coepitium
870 1852 1000 1926 deniqne
1021 1854 1192 1927 pollinoceo
1212 1853 1263 1913 sol·

144 1960 239 2017 iicere
262 1954 413 2017 lucendus
442 1964 473 2018 et
500 1955 607 2016 deinde
636 1955 743 2035 reliqui
773 1956 911 2018 editores.
953 1961 1116 2035 pavoninis
1144 1966 1188 2020 ter
1211 1961 1265 2020 deni

144 2061 355 2124 Schneiderus.
389 2066 560 2140 pollionem
584 2065 615 2124 iu
639 2063 799 2143 archetypo
818 2063 914 2124 alieno
937 2062 1002 2124 loco
1027 2067 1171 2144 scriptum
1192 2066 1265 2127 luisse

144 2177 273 2249 apparet.
311 2168 367 2232 hoe
387 2174 567 2251 transposito
587 2172 694 2251 scripsi
712 2176 740 2232 si
757 2190 813 2233 ovo
830 2175 955 2247 pollinis
970 2176 1127 2248 pavonino
1145 2175 1266 2247 sunnine

145 2295 213 2338 cnm
237 2280 298 2337 inm
322 2280 424 2339 decern
448 2280 512 2339 dies
531 2276 638 2354 sonere
661 2283 850 2356 coepitium
874 2281 1004 2354 densique
1024 2283 1194 2355 pollinncio
1213 2282 1265 2342 sul

145 2388 235 2458 icere,
258 2390 291 2444 nt
314 2404 376 2446 nnn
399 2387 545 2446 cnendnt.
592 2403 732 2446 numeros
761 2394 859 2447 autem
884 2386 999 2447 dierum
1028 2387 1129 2448 minus
1152 2396 1267 2449 accurate

145 2490 236 2552 Varro
266 2491 420 2573 indicavit,
451 2494 620 2553 accuratius
644 2491 803 2553 Columella
827 2489 1002 2574 v1115,10
1033 2497 1152 2570 diebus,
1181 2497 1268 2570 quitus

145 2602 322 2660 animentur
351 2616 407 2660 oon
441 2606 470 2660 et
499 2584 614 2676 specie
631 2603 786 2661 uolucrum
817 2599 1062 2676 conformentur,
1087 2608 1135 2663 ter
1159 2604 1268 2680 septenis

145 2725 219 2782 opns
243 2714 287 2766 est
307 2709 480 2781 nollinnceo
501 2711 623 2782 ceneri,
648 2716 680 2768 ot
704 2712 857 2785 pneom'no
886 2716 916 2770 et
946 2712 1091 2770 anserino
1110 2714 1201 2788 panio
1220 2727 1267 2771 on·

140 2815 222 2889 plius
246 2818 293 2872 ter
315 2815 445 2872 novenis.
491 2817 622 2887 quaesi
643 2818 764 2889 qnando
789 2814 908 2891 suerint
933 2819 1133 2893 supponendo
1152 2819 1264 2893 poene,

140 2921 231 2995 prins
259 2936 311 2979 ens
339 2920 487 2981 inculeare
515 2922 617 2981 decem
649 2923 754 2983 diebus
779 2921 893 2998 fetibus
920 2926 1103 2998 olienipenis
1125 2927 1266 3001 potiemur,

119 3007 120 3011 Ἰ
144 3035 207 3087 mm
230 3029 347 3088 demum
369 3029 420 3087 sni
438 3030 570 3102 pencris.
606 3036 751 3103 quattuor
769 3048 826 3091 ooo
848 3050 905 3092 nec
925 3034 1021 3108 pluro
1043 3048 1135 3106 qnnm
1157 3035 1265 3107 quincue

141 3132 274 3210 fovendo
297 3137 455 3211 recipient.
500 3133 636 3195 similiter
659 3133 834 3216 v11111,2
858 3146 887 3197 et
911 3155 1035 3217 geopon.
1054 3135 1120 3198 XIV
1139 3135 1168 3217 7,
1184 3133 1228 3199 28.

233 3240 301 3302 Eas
325 3240 512 3302 includere
536 3252 681 3322 oportet
705 3251 743 3303 ut
773 3243 863 3304 diem
887 3254 921 3304 et
946 3253 1088 3305 noctem
1116 3243 1263 3306 incubent

144 3360 397 3429 praeterquam
422 3367 437 3409 a
461 3366 559 3409 mane
584 3358 618 3409 et
646 3368 799 3429 uespere
829 3350 906 3412 dum
936 3351 1041 3414 cibus
1066 3370 1104 3413 ae
1132 3353 1220 3433 potio
1241 3351 1262 3409 is

145 3455 263 3532 detur]
289 3457 374 3516 Potio
398 3457 495 3515 omnia
518 3456 698 3536 apographa,
717 3467 809 3535 potus
838 3461 869 3520 in
897 3460 1032 3539 principe
1057 3459 1185 3521 editione
1203 3455 1259 3519 Poli-

146 3567 242 3624 tiauus
266 3580 325 3622 non
349 3564 487 3625 correxit
529 3571 748 3640 praeterquam
776 3582 864 3626 mnne
887 3563 1038 3625 iucundus
1067 3574 1097 3627 et
1124 3586 1159 3627 ex
1182 3563 1260 3626 llldiua

145 3669 274 3729 odilione
309 3666 522 3730 Sclrnciderus:
552 3679 770 3747 praeterquam
803 3691 823 3733 n
855 3690 944 3734 mnne
978 3670 1127 3734 Victorius
1158 3671 1260 3734 dederat

145 3778 239 3836 dotem
270 3773 470 3835 Schneiderus
500 3795 535 3836 ex
566 3779 735 3838 coniectura
766 3777 877 3839 Ursini.
924 3780 1173 3859 praepositionem
1200 3782 1259 3839 reete

144 3882 293 3943 Iucundus
331 3880 446 3943 delevit.
492 3901 558 3944 uam
601 3903 619 3944 n
657 3903 745 3946 mnne
780 3887 811 3945 in
848 3885 1018 3946 delinitione
1057 3889 1193 3968 temporis
1220 3899 1259 3964 pro

142 4009 230 4052 mnne
253 3990 364 4051 dictum
388 4008 447 4051 nou
471 4000 525 4051 est.
571 3990 606 4052 de
630 3993 818 4054 coniunctim
843 3994 873 4053 in
898 3994 1066 4074 praeceptis
1090 3990 1257 4056 dubitandum

144 4117 203 4159 non
223 4107 299 4158 erat:
317 4096 344 4156 ll
362 4094 449 4177 4,14
468 4116 514 4173 ne,
534 4101 604 4160 dnm
627 4103 737 4161 exilire
756 4104 833 4178 velit,
849 4118 1007 4177 praepone
1026 4103 1151 4164 noortet.
1180 4097 1257 4162 eadem

144 4206 368 4284 praecipiuntur
392 4222 513 4284 geopon.
534 4204 597 4265 XlV
619 4205 647 4287 l,
669 4203 719 4269 18.

236 4308 273 4370 ll
306 4308 456 4372 Curator
489 4321 633 4392 oportet
665 4316 865 4377 circumeat
891 4349 927 4358 -
954 4334 992 4377 ae
1027 4324 1171 4380 uertere
1197 4305 1256 4384 our]

152 4416 255 4479 Vertat
278 4416 403 4479 Ursinus
428 4428 457 4480 et
482 4418 690 4484 Schneiderus.
777 4449 784 4457 >·
