2874 4994
142 311 203 375 152
422 375 424 384 ,
480 315 670 371 couneus.
689 315 728 369 m
748 298 936 374 vnunonis

232 471 271 536 19
307 473 436 533 Horum
464 470 672 551 praesepia]
711 471 843 548 Harum,
876 473 905 535 h.
925 493 950 536 e.
978 475 1080 535 orium
1106 472 1234 555 pediturn
1303 498 1307 532 ι

143 581 273 642 editores
296 579 446 658 Bipontini
470 586 500 639 et
523 585 591 658 post
614 577 667 638 hos
692 577 900 642 Schneiderus.

229 687 356 765 ltaque
392 685 539 745 iaciunt
575 684 693 764 lapide
726 696 839 748 strata
877 696 911 749 et
948 689 1054 749 urina
1086 686 1237 749 neothiit

140 792 283 854 stabulo
317 790 514 869 consistat]
553 792 590 852 tlt
616 795 710 853 uriree
737 811 772 853 ex
805 795 940 874 principe
969 794 1101 856 editione
1128 804 1238 875 reoeptto

143 909 215 961 erat.
237 896 347 960 'delevi
370 906 408 974 et,
432 898 511 977 quod
535 916 594 957 non
618 897 716 959 addito
737 898 826 960 rerbo
846 900 904 961 diei
924 920 983 962 non
1003 909 1129 981 poterat
1157 902 1240 978 [reiut
1303 921 1307 965 t

142 1011 244 1085 lepide
266 1014 366 1068 strete
385 1014 414 1067 et
433 1024 543 1083 prone,
562 1009 656 1066 urina
676 1023 739 1085 sqq.
761 1009 889 1069 coniecit
907 1007 1099 1070 Heidrichius
1116 1006 1243 1069 Varron‘tu
1305 1054 1307 1064 .

143 1114 205 1194 lp.
224 1112 275 1176 35.

234 1217 274 1283 19
307 1218 369 1280 His
405 1237 651 1298 quaecumque
686 1218 858 1281 iubentur
896 1231 1100 1282 noscuntur
1131 1230 1165 1282 ut
1190 1220 1245 1281 ioiia

143 1328 303 1407 iiguiena
336 1335 370 1386 et
397 1324 496 1405 palea
523 1327 671 1385 uinaoea
700 1326 865 1387 iurirrres
893 1326 1108 1389 obiciuntur
1131 1326 1246 1405 modice]

149 1438 307 1515 Fipuleno,
331 1452 389 1493 non
410 1435 556 1508 fipulnee,
581 1441 614 1493 ut
638 1432 714 1512 apud
734 1433 899 1494 Gesnerum
924 1433 1043 1516 iegitur,
1067 1433 1212 1495 Potitium
1225 1451 1248 1494 u

146 1542 248 1603 codice
272 1539 429 1620 adnotavit,
449 1542 584 1612 liculnea
609 1548 686 1600 met
709 1539 801 1599 codex
826 1539 984 1620 Caesenas,
1008 1544 1145 1616 fipulnee
1165 1539 1249 1601 Floret

146 1650 234 1708 tinus.
272 1649 373 1726 inepte
400 1653 498 1706 autern
529 1645 655 1706 Ursinus
683 1641 746 1707 ‘lois
776 1665 817 1708 se.
841 1644 1054 1726 praesepibus'
1087 1648 1151 1710 ooli.
1171 1647 1251 1709 solun.

149 1752 280 1836 v114,2
308 1757 430 1829 simpulo
459 1757 562 1830 caprile
587 1772 646 1830 per
673 1757 798 1815 hiemem
827 1761 911 1815 reete
935 1763 1110 1831 poscuntur
1136 1758 1174 1816 ad
1188 1774 1251 1832 pree

147 1865 241 1938 sepio.
287 1869 409 1941 apparet
432 1859 588 1939 tegendum
608 1879 673 1921 esse
697 1863 744 1922 leis
767 1879 974 1936 quoecumque
1003 1863 1141 1924 lubenter
1161 1880 1253 1924 retme-

145 1975 204 2043 tur,
228 1968 256 2029 h.
277 1987 302 2028 e.
326 1967 429 2027 ovibus
458 1966 630 2028 obiciuntur
658 1986 862 2047 quaecumque
892 1967 1030 2029 lubenter
1059 1965 1254 2029 rossontenil

147 2074 175 2158 t,
193 2075 230 2137 11
257 2076 550 2151 quinquemestrlbus
570 2078 661 2151 pullis
681 2074 778 2151 suetis
792 2108 834 2118 —
849 2077 1041 2137 obiciendum
1057 2074 1186 2151 sumnum
1202 2076 1253 2134 tor-

146 2186 285 2244 deeeimn
308 2185 441 2243 molitam
464 2199 532 2241 eum
557 2181 743 2265 mersuriius,
767 2191 796 2243 et
823 2185 928 2257 siquid
954 2185 1042 2243 aliud
1070 2189 1152 2244 terre
1177 2189 1259 2242 nuum
1305 2226 1307 2245 .

147 2292 278 2352 libenter
296 2291 394 2350 edent.
413 2320 453 2330 —
476 2287 514 2347 ΙΙΙ
538 2285 586 2369 16,
601 2285 642 2349 37
660 2289 804 2364 ficulneis
823 2293 914 2365 lipnis
933 2298 963 2350 ot
981 2285 1103 2370 140‚4
1124 2288 1261 2364 elenensis

152 2398 327 2471 seminibus,
360 2402 462 2457 eontra
491 2395 502 2454 Ι
529 2393 622 2477 18,8
648 2400 781 2470 ficulnus
814 2399 976 2458 insitiones.
1017 2395 1123 2457 deinde
1152 2399 1267 2456 emnem

149 2503 217 2565 iibri
241 2523 328 2564 manu
353 2505 457 2583 scripti
476 2512 505 2563 et
525 2502 670 2563 editiones
691 2511 758 2563 ante
778 2503 954 2584 Gesnerurn,
974 2505 1024 2583 qui
1045 2506 1183 2564 uineeeee
1195 2497 1277 2562 tuit

149 2612 305 2671 manifesto
320 2628 432 2690 errore,
447 2628 534 2689 quem
551 2621 648 2670 tamen
665 2609 865 2671 Schneiderus
880 2611 1025 2690 repetivit
1059 2616 1160 2671 neutro
1172 2617 1284 2687 genere

152 2718 175 2776 ΙΙ
195 2714 282 2798 4,16
313 2721 385 2777 dori
406 2721 500 2778 solent
528 2721 665 2780 vinacea.
702 2716 838 2777 similiter
867 2717 1046 2778 nominativo
1079 2734 1145 2778 oasu
1166 2710 1228 2792 148,
1243 2701 1287 2766 3

149 2827 301 2885 eonditum
323 2827 470 2900 eludium,
493 2821 602 2903 111,4
627 2841 749 2886 eoseum
772 2826 949 2885 adhibitum.

238 2929 345 2991 Genit
368 2930 460 2991 laete
481 2930 642 2991 Sanitate
666 2940 749 2991 sunt
769 2929 896 3009 merita]
920 2932 1054 2992 denerat
1071 2934 1126 2992 lue.
1144 2921 1288 2991 Besoni‘

149 3045 212 3099 lete
235 3037 355 3120 Merula,
380 3037 431 3098 ubi
452 3042 552 3114 pipmit
575 3037 736 3119 iucundus,
757 3043 843 3114 penit
861 3037 1009 3099 Victorius
1028 3039 1163 3099 correxit.
1192 3038 1286 3097 tecte,

149 3164 209 3206 non
235 3149 299 3220 lae,
327 3145 517 3206 scribendum
547 3163 611 3205 esse
641 3143 832 3205 Zahiieidtios
861 3153 974 3224 quaest.
997 3146 1065 3206 orit.
1085 3148 1113 3206 in
1131 3144 1276 3205 virtur-

152 3261 225 3313 rust.
245 3252 310 3313 libr.
330 3272 357 3332 p.
376 3250 418 3315 28
443 3254 566 3327 monuit,
591 3271 714 3331 eamque
739 3253 863 3312 formam
893 3250 1002 3331 uirique
1030 3252 1107 3331 apud
1130 3250 1270 3312 vernum

151 3359 363 3420 restituendam
388 3378 453 3419 esse
478 3360 663 3420 existimavit.
701 3356 774 3419 mihi
798 3360 891 3419 satius
909 3359 965 3418 iuit
988 3360 1162 3437 scripturam
1182 3352 1261 3418 arcte

153 3467 213 3544 typi
238 3467 419 3545 exprimere,
446 3468 476 3525 in
501 3484 559 3545 quo
583 3470 662 3526 lecte
685 3474 803 3544 praeter
831 3464 911 3525 huno
939 3463 1037 3525 locum
1062 3467 1195 3545 scripturn
1211 3460 1258 3520 eni

152 3570 178 3630 ΙΙ
199 3570 227 3651 1,
241 3568 271 3632 4.
296 3568 369 3649 8,st
393 3568 422 3651 9,
439 3569 495 3651 10;
524 3576 573 3633 loe
596 3568 722 3652 113‚2.
744 3566 851 3651 4,15;
876 3566 930 3650 193
954 3566 1007 3631 21.
1036 3568 1138 3653 11,2;
1163 3558 1256 3632 tund

154 3674 249 3754 11,4
272 3679 310 3737 de
334 3681 392 3750 fici
416 3696 501 3738 rento
529 3681 586 3738 loe.
629 3686 782 3757 praetereo
811 3681 892 3738 laete
920 3678 1093 3738 coniectura
1119 3680 1254 3740 restitutum

152 3791 198 3842 est
221 3780 350 3861 1111,1
376 3784 428 3843 ubi
451 3789 542 3845 lonae
566 3786 663 3844 estin
688 3783 781 3844 libris.

240 3886 283 3949 20
314 3889 380 3950 Sed
405 3908 442 3949 ea
468 3902 504 3951 ut
526 3891 601 3951 dixi
624 3894 658 3950 in
683 3890 777 3950 libro
797 3892 935 3970 scripta
956 3893 1128 3970 magister
1146 3888 1260 3973 peeoris

152 3995 275 4075 habet]
301 3996 326 4056 li
349 3994 432 4078 1‚23
452 4001 520 4058 item
539 4001 583 4059 nd
600 4002 675 4058 nlios
694 4000 814 4059 morbos
833 4001 915 4059 oliae
933 4016 1049 4060 causae
1068 4008 1098 4061 et
1117 4004 1176 4063 elie
1190 4002 1264 4075 titul,
1305 4050 1307 4055 -

152 4108 183 4165 in
206 4107 288 4164 omrai
306 4122 419 4178 pecore
442 4123 521 4179 qttoe
542 4109 659 4181 scripto
682 4107 796 4165 lubere
819 4112 936 4182 oportet
964 4110 1144 4182 meeistrunr
1163 4104 1269 4186 perord-

152 4208 275 4269 sedilia
300 4209 420 4269 Seroiae
449 4213 579 4271 sermoni
608 4211 718 4272 tributa
747 4219 829 4289 sunt,
854 4211 926 4271 haee
955 4212 1063 4274 Attico.
1103 4232 1192 4294 quare
1215 4212 1272 4275 iior·

153 4318 275 4393 gagnius
304 4317 334 4374 iu
367 4318 491 4395 epistula
520 4321 550 4377 in
579 4318 701 4379 Gesneri
731 4318 859 4379 editione
888 4318 965 4379 edita
989 4318 1002 4378 Ι
1020 4316 1064 4381 97
1098 4341 1126 4402 p.
1145 4318 1278 4385 litent

154 4424 261 4482 elisisti
287 4423 331 4482 vol
356 4433 388 4485 ut
412 4427 492 4485 dieti
513 4424 703 4486 scribendum
727 4427 864 4507 coniecit,
893 4443 999 4505 parum
1027 4437 1100 4508 apte
1124 4431 1284 4512 interposita
