2874 4994
144 318 187 383 98
486 327 676 383 COMMUNT.
696 327 736 381 IN
753 326 940 383 VARRONIS

235 481 308 552 Quo
332 480 441 543 latius
464 492 523 544 aot
546 483 688 544 radices
711 482 859 544 lucilius
887 479 1012 559 mittit]
1042 481 1107 554 Quo
1128 482 1242 554 laticem

145 590 268 649 radices
287 588 414 664 [acilius
435 593 535 652 mittut
557 590 633 651 edita
653 590 720 651 inde
745 608 760 650 a
784 591 918 670 principe
942 588 1072 650 editione
1095 585 1243 668 exempbn't,

145 694 317 774 perturbata
340 715 408 757 vera
428 695 585 757 verborum
609 699 764 758 sententia.
800 714 866 758 nom
891 695 1008 775 plantae
1032 692 1129 754 solum
1148 690 1246 754 stabilius

144 809 190 862 est
213 820 301 881 quam
324 821 428 864 eorum
452 822 527 883 quae
546 803 765 885 deiringuntur,
784 821 843 883 quo
866 802 899 863 lit
921 811 956 863 ut
978 819 1014 863 ea
1038 801 1126 862 latius
1146 807 1190 860 ont
1203 798 1247 859 tui

144 908 201 970 lius
226 909 341 970 radices
365 912 470 972 mittat.
1290 984 1292 993 ¹

233 1016 270 1077 ln
303 1025 434 1078 terram
462 1016 657 1079 demittunt
684 1017 764 1078 dum
792 1017 827 1076 in
858 1015 1058 1094 oleagineis
1087 1009 1249 1074 seminibus
1290 1002 1292 1007 ’

143 1121 293 1184 arbores
326 1122 519 1185 uidendum
553 1134 590 1185 ut
623 1125 670 1185 sit
701 1124 742 1184 de
774 1131 900 1184 tenero
932 1138 1028 1183 ramo
1061 1138 1103 1182 ex
1134 1125 1249 1198 utraque

144 1239 245 1310 parte
283 1229 527 1309 aequabiliter
559 1232 765 1310 praecisum
798 1247 885 1310 quas
920 1227 1005 1290 aliis
1037 1224 1190 1289 clauolos
1213 1223 1252 1286 alii

144 1336 258 1398 taleas
291 1329 485 1419 appellant]
515 1338 640 1398 demum
673 1341 705 1398 iu
736 1339 902 1412 oleuqiueis
929 1354 965 1397 ex
994 1336 1131 1415 principe
1157 1333 1251 1396 edidere

144 1452 298 1525 receptum
329 1452 405 1524 erat3
433 1453 495 1505 tum
524 1446 651 1505 coniecit
677 1443 811 1505 Ursinus.
858 1447 890 1504 iu
917 1451 1035 1504 terrum
1061 1443 1253 1503 demiuerdtu:

143 1554 174 1612 iu
202 1553 367 1626 olecqineis
399 1569 434 1610 er
464 1549 607 1630 Scaligeri
640 1552 810 1613 coniectura
839 1549 932 1611 edidit
960 1548 1170 1610 Sclrneiderus.
1208 1545 1254 1608 uili

143 1656 325 1737 probabilius
353 1675 418 1718 esse
448 1659 543 1718 risum
571 1666 616 1719 est
644 1661 715 1719 dum
742 1660 773 1719 in
801 1657 960 1737 archetypo
993 1675 1098 1717 errore
1130 1653 1254 1716 scribentis

143 1764 275 1825 additum
294 1782 369 1825 esse.
407 1765 534 1825 arbores
553 1763 711 1825 delendum
735 1783 801 1825 esse
822 1764 953 1844 Scaliger
973 1772 1003 1824 et
1021 1761 1149 1824 Ursinus
1166 1778 1256 1822 monuo

143 1881 222 1933 runt.
259 1874 359 1951 itaque
378 1873 485 1950 scripsi
509 1874 540 1931 iu
560 1879 674 1933 terrum
694 1874 868 1934 demittunt:
891 1874 922 1932 iu
941 1873 1109 1946 olecpiueis
1126 1869 1256 1931 semimits

143 1981 305 2040 videndum
328 1996 391 2057 sqq.
406 2009 448 2020 -—
464 1980 520 2039 ulii
541 1982 674 2040 cluuotas
697 1977 790 2040 edidit
812 1977 972 2040 lucnndus.
1015 1968 1256 2057 conputet

146 2086 253 2146 Tulecs
281 2089 441 2147 scissiones
470 2089 621 2161 liquorum
650 2090 697 2146 rel
718 2089 935 2163 proeseqminu
965 2085 1067 2146 Varro
1095 2086 1171 2144 dicit
1190 2084 1221 2143 de
1234 2097 1257 2140 re

143 2195 261 2254 rustica
284 2194 334 2253 lib.
356 2193 373 2252 I
393 2195 477 2265 (uum
501 2195 592 2254 etium
615 2211 697 2254 nuuc
720 2197 838 2254 rustico
861 2210 934 2254 voce
957 2193 1153 2253 intertulicre
1174 2190 1258 2250 dicitu

143 2302 280 2361 diuidere
309 2303 357 2360 rel
388 2302 532 2361 excidere
563 2302 710 2375 romum),
734 2317 774 2360 esc
805 2307 938 2374 utroque
963 2304 1056 2376 purte
1088 2297 1258 2372 aequabiliter

138 2409 323 2482 praecisum,
346 2425 423 2482 quos
446 2410 502 2467 ulii
524 2409 659 2467 elocutos
684 2408 836 2479 (stabulas
856 2404 965 2480 codd),
989 2407 1046 2466 clii
1068 2408 1164 2465 tuleus
1185 2401 1262 2479 oppd-

142 2517 214 2574 laut.
261 2512 387 2574 clavelae
420 2522 518 2574 autem
548 2531 563 2573 a
592 2512 786 2575 similitudine
815 2512 912 2574 clarae
942 2512 1039 2572 dictae
1069 2519 1148 2572 sunt.
1190 2507 1279 2569 clius

143 2620 214 2680 dicit
237 2618 383 2680 Palladius
406 2617 514 2700 1v10,
538 2617 576 2680 12
601 2624 689 2682 clauc
713 2622 897 2681 commodius
927 2623 992 2682 seri
1014 2625 1127 2696 potest,
1150 2633 1218 2694 quoe
1232 2615 1290 2673 rit

142 2728 297 2787 manubrii
319 2730 531 2802 crussitudine,
556 2726 745 2802 turpitudine
768 2729 909 2807 cuiculi,
931 2742 1112 2806 quamquam
1140 2726 1165 2786 is
1190 2722 1292 2783 clara·

143 2841 173 2892 et
196 2831 286 2892 taleas
304 2831 439 2892 distinxit
461 2831 500 2893 ib.
521 2829 562 2895 13
586 2836 667 2894 talea
690 2841 720 2894 et
743 2835 895 2908 procilior
914 2840 943 2894 et
962 2834 1086 2894 brevior
1104 2850 1168 2894 esse
1180 2834 1292 2908 potest:

142 2956 221 3013 quac
244 2941 381 3000 similiter
405 2948 437 2999 ut
461 2943 548 3001 clera
572 2948 735 3016 mercetur.
780 2942 837 3001 sed
858 2942 939 3001 tuleo
958 2942 1072 3015 palmis
1102 2940 1208 3001 duodus
1223 2951 1292 2995 ru-

138 3048 245 3126 persit,
269 3048 357 3106 clarc
380 3050 476 3107 curnis
498 3049 649 3107 obruitur.

231 3149 252 3213 5
283 3151 358 3212 Non
383 3154 476 3213 enim
506 3154 620 3231 pirum
649 3156 783 3232 recipit
811 3171 968 3233 quercus
996 3171 1112 3232 neque
1140 3154 1267 3214 enims

143 3258 253 3319 malus
276 3260 395 3337 pirum
417 3259 481 3319 boc
501 3267 676 3320 secuntur
697 3259 798 3320 multi
817 3262 878 3340 qui
900 3259 1119 3341 haruspices
1138 3258 1246 3321 audiun

142 3364 308 3442 multum]
333 3368 399 3426 Non
423 3369 501 3426 emim
520 3369 624 3442 pirum
648 3370 758 3444 recipit
780 3386 921 3444 quercus.
958 3386 1057 3443 meque
1080 3371 1159 3429 euim
1178 3369 1203 3428 si
1214 3376 1281 3424 me:

141 3476 202 3532 lum
217 3475 315 3551 pirus,
334 3473 391 3532 boc
410 3476 602 3546 sequentium.
630 3478 718 3534 multi
735 3478 893 3550 aruspices
907 3478 1048 3549 audiunt,
1063 3492 1084 3537 u
1097 3476 1199 3550 quibus
1213 3478 1292 3548 sq!

142 3577 277 3638 Ursinus.
323 3577 359 3638 de
382 3576 526 3639 brevitate
550 3578 668 3640 dicendi
692 3584 889 3656 nequeenim
912 3584 941 3641 si
963 3584 1061 3642 mulus
1079 3584 1189 3658 pirum,
1207 3577 1292 3637 be

142 3679 256 3762 ‘neque
284 3684 364 3742 enim
397 3686 422 3743 si
455 3683 548 3745 malos
582 3688 679 3763 pirum
712 3688 833 3766 recipit,
861 3689 959 3766 pirum
992 3689 1101 3767 recipit
1133 3666 1292 3766 quercus*

142 3788 272 3848 dubitari
295 3807 354 3850 non
377 3789 512 3851 debebat.
558 3791 609 3851 sed
637 3791 693 3853 boc
723 3802 804 3853 recte
828 3791 968 3873 Ursinus,
992 3792 1073 3873 quod
1101 3797 1214 3855 muttum
1232 3797 1292 3848 t:

146 3894 351 3974 superioribus
374 3899 534 3977 repetitum
558 3896 678 3979 delevit3
706 3902 762 3959 nisi
790 3901 891 3980 potius
919 3918 987 3961 cum
1016 3903 1154 3962 acumine
1177 3894 1292 3959 ΗΓ

142 4021 213 4062 rone
247 4003 323 4063 idem
358 4003 532 4065 vocabulum
563 4003 610 4065 bis
633 4007 762 4083 positum
786 4015 859 4067 erat.
899 4006 1095 4085 haruspicum
1123 4006 1292 4067 ductu:

141 4110 308 4167 accuratius
335 4108 474 4170 indicarit
502 4109 615 4172 Plinius
646 4109 696 4170 XV
715 4108 756 4174 57
791 4132 888 4189 ueqrte
915 4117 1017 4175 omniu
1047 4113 1292 4176 imitanter

138 4212 190 4288 sus
218 4220 275 4285 est,
298 4216 378 4273 sicut
407 4234 464 4277 nec
490 4220 594 4292 spinos
626 4221 734 4300 inseri,
761 4223 884 4295 quaudo
908 4219 1042 4296 sulpura
1075 4221 1190 4298 expiari
1212 4226 1292 4275 nt*

141 4325 255 4391 queunt
280 4316 388 4394 facite,
416 4331 545 4397 quotque
570 4342 687 4398 uerrere
716 4329 807 4387 insitu
832 4326 976 4404 suerunt,
1000 4335 1043 4389 tot
1068 4327 1188 4404 sulpura
1209 4332 1292 4380 unt

143 4425 205 4483 ictu
226 4431 475 4499 pronuntientur.
