2874 4994
156 1170 277 1231 Catonis
310 1182 339 1233 et
367 1171 508 1232 Varronis
540 1169 633 1230 libros
671 1189 758 1231 manu
792 1174 919 1249 scriptos
952 1191 987 1231 ex
1018 1192 1077 1232 uno
1109 1173 1211 1232 codice

64 1269 227 1348 llarciauo,
256 1288 344 1346 quem
373 1268 536 1330 Politianus
564 1280 593 1330 at
617 1271 766 1332 Victorius
796 1278 1011 1348 tractaverunt,
1044 1271 1210 1349 descriptos

63 1385 129 1426 esse
155 1369 185 1426 in
211 1368 309 1445 priore
335 1375 417 1446 parte
441 1367 531 1427 huius
555 1369 694 1430 editionis
716 1368 778 1428 dixi
801 1376 831 1427 et
855 1386 929 1446 quae
956 1368 1061 1428 auxilia
1086 1368 1120 1428 ad
1146 1371 1210 1429 eiius

64 1464 222 1524 lectionem
246 1465 460 1525 restituendam
488 1475 588 1544 parata
617 1470 677 1527 sint
700 1467 832 1545 exposui.
879 1466 915 1524 de
940 1467 1087 1543 scriptura
1111 1475 1209 1526 autem

62 1563 215 1641 archetypi
243 1563 332 1622 etde
361 1563 552 1645 apographis,
580 1568 610 1624 in
635 1564 743 1643 quibus
771 1564 976 1642 antiquissima
1005 1572 1208 1623 correctorum

64 1662 185 1738 vestigia
218 1669 374 1740 apparent,
411 1660 496 1739 longa
534 1662 733 1741 disputatione
767 1661 973 1720 disserendum
1007 1678 1065 1719 non
1100 1663 1208 1738 putari.

63 1765 203 1835 superest
226 1768 259 1818 ut
282 1758 319 1818 dc
343 1758 449 1818 studiis
473 1759 621 1820 editorum
646 1769 798 1820 eteorum
819 1759 870 1836 qui
893 1760 924 1817 in
944 1758 1125 1818 emendanda
1145 1778 1208 1818 cor·

63 1865 150 1933 rupta
174 1857 322 1933 scriptura
347 1873 467 1933 operam
487 1857 715 1938 collocaverunt,
740 1875 867 1936 quorum
891 1855 983 1916 libros
1007 1858 1036 1915 in
1062 1856 1107 1915 liis
1131 1876 1208 1916 com·

63 1955 217 2012 menteriis
245 1954 400 2031 usurpari,
429 1972 462 2013 ea
491 1973 566 2033 quae
596 1957 672 2016 scire
697 1973 773 2034 opus
797 1965 843 2014 est
865 1953 1016 2033 dicautur,
1044 1956 1074 2013 in
1099 1954 1208 2032 quihus

64 2050 223 2128 quaedam,
251 2068 326 2129 quae
355 2069 388 2110 ea
417 2051 453 2111 de
482 2071 514 2113 re
542 2056 572 2113 in
602 2053 731 2113 editione
755 2051 895 2111 Varronis
921 2070 944 2110 a.
972 2048 1055 2111 1889
1080 2051 1210 2111 breviter

60 2148 209 2227 disputari
224 2148 280 2208 hoc
296 2148 361 2208 loco
376 2150 536 2227 repetenda
552 2169 618 2211 esse
635 2152 809 2229 existimari,
824 2147 879 2207 alia
896 2165 964 2206 vero
975 2149 1067 2206 etiam
1083 2152 1208 2208 correxi.

150 2244 283 2306 Primum
313 2247 404 2323 igitur
431 2246 462 2308 hi
486 2247 605 2308 Catonis
634 2258 663 2307 et
689 2248 832 2307 Varronis
856 2244 923 2305 libri
949 2263 1005 2304 urm
1030 2263 1098 2304 cum
1122 2245 1207 2305 Colu-

62 2342 165 2403 mellae
189 2351 219 2403 et
239 2343 360 2403 Palladit
384 2343 466 2405 lilrris
485 2345 522 2405 de
542 2363 573 2405 re
596 2348 707 2406 rustica
732 2344 803 2404 editi
824 2351 893 2403 suut
914 2361 929 2401 a
950 2342 1076 2420 Georgia
1096 2341 1206 2402 lllerula

61 2439 260 2499 Alexandrino
279 2437 412 2500 Venetiis
434 2441 511 2519 apud
531 2441 683 2503 Nicolaum
704 2442 809 2503 lensou
830 2440 944 2500 Gallum
965 2459 988 2499 a.
1007 2438 1099 2501 1472.
1138 2441 1205 2500 sult-

60 2539 153 2597 iectae
179 2547 250 2598 suut
274 2538 407 2598 eiusdem
428 2539 556 2601 Merulae
581 2536 803 2602 ‘Enarrationes
826 2539 1016 2599 brevissimae
1040 2539 1205 2616 priscarum

60 2654 165 2696 rocum
195 2635 287 2695 Marci
314 2633 450 2697 Catonis'
479 2646 510 2698 et
540 2633 768 2699 ‘Enarrationes
800 2636 1008 2697 nonnullarum
1042 2636 1204 2696 dictionum
1251 2694 1262 2715 ¹.

60 2733 153 2793 Marci
177 2728 344 2813 Varronis’,
368 2735 439 2794 item
463 2729 687 2796 ‘ilnuotationes
707 2729 906 2813 Columellae’,
932 2733 1041 2812 quibus
1065 2733 1204 2793 vocabula
1242 2736 1246 2743 '

59 2830 205 2909 quaedam
233 2831 399 2891 difficiliora
428 2831 559 2892 breviter
583 2833 747 2911 explicavit.
794 2833 950 2893 lectionem
979 2832 1090 2892 codicis
1117 2826 1217 2893 xxranu¹

58 2930 174 3008 scripti,
198 2947 286 3007 quem
308 2929 404 2990 editor
423 2940 619 3010 expresserat,
644 2950 746 3010 magna
765 2930 884 2991 licentia
904 2948 977 2990 usus
997 2934 1128 3010 mutavit,
1153 2930 1203 2993 sed

57 3026 138 3086 idem
159 3025 259 3106 multa,
283 3046 358 3105 quae
383 3031 411 3087 in
436 3027 521 3088 libris
540 3046 627 3089 manu
648 3029 768 3106 scriptis
787 3028 898 3105 apertis
917 3025 1105 3086 librariorum
1125 3026 1205 3087 vitiis

56 3132 201 3202 corrupta
225 3131 304 3204 sunt,
328 3127 441 3204 primus
461 3128 599 3186 correxit.
638 3143 672 3186 ex
697 3126 831 3204 principe
850 3123 979 3184 editione
999 3140 1139 3203 expressa
1159 3135 1204 3184 est

55 3221 152 3281 editio
171 3221 326 3300 Regiensis
344 3242 370 3283 a.
387 3220 472 3286 1482
492 3232 522 3284 et
541 3224 631 3284 editio
650 3223 846 3283 Bononiensis
869 3240 893 3281 a.
913 3219 1004 3283 1494.
1040 3242 1074 3282 ex
1095 3221 1204 3303 quihus

58 3319 279 3379 Bononiensem
303 3323 418 3382 curarit
441 3321 595 3401 Philippus
619 3320 793 3398 Beroaldus,
822 3321 873 3397 qui
896 3319 1035 3379 nonnulla
1060 3323 1203 3399 principis

59 3419 202 3479 editionis
222 3419 288 3478 vitia
309 3420 448 3498 correxit,
467 3428 620 3497 praeterea
639 3437 732 3497 pauca
752 3436 805 3478 sua
825 3418 1004 3496 coniectura,
1024 3436 1082 3477 non
1102 3418 1204 3479 codice

62 3534 146 3577 mauu
168 3517 281 3593 scripto
297 3534 378 3592 usuc,
398 3519 528 3578 mutarit.
567 3519 707 3577 maiorem
727 3534 846 3594 operam
863 3515 909 3574 liis
923 3514 1007 3574 libris
1022 3517 1136 3593 primus
1152 3518 1203 3576 im·

65 3615 161 3692 pendit
173 3612 517 3695 lucuudusVeroneusis,
532 3614 619 3674 homo
634 3614 740 3674 doctus
755 3621 785 3673 et
798 3615 979 3691 ingeniosus,
994 3613 1045 3673 sed
1061 3614 1134 3673 artis
1144 3633 1203 3674 non

62 3713 133 3772 satis
144 3713 269 3792 peritus,
287 3714 339 3791 qui
353 3711 488 3773 Aldiuam
508 3712 667 3773 editionem
684 3713 864 3789 scriptorum
879 3712 923 3769 rei
939 3713 1065 3771 rusticae
1080 3730 1105 3772 a.
1117 3709 1203 3774 1514

56 3812 179 3890 pararit.
226 3827 294 3869 nam
322 3828 398 3889 quae
426 3819 494 3871 aute
518 3828 582 3870 eant
610 3810 704 3870 lectae
732 3816 816 3868 erant
844 3807 990 3868 editiones
1018 3826 1051 3866 cx
1077 3812 1202 3887 antiqui·

54 3907 161 3968 oribus
186 3909 328 3985 repetitae
352 3916 431 3968 sunt.
469 3906 619 3969 iucundus
638 3915 736 3967 autem
756 3913 786 3965 et
805 3904 896 3964 libros
913 3923 1001 3964 manu
1021 3908 1146 3984 scriptos
1166 3907 1200 3965 ad

54 4004 271 4066 emendandam
303 4003 461 4066 lectionem
494 4005 642 4066 editorum
675 4002 886 4081 exemplarium
918 4001 1064 4081 atllrihuit,
1096 4005 1126 4064 in
1155 4003 1201 4064 his

57 4102 228 4163 llediceum
250 4101 381 4164 codicem
405 4121 435 4164 m
459 4101 504 4162 vel
527 4111 696 4163 correctum
719 4118 754 4161 ex
775 4119 809 4160 eo
828 4098 1032 4159 Florentinum
1054 4099 1072 4179 1,
1096 4108 1126 4160 et
1149 4120 1201 4161 sua

56 4201 232 4260 coniectura
265 4198 389 4277 plurima
424 4199 556 4259 mutavit.
605 4217 732 4277 quorum
765 4216 941 4277 quamquam
978 4199 1100 4258 maxima
1133 4216 1202 4276 pars

58 4297 116 4357 ude
140 4315 228 4357 mauu
254 4298 433 4376 scriptorum
458 4296 602 4356 librorum
626 4306 708 4357 caret
731 4305 761 4356 et
784 4315 799 4356 a
824 4307 922 4355 vetere
944 4297 1091 4374 scriptura
1115 4296 1201 4375 louge

56 4394 179 4475 recedit,
203 4402 303 4455 tamen
327 4397 478 4475 ingeniose
501 4397 619 4455 inventa
644 4404 714 4456 sunt
738 4396 848 4473 omnia,
876 4392 966 4454 multa
991 4402 1057 4472 apte
1081 4402 1112 4455 et
1135 4414 1200 4474 pro-

540 4559 696 4642 &9101
