2874 4994
184 345 313 400 RERVM
332 347 573 401 uvsricauvu
592 346 659 401 LIB.
678 347 690 400 l
711 345 840 402 31-32
1043 338 1084 404 89

120 518 204 574 rope
229 502 343 561 viridis.
390 519 481 580 quare
505 499 578 561 duas
609 499 742 561 vocabuli
773 500 970 561 derivationes
994 501 1085 562 Varro

122 624 202 666 eram
226 624 242 666 a
267 607 356 688 terro,
375 606 496 667 alteram
520 626 535 667 a
559 607 637 668 larre
657 608 785 688 ductam,
804 609 834 667 in
858 607 938 670 hunc
957 607 1086 688 modurn,

133 723 247 789 seqete,
271 716 324 775 ubi
349 721 418 774 satu
442 717 581 775 edmtato
610 717 758 776 hordeum
785 723 815 775 et
842 718 922 776 vicia
945 724 975 776 et
1004 719 1085 791 lepu-

120 823 161 880 uli
183 839 279 881 corase
304 824 401 881 uiride
425 823 463 881 ol>
484 839 527 901 ee,
546 824 628 896 quod
646 820 734 896 serre
754 840 855 894 caesa,
871 819 1010 897 serrepo,
1032 828 1086 882 aut

120 945 172 1001 ipo,
195 930 278 1002 praed
295 931 429 1003 primum
452 931 483 988 iu
504 927 651 1003 ferrucio
674 937 774 1003 sepem
794 931 868 1002 fieri
889 936 1004 1005 coepta.
1060 922 1064 935 '

121 1034 181 1111 qni
197 1066 237 1074 -
253 1031 467 1113 purgantur]
488 1034 536 1094 Ea
555 1033 706 1094 iucundus
725 1043 755 1094 et
776 1032 933 1117 Victorius,
952 1053 996 1110 eo,
1015 1034 1045 1095 lr.
1059 1053 1085 1096 e.

122 1138 197 1199 elius
222 1141 403 1202 restituerat.

127 1265 167 1306 us
191 1265 268 1306 eum
293 1266 413 1307 susum
439 1265 569 1307 uersus
592 1248 708 1326 serpit
736 1246 777 1306 ad
800 1265 944 1326 scapum
969 1245 1086 1327 lupini

120 1372 221 1432 quem
246 1362 284 1414 ut
307 1353 453 1414 haereat
478 1353 512 1414 id
536 1354 631 1414 solet
654 1353 817 1432 uincere]
844 1356 953 1415 Susum
977 1373 1085 1415 uersus

121 1461 259 1541 ograplra,
279 1479 380 1521 sorsum
401 1478 522 1522 aceretem
542 1460 634 1521 codex
654 1459 844 1520 Florentinus
864 1470 894 1520 et
913 1460 1085 1541 Politianus,

120 1587 177 1629 reru
206 1570 349 1647 principis
378 1568 516 1628 editionis
545 1569 653 1643 quibus
680 1586 801 1628 sursum
829 1585 952 1628 uersum
980 1585 1084 1646 parurn

123 1684 284 1735 orrexerat.
331 1679 448 1736 triraeire
476 1674 597 1736 Merula.
643 1678 821 1736 sententiam
854 1673 1027 1754 vernorum,
1056 1677 1086 1735 iu

120 1789 209 1841 >retes
242 1779 464 1860 laboraverunt,
495 1780 699 1841 demonstrant
733 1799 765 1841 ea
800 1799 875 1860 qliae
908 1780 944 1841 de
978 1780 1085 1842 vitibus

120 1896 163 1966 pta
187 1897 266 1947 sunt.
309 1888 383 1947 vicia
407 1889 495 1967 enim,
519 1906 586 1948 cum
611 1904 714 1948 susum
739 1881 848 1949 versus
866 1890 969 1968 serpit,
993 1887 1085 1948 ulad

123 2012 211 2072 quem
236 1993 369 2074 haereat,
393 1993 539 2073 capreolis
564 1993 591 2053 id
617 2012 675 2072 qno
699 1997 835 2073 pervenit
860 1996 970 2055 vincire
1001 1994 1085 2075 solet,

120 2120 147 2161 m
171 2119 273 2160 snsrrm
298 2120 403 2161 uersus
426 2104 521 2178 serpit
547 2132 596 2174 —,
620 2104 653 2162 id
674 2105 748 2161 solet
771 2104 896 2162 vincire.

120 2227 158 2267 tm
178 2207 260 2267 addi
280 2208 413 2268 cotidie
434 2226 449 2268 a
468 2227 537 2287 quo
556 2207 649 2286 quod
668 2207 809 2287 indiget
827 2216 912 2287 potu
932 2226 1032 2288 poma
1048 2208 1085 2269 .l.

123 2334 138 2374 e
163 2314 330 2394 possunt]
355 2314 429 2374 Non.
453 2334 480 2394 p.
496 2312 547 2390 61,
562 2311 605 2376 28
629 2316 790 2377 Pomorum
813 2333 833 2375 o
860 2315 998 2376 Varrone
1012 2334 1084 2393 pre·

120 2427 250 2499 pluriora
278 2430 322 2482 est
350 2425 387 2482 de
415 2440 450 2481 re
477 2425 595 2482 rustica
618 2423 667 2482 lib.
687 2423 717 2497 1,
745 2439 855 2497 aquom
879 2424 955 2482 eddi
976 2424 1087 2484 cotidie

124 2547 191 2610 quo,
211 2532 293 2603 quod
314 2530 451 2602 indiqeut
470 2531 566 2604 petrei,
582 2545 673 2604 pomo
692 2531 775 2590 dieto
800 2547 863 2590 esse
882 2538 1016 2605 possunt.
1045 2528 1084 2588 id.

120 2645 123 2683 t
148 2637 275 2694 Batinus
295 2653 354 2711 pro
378 2637 510 2694 ablativo
534 2667 573 2676 —
607 2635 706 2697 Varro
735 2638 772 2696 de
799 2654 835 2696 re
858 2638 975 2696 rustico
999 2637 1088 2697 lim]

120 2746 155 2803 td
178 2745 314 2817 indipeut
332 2745 428 2817 potui,
446 2759 540 2818 pomo
564 2744 647 2803 dieta
670 2761 734 2803 esse
754 2750 887 2820 pessunt.
919 2742 995 2820 apnd
1016 2740 1084 2802 Var-

120 2852 197 2926 neri,
223 2848 300 2927 quod
325 2851 355 2907 in
385 2867 472 2908 maun
501 2850 620 2928 scriptis
644 2847 727 2909 libris
755 2859 784 2910 et
813 2851 843 2909 iu
870 2850 1084 2928 antiquissimis

142 2975 200 3016 nou
224 2954 346 3035 legitur,
365 2974 401 3015 ex
425 2954 519 3015 Nonio
539 2954 650 3015 addidit
669 2954 832 3031 iucundus,
853 2956 959 3016 deiude
984 2958 1083 3017 omisit

120 3080 196 3141 piem
217 3061 364 3121 Victorius
384 3071 505 3121 secutus
525 3071 583 3142 est,
606 3061 824 3122 restituendum
844 3080 910 3122 esse
929 3062 1082 3122 lllercerus

142 3188 166 3228 c.
186 3168 345 3248 adnotavit,
369 3185 546 3246 quamquam
571 3169 688 3247 erravit,
712 3185 779 3227 curn
804 3167 881 3227 idem
905 3170 935 3227 iu
960 3163 1082 3246 ‘optimo

120 3271 235 3356 uouis',
266 3275 293 3335 h.
314 3294 338 3335 o.
367 3275 514 3354 Parisino,
547 3276 692 3354 scriptum
725 3292 790 3334 esse
824 3273 954 3334 adderet.
996 3278 1086 3352 potui

123 3400 171 3441 uin
202 3383 368 3462 posteriore
399 3380 463 3440 loeo
491 3380 600 3442 habent
632 3399 749 3462 omues,
781 3383 853 3443 item
885 3382 984 3461 priore
1017 3380 1082 3441 loco

120 3493 143 3569 i,
160 3496 253 3565 potus
277 3508 311 3547 ex
336 3497 509 3549 correctura
532 3487 716 3569 Harieianus,
736 3498 810 3566 potu
833 3489 920 3568 pauci
942 3506 978 3549 ex
1002 3487 1082 3548 dete·

120 3598 211 3655 retnis
244 3595 396 3654 novissimi
430 3593 568 3656 editores.
614 3594 670 3655 hoc
699 3613 753 3656 cor
782 3594 905 3655 Varroui
934 3594 1082 3656 tribuatur

135 3710 188 3760 est.
226 3719 292 3761 narn
317 3709 458 3781 corrupto
483 3700 559 3762 libro
578 3701 692 3762 Nouius
716 3702 761 3762 vel
785 3703 810 3761 is
834 3720 923 3781 quem
946 3701 994 3763 ille
1015 3720 1081 3764 auc·

120 3815 179 3868 itus
202 3815 267 3867 erat
289 3825 362 3867 usus
386 3816 440 3868 est.

120 3914 168 3975 11
200 3914 412 3984 Quindecim
436 3913 577 3992 diebus]
602 3914 643 3974 lle
663 3915 820 3975 frumentis
844 3914 916 3973 alios
941 3933 1081 3975 numeros

120 4030 216 4081 actore
241 4021 352 4081 iudicat
376 4019 488 4082 Plinius
512 4019 603 4081 XVlll
623 4017 665 4082 56
697 4022 794 4082 Varro
822 4028 932 4097 quater
959 4025 1083 4082 novenis

120 4147 174 4203 pes
198 4130 313 4188 absolvi
335 4131 431 4188 tradit
454 4137 482 4189 et
505 4146 606 4189 mense
628 4146 707 4190 nono
731 4130 809 4188 meti.
847 4127 898 4187 scd
918 4145 952 4189 ea
976 4135 1026 4189 aot
1044 4127 1080 4187 ab

120 4235 200 4294 liena
225 4244 275 4295 ant
298 4254 402 4314 parurn
427 4244 564 4295 acetrrate
588 4254 603 4295 a
626 4233 721 4294 Plinio
746 4233 837 4294 relata
860 4242 939 4295 sunt.

120 4345 220 4415 'ailam
241 4351 273 4403 ut
297 4342 353 4402 luit
375 4344 405 4401 io
429 4340 598 4421 archetypo,
618 4339 765 4401 Victorius
789 4340 924 4402 deditio
947 4342 1077 4403 secunda

120 4453 225 4510 *vilium
241 4450 423 4530 antiquiores
438 4448 505 4509 inde
521 4466 537 4508 a
552 4450 686 4528 principe
701 4447 926 4528 editione,sicot
936 4450 1080 4530 scriptum
