2874 4994
222 331 266 398 58
583 338 774 395 ΟΟΜΜΕΝΤ.
793 338 1010 450 monronis

221 493 320 578 45,1
354 499 450 558 taleas
476 498 633 572 olearium
661 503 692 556 et
720 492 818 575 76,1
844 495 973 571 [urinae
998 499 1146 571 silipneue
1174 497 1205 557 in
1232 496 1374 575 principe

222 602 351 665 editione
379 602 542 665 Politianus
571 621 630 663 oon
659 604 798 663 correxit
849 604 920 663 item
948 597 1005 683 54,
1028 600 1049 664 2
1078 620 1154 664 acus
1177 602 1375 680 subupinum,

221 709 273 792 21,
292 707 314 773 5
336 714 467 772 muterio
487 709 632 786 supinos,
654 706 744 788 20,1
770 712 875 771 cuneis
898 712 1033 784 sultanis,
1058 717 1162 769 contra
1182 702 1236 785 43,
1258 708 1276 772 1
1297 729 1373 788 per·

221 823 290 881 tisis
312 821 466 894 sutipner's.
510 816 637 877 similem
661 817 828 894 scripturae
851 815 1081 895 discrepantiam
1104 815 1182 896 apud
1207 815 1372 878 Varronem

222 944 245 987 r.
264 944 288 986 r.
307 924 334 984 ll
352 921 441 1005 2,14
465 925 571 984 notavi.
592 956 630 966 -
652 941 688 983 ex
712 922 838 983 diversis
861 921 935 983 locis
959 921 1082 984 collecta
1105 933 1176 984 sunt
1195 941 1271 1002 quse
1290 922 1372 1002 spud

220 1032 349 1093 Plinium
373 1030 436 1090 XVl
460 1027 502 1091 92
530 1030 567 1090 de
597 1029 752 1091 frondibus
781 1029 922 1091 arborum
950 1030 1104 1110 leguntur,
1134 1032 1243 1106 quibus
1271 1033 1374 1092 adicit

224 1141 297 1201 Cato
329 1141 462 1200 decidua
491 1126 514 1198 ἀ
542 1142 654 1215 populo
687 1132 835 1220 (deciduo
865 1155 903 1199 eu
927 1141 1038 1215 populo
1067 1155 1087 1198 u
1116 1136 1161 1197 vel
1189 1140 1323 1200 decidua
1352 1154 1373 1197 u

217 1250 328 1325 populo
352 1264 372 1306 a
396 1243 529 1325 codices,
555 1247 687 1305 decidua
706 1246 839 1321 populeo
863 1237 1018 1325 Gelenius)
1041 1262 1228 1324 quernaque,
1250 1247 1371 1305 animu-

221 1356 299 1416 libus
324 1355 430 1414 r'ubens
449 1354 522 1413 duri
539 1369 600 1412 non
615 1353 767 1429 perarida
773 1372 786 1422 ;
809 1353 1042 1427 uniusquidem
1061 1360 1091 1412 et
1104 1354 1240 1425 ficulneo
1260 1353 1373 1426 ilipnu·

222 1479 281 1536 que
302 1455 461 1543 (licumque
480 1458 608 1538 codices,
627 1460 782 1533 itiqnuque
801 1451 946 1539 editores)
966 1466 995 1519 et
1013 1461 1187 1520 bederuceo
1206 1461 1323 1520 duntur
1343 1465 1374 1519 et

227 1587 267 1630 ex
290 1570 465 1629 harundine
488 1585 527 1627 uc
549 1569 657 1626 luuru:
680 1566 716 1625 cl.
736 1564 796 1625 Cat.
817 1562 881 1646 5,8
906 1574 936 1626 et
959 1562 1012 1647 54,
1030 1562 1059 1626 2.

315 1673 453 1735 Ouibus
482 1671 644 1733 trondem
673 1671 829 1732 uiridem
852 1690 967 1752 usque
991 1671 1070 1733 dum
1093 1671 1243 1733 habebis
1266 1691 1373 1751 prae·

226 1781 308 1843 beto
336 1780 397 1842 ubi
424 1781 611 1840 sementim
642 1779 811 1840 lecturus
839 1781 913 1840 eris
941 1780 992 1841 ibi
1019 1798 1105 1841 oues
1130 1778 1312 1841 delectato
1337 1788 1373 1841 et

227 1888 390 1948 lrondem
415 1904 528 1966 usque
552 1885 592 1946 ad
615 1885 745 1964 pabula
769 1895 906 1947 matura
929 1886 1096 1965 pabulum
1119 1886 1257 1947 aridum
1277 1886 1373 1966 quod

225 1994 437 2057 condideris
461 1995 496 2053 in
520 1992 634 2053 bieme
653 2011 755 2071 quam
774 1996 922 2055 maxime
942 1990 1171 2074 conseruato]
1196 1996 1271 2056 Oves
1289 1997 1372 2057 dete-

222 2111 296 2179 puto
325 2111 354 2163 et
372 2101 515 2177 frondem
543 2118 638 2175 usque
666 2103 709 2161 ad
730 2103 847 2178 pabula
872 2111 995 2163 matura
1019 2105 1090 2163 doto
1112 2100 1233 2162 Merula.
1279 2096 1373 2162 ‘Oves

225 2208 383 2270 delectato:
425 2207 687 2286 Elegantissimum
727 2207 850 2268 verbum
888 2208 958 2269 binc
996 2208 1182 2270 incommode
1219 2192 1372 2270 sublatum

226 2317 324 2378 luerat
356 2334 390 2376 ac
419 2333 473 2395 pro
507 2314 557 2375 illo
585 2313 724 2393 Delegato
752 2317 922 2394 importune
950 2317 1128 2397 repositum,
1160 2315 1237 2395 quod
1267 2315 1372 2377 multis

225 2423 319 2485 modis
347 2440 452 2503 perum
479 2421 528 2482 bic
557 2430 657 2501 aptum
686 2439 752 2482 osse
781 2421 972 2501 intellegitur.
1018 2422 1168 2484 Delectato
1196 2425 1227 2484 in
1250 2425 1371 2484 cunctis

224 2531 436 2607 manuscriptis
464 2523 657 2588 ollendimus'
682 2528 840 2590 Victorius.
885 2533 1032 2592 delectato
1055 2529 1218 2591 Politianus
1246 2537 1276 2590 et
1298 2549 1371 2610 spo·

223 2636 349 2716 grapba,
382 2638 513 2696 delicato
541 2653 576 2694 er
604 2634 737 2695 Mediceo
765 2637 868 2697 codice
896 2636 1059 2698 Politianus
1087 2637 1245 2716 adscripsit
1272 2645 1304 2698 ct
1332 2656 1370 2698 ex

224 2742 337 2822 eodem,
360 2760 420 2801 non
440 2759 476 2801 ex
495 2741 666 2823 archetypo,
689 2752 718 2803 et
741 2742 857 2806 delevit.
894 2747 948 2805 ubi
968 2747 1121 2806 sementim
1141 2744 1288 2820 [acturus
1305 2748 1371 2806 em's

223 2853 267 2912 ibi
297 2853 372 2910 oues
397 2851 545 2909 delectato
578 2851 609 2909 in
641 2850 731 2910 linem
763 2852 869 2929 capitis
898 2851 1117 2931 transponenda
1145 2860 1176 2912 et
1203 2850 1310 2912 deinde
1339 2860 1371 2914 et

220 2957 362 3032 frondem
390 2959 512 3016 auridum
539 2975 635 3032 usque
662 2960 705 3018 ad
728 2959 844 3034 pabulo
870 2967 993 3019 maturo
1022 2958 1213 3019 scribendum
1239 2959 1371 3018 coniecit

135 3148 137 3152 μ
224 3062 394 3123 Eussnerus
417 3083 444 3142 p.
460 3059 535 3124 305.
572 3072 602 3125 et
616 3063 757 3138 frondem
781 3083 876 3140 usque
895 3069 938 3126 ud
951 3068 1066 3142 pabulo
1089 3072 1212 3126 motura
1234 3067 1307 3125 doto
1331 3082 1370 3125 ex

223 3171 438 3248 antiquissimis
457 3170 639 3231 editionibus
659 3171 861 3232 Schneiderus
879 3174 1002 3250 recepit.
1040 3176 1071 3233 in
1089 3175 1215 3234 hiemem
1234 3170 1369 3233 scriben-

221 3277 293 3337 dum
325 3294 391 3337 esse
424 3275 503 3337 idem
536 3277 694 3338 adnotavit.
741 3277 777 3337 de
810 3277 914 3339 ovibus
947 3278 1003 3338 boc
1033 3279 1229 3359 praecipitur,
1260 3279 1369 3340 lronde

221 3383 309 3445 viridi
341 3402 404 3464 eos,
437 3402 525 3463 quom
553 3383 605 3444 diu
634 3384 698 3444 lieri
726 3386 834 3464 possit,
867 3384 986 3445 alendas
1014 3394 1044 3446 ct
1071 3388 1101 3445 in
1130 3404 1214 3465 agro,
1246 3387 1278 3447 in
1306 3404 1368 3465 quo

221 3493 364 3551 sementis
392 3490 525 3551 iacienda
553 3499 612 3571 est,
640 3491 803 3569 pascendas
827 3510 907 3574 osse,
936 3500 969 3552 ut
992 3490 1133 3570 pabulum
1157 3491 1272 3553 aridum
1296 3510 1368 3554 con·

219 3598 306 3659 datur
334 3607 364 3657 et
392 3599 422 3657 in
452 3596 580 3656 hiemem
609 3615 698 3676 quam
726 3600 853 3659 marimo
881 3608 1084 3689 conservetur.
1130 3617 1197 3660 nam
1222 3599 1370 3677 frondem

216 3713 284 3784 post
312 3705 517 3783 interpositam
541 3707 719 3765 sententiam
744 3708 799 3766 ubi
819 3710 973 3768 sementim
992 3707 1121 3783 seceris,
1150 3709 1194 3768 ibi
1219 3726 1289 3769 oves
1314 3712 1367 3770 de-

216 3815 326 3871 lectato
350 3827 409 3869 non
432 3809 532 3870 addito
557 3810 647 3871 verbo
671 3814 832 3891 repetitum
856 3822 916 3894 est,
939 3816 1043 3874 ouibus
1063 3813 1205 3888 frondem
1228 3817 1369 3890 uiridem,

217 3934 313 3992 usque
332 3920 403 3977 dum
421 3919 554 3991 liubebr's,
573 3919 729 3994 praebeto,
752 3920 806 3978 ubi
822 3923 976 3980 sementim
994 3952 1038 3962 -
1057 3922 1214 3994 delectato,
1233 3923 1262 3982 el
1277 3920 1369 3996 fron-

216 4026 280 4084 dem
304 4043 398 4100 usque
421 4028 465 4085 ud
483 4026 600 4101 pabula
623 4032 756 4086 motura.
798 4028 944 4102 pabulum
968 4029 1089 4086 aridum
1114 4044 1177 4105 sqq.

305 4132 543 4210 Cogitatoque
562 4131 692 4192 hiemis
712 4150 814 4212 quam
832 4131 936 4211 longa
956 4132 1040 4210 siet]
1060 4135 1175 4195 Iliemis
1190 4133 1233 4194 vel
1248 4137 1369 4212 hyemis

217 4237 401 4319 apographa,
433 4240 527 4299 biems
557 4241 587 4298 iu
621 4240 757 4318 principe
786 4239 916 4299 editione
944 4239 1109 4301 Politianus
1136 4260 1195 4302 non
1223 4244 1368 4303 correxit.

215 4348 245 4405 in
279 4343 438 4423 archetypo
471 4347 577 4406 hiemis
606 4345 723 4405 videtur
752 4348 896 4425 scriptum
925 4347 1031 4428 luisse,
1064 4358 1165 4427 postea
1194 4358 1367 4411 correctum

215 4455 319 4514 biems.
355 4453 472 4529 hyemis
492 4470 527 4512 ex
546 4469 635 4514 manu
656 4454 778 4534 scriptis
796 4452 882 4515 libris
895 4453 1046 4534 Angelius.
1084 4454 1222 4517 similiter
1236 4461 1369 4519 commis
