2874 4994
351 113 483 169 enavit
504 113 745 171 RVSTIOARVM
767 114 836 170 LlB.
855 115 895 169 lll
917 112 935 169 5
1155 104 1221 170 239

54 271 144 331 nino
168 287 285 344 uenere
311 273 436 332 canales
464 272 557 332 dixit:
589 280 694 331 contra
723 272 942 343 canaliculum,
972 286 1030 328 uon
1060 270 1218 330 canalicu-

56 378 131 437 lam
155 370 321 456 1115,14.

161 480 347 543 Etaieis
376 479 509 544 caduca
538 499 628 561 quae
656 479 813 542 abundat
840 498 904 559 per
927 479 1090 541 fistulam
1119 482 1217 540 exire

53 605 108 649 ne
135 586 214 650 luto
238 607 321 650 ares
343 587 528 666 laborent]
554 578 656 649 Et‘ec
683 591 727 649 eis
755 589 890 662 caduca,
918 605 998 662 quac
1026 589 1165 648 abundat
1188 593 1218 647 et

53 697 134 756 ecit
153 713 213 772 per
232 698 380 775 fistulam,
405 693 486 771 fecit
514 701 549 754 ut
570 699 632 755 tuta
656 711 727 755 aues
754 696 894 755 laborent
916 691 1076 754 lucundus.
1116 691 1217 753 arche·

55 803 131 881 typi
150 800 308 862 lectionem
329 798 478 862 Victorius
497 801 637 862 restituit.
670 818 750 876 quae
767 803 909 861 abundat
926 808 1075 879 tamquam
1090 799 1218 878 glossam

60 910 152 970 vocis
176 912 300 970 caduca
324 907 449 969 Ursinus
474 918 504 968 et
528 906 669 968 Schottus
692 906 809 969 observ.
828 905 932 968 histor.
951 903 1016 986 3,8
1035 905 1220 985 deleverunt,

60 1014 193 1079 inclusit
215 1013 376 1076 Gesnerus.
418 1018 569 1077 caducam
592 1013 671 1074 idem
691 1012 843 1074 Gesnerus
866 1012 1057 1075 scribendum
1079 1013 1216 1073 coniecit.

59 1120 104 1182 de
129 1120 241 1183 caduca
270 1139 346 1200 aqua
374 1120 535 1183 Frontinus
563 1122 600 1182 de
629 1122 715 1200 aquis
737 1117 826 1183 1194
855 1119 943 1182 habet
970 1119 1055 1200 baec,
1085 1139 1125 1181 ne
1151 1122 1219 1195 quis

54 1231 208 1305 priuatus
231 1231 324 1289 aliam
347 1246 459 1304 aquam
482 1231 584 1302 ducat,
607 1245 699 1303 quam
717 1245 796 1302 quac
814 1245 854 1288 ea
872 1230 942 1288 lacu
961 1228 1083 1288 humum
1103 1204 1219 1292 accidit

62 1336 164 1408 (hacc
186 1337 266 1396 enirn
288 1342 359 1396 sunt
381 1337 475 1396 uerba
498 1337 601 1410 lepis),
630 1337 664 1395 r'd
690 1342 735 1395 est
757 1352 836 1408 quae
865 1352 907 1395 eac
934 1337 1016 1394 Iucu*
1034 1335 1216 1394 abntrduuit:

63 1459 136 1503 cam
159 1458 215 1502 nas
237 1441 390 1502 caducam
412 1458 572 1511 racemum
599 1440 638 1500 ib.
660 1436 724 1502 110
755 1443 958 1517 impetrantur
981 1446 1082 1501 autem
1110 1445 1139 1500 et
1162 1455 1217 1499 eae

65 1565 172 1624 aquae
195 1565 275 1623 quae
297 1550 437 1609 caducae
459 1554 618 1620 uocantur,
642 1548 677 1607 id
697 1553 743 1608 est
764 1564 843 1621 quae
866 1552 921 1606 cut
943 1563 983 1606 ea
1006 1547 1146 1618 castellas
1162 1550 1216 1604 aut

66 1671 111 1716 eac
128 1656 355 1716 munctionibus
374 1656 549 1728 fistularum
568 1655 735 1715 abundant.
773 1671 808 1731 ex
828 1650 937 1731 quibus
957 1650 1033 1731 apud
1054 1649 1215 1710 Varronem

68 1758 201 1821 dilucida
230 1761 262 1820 lit
288 1759 447 1821 verborum
475 1761 661 1835 coniunctio,
689 1762 719 1820 io
747 1776 805 1838 qua
834 1760 1014 1837 interpretes
1041 1756 1217 1818 haeserunt:

67 1883 188 1947 aquam,
215 1884 290 1945 quae
314 1866 424 1929 caduca
448 1886 484 1927 ex
507 1865 659 1928 canalibus
682 1864 820 1946 abundat,
848 1863 876 1924 h.
896 1884 921 1925 e.
944 1882 1019 1944 quae
1043 1861 1153 1924 caduca
1177 1863 1217 1940 lit,

68 1972 144 2035 dum
173 1972 303 2036 abundat
331 1992 366 2034 ex
395 1972 562 2054 canalibus,
590 1990 643 2053 per
670 1970 798 2033 fistulam
827 1972 908 2031 exire
936 1979 1062 2051 oportet.
1109 1967 1216 2030 deiude

71 2082 204 2142 cocliam
227 2077 337 2139 bahent
362 2078 428 2141 libri
454 2097 542 2141 uranu
566 2080 679 2159 scripti,
706 2080 855 2140 corbitam
878 2078 908 2137 in
931 2077 1066 2155 principe
1090 2073 1219 2135 editione

68 2184 237 2247 Politianus
260 2203 320 2246 non
344 2184 482 2246 cdrrexit.

112 2314 116 2322 ’
159 2288 180 2356 3
212 2290 260 2353 Ne
289 2308 356 2371 qua
384 2293 524 2351 intrare
552 2288 649 2367 mus]
677 2291 722 2351 Ne
750 2308 832 2365 aqua
861 2289 951 2350 editio
975 2287 1097 2348 Victorii
1126 2288 1216 2347 mani·

65 2399 146 2460 festo
169 2416 282 2479 errore,
306 2399 358 2477 qui
381 2403 479 2458 tamen
498 2395 535 2457 ab
554 2395 727 2477 editoribus,
751 2398 803 2476 qui
821 2395 902 2458 illam
920 2400 1142 2475 expresserunt,
1167 2412 1213 2454 re-

68 2506 185 2586 petitus
208 2514 262 2566 est.
795 2510 802 2521 ‘

158 2609 181 2672 4
213 2610 343 2673 llultos
363 2629 442 2672 esse
461 2611 562 2690 palos
581 2609 641 2672 ubi
660 2629 745 2672 aues
764 2610 933 2671 adsidere
954 2611 1098 2688 possint
1116 2626 1219 2687 prae·

64 2727 172 2781 terea
198 2736 214 2778 a
242 2720 400 2797 perticis
427 2716 624 2779 inclinatis
651 2736 690 2777 ex
720 2718 823 2778 humo
852 2716 891 2777 ad
920 2717 1095 2796 parietem
1124 2724 1158 2777 et
1185 2718 1218 2776 in

64 2825 122 2887 eis
148 2825 329 2884 trauersis
355 2822 529 2903 gradatim
558 2824 708 2884 modicis
737 2799 951 2885 interuallis
980 2825 1133 2902 perticis
1161 2823 1219 2881 ad-

68 2931 177 2992 nexis
205 2930 244 2991 ad
273 2932 430 3010 speciem
460 2928 704 2991 cancellorum
737 2932 962 2989 scenicorum
995 2946 1034 2989 ac
1068 2926 1218 3003 theatri]

68 3037 244 3098 Praeterea
267 3044 296 3098 et
315 3039 453 3115 perticas
476 3040 640 3099 inclinatas
663 3054 703 3098 eac
726 3037 815 3097 dumo
839 3037 883 3096 ad
900 3037 1051 3112 parietem
1075 3041 1103 3094 et
1126 3037 1157 3093 in
1176 3037 1220 3095 eis

67 3151 268 3204 transuersas
291 3147 370 3206 alias
393 3145 551 3220 predatim
569 3144 696 3204 modicis
715 3144 882 3204 interuallis
904 3159 1046 3202 annexas
1064 3138 1216 3200 lucuodus

69 3248 230 3330 archetypi
262 3249 419 3311 lectionem
454 3248 601 3311 Victorius
634 3250 779 3330 restituit,
814 3246 864 3308 ubi
894 3246 1045 3308 Gesnerus
1077 3248 1121 3307 ad
1152 3256 1219 3305 aitte

71 3357 209 3437 speciem
232 3355 361 3435 inclusit,
386 3364 419 3417 ut
441 3353 665 3435 intellegeretur
689 3350 823 3435 ‘oportet
846 3372 912 3415 esse
936 3347 1092 3432 speciem'.
1128 3371 1219 3430 prae-

71 3471 163 3524 terea
186 3471 215 3524 ct
229 3466 368 3540 perticas
386 3465 551 3524 inclinatae
569 3480 609 3523 en
627 3464 716 3524 burno
735 3464 779 3524 ad
792 3463 943 3539 parietem
961 3468 991 3521 et
1009 3463 1040 3520 in
1059 3463 1103 3521 eis
1122 3456 1220 3521 trans-

66 3588 179 3632 versas
194 3573 353 3645 proauum
371 3572 502 3631 modicae
517 3572 685 3631 interuallis
701 3571 838 3646 perticas
856 3585 995 3629 annexas
1010 3565 1220 3627 Schneiderus.

68 3695 114 3739 ac
143 3678 258 3739 theatri
286 3675 363 3737 idem
393 3675 514 3737 inclusit
543 3694 579 3736 ex
603 3678 772 3736 coniectura
798 3674 905 3736 Ursini.
947 3671 1042 3734 deleta
1069 3675 1219 3751 praeposi·

70 3785 155 3846 tione
187 3802 204 3846 e
236 3784 343 3864 scripsi
368 3791 536 3860 practerea
564 3786 694 3859 perticis
726 3785 880 3844 inclinatis
904 3798 968 3860 sqq.
998 3797 1065 3839 nam
1094 3777 1221 3858 ablativi,

69 3888 183 3970 quibus
216 3898 374 3969 apparatus
406 3888 586 3950 describitur
619 3891 811 3969 perticarum,
844 3906 919 3967 quae
952 3889 983 3948 iu
1015 3884 1149 3946 aedilicio
1177 3888 1219 3946 iu·

69 3995 218 4059 struemlo
241 3997 277 4057 ad
301 3995 383 4076 palos
408 3996 566 4078 adduntur,
586 3999 714 4073 perticis
737 3998 890 4057 inclinatis
911 4002 942 4055 et
960 3992 1067 4054 deiude
1088 3994 1216 4069 perticis

70 4105 215 4178 adnexas,
239 4103 432 4164 offensionem
456 4101 566 4164 habere
585 4120 644 4163 nou
664 4100 820 4163 debebant.
857 4108 976 4180 praeter
995 4098 1085 4180 palos,
1104 4101 1134 4160 in
1155 4100 1218 4179 qui·

68 4207 129 4275 hus
147 4228 216 4271 aves
235 4208 371 4271 adsidere
390 4211 514 4291 possint,
531 4211 661 4288 perticae
677 4227 712 4269 ex
729 4209 820 4270 hermo
839 4209 869 4268 in
888 4208 1017 4286 parietes
1032 4205 1221 4266 inclinantur.
