2874 4994
145 311 187 374 52
486 318 677 375 COMMENT.
695 320 737 375 IN
754 316 943 374 VARRONIS

234 471 255 534 2
280 473 442 534 Secunda
467 493 549 553 seps
573 483 629 536 est
651 493 690 534 ex
710 474 847 554 agresti
870 468 1005 553 eligno]
1024 469 1245 550 &epesinpre

146 582 211 661 cipe
236 581 365 642 editione
388 580 552 642 Politianus
581 599 642 642 non
670 581 814 661 correxit,
839 598 908 657 ceps
930 577 1035 657 nam,
1059 578 1169 655 spectu
1187 578 1245 639 αἱ

145 689 277 764 margine
301 692 339 748 ul.
362 706 430 765 seps
453 688 545 749 codex
569 687 731 763 Caesenas,
754 705 838 765 sepes
861 684 1067 764 Florentium,
1089 682 1165 763 qood
1180 684 1245 763 ipa

150 794 180 851 in
205 792 365 874 archetypo
390 795 482 855 fuisse
505 795 630 856 videtur.
676 814 717 856 ex
739 797 857 871 agresti
881 796 963 869 ligno
986 790 1109 853 Merula.
1150 806 1194 870 pro
1211 788 1247 851 bc

145 903 275 974 agrestis
303 920 320 961 e
348 904 429 977 legno
458 904 579 983 scripsi,
613 903 752 981 quoniam
780 918 867 961 omne
896 899 955 961 hoc
987 897 1163 978 saepimeuti
1185 912 1247 975 gru

145 1015 260 1085 agreste
284 1006 396 1068 dictum
420 1016 484 1069 erat
507 1027 605 1089 supra.

233 1112 289 1173 Fit
312 1122 371 1174 aut
394 1114 488 1194 palis
512 1117 663 1176 statutis
686 1112 827 1175 crebris
851 1131 867 1174 e
891 1110 1071 1191 uirgultis
1093 1106 1249 1189 implicatis

143 1228 203 1280 aut
227 1219 310 1281 latis
333 1220 547 1300 perforatis]
573 1223 612 1282 m
634 1225 778 1298 uirpulu's
800 1238 829 1281 m
853 1228 884 1281 et
906 1218 1000 1279 codex
1025 1216 1249 1297 Florentium

143 1329 287 1401 uirgultis
309 1327 386 1387 edita
410 1338 478 1389 ante
502 1328 665 1390 Victoriam
693 1327 885 1408 exemplaria,
907 1344 925 1388 e
952 1327 1097 1401 airauuu
1122 1341 1157 1385 ex
1179 1316 1249 1383 urm

144 1431 302 1514 Victorius,
325 1432 377 1494 ubi
400 1437 650 1514 praepositionem
674 1435 829 1496 delendam
852 1452 919 1495 esse
938 1431 1009 1493 olim
1034 1430 1195 1511 significari
1216 1426 1249 1489 sd

145 1542 243 1619 aptius
267 1548 313 1601 est
336 1550 365 1601 et
387 1545 537 1617 uirgultis.
570 1560 637 1602 nam
662 1544 717 1603 tria
737 1551 807 1603 sunt
825 1558 934 1621 genera
954 1540 1084 1620 agrestis
1107 1536 1249 1617 supinat,

144 1664 236 1706 unum
257 1647 335 1726 qarod
360 1649 391 1708 ut
415 1667 431 1709 e
454 1648 528 1728 palis
552 1657 583 1709 et
600 1648 746 1731 virgultis,
765 1648 891 1710 alterum
911 1649 1010 1727 ipsum
1031 1630 1181 1725 quoque'e
1195 1640 1249 1722 pris

144 1755 196 1815 scd
215 1757 245 1815 iu
266 1755 356 1817 latere
376 1755 534 1834 perforatis
554 1764 584 1816 et
602 1755 745 1836 longuriis
774 1757 913 1838 inmissis,
932 1755 1058 1816 tertium
1077 1769 1115 1813 ex
1132 1746 1249 1811 omniu

144 1863 258 1922 truncis
282 1863 311 1921 in
336 1869 417 1922 terra
440 1863 513 1923 lixis.

233 1964 254 2027 3
287 1968 443 2048 aggeres
476 1969 616 2030 iaciunt
649 1971 725 2031 sine
759 1969 854 2029 fossa
887 1986 948 2029 eos
985 1966 1129 2046 quidam
1158 1968 1250 2025 uocari

143 2073 277 2152 marrus]
297 2077 433 2150 mperes
457 2080 511 2152 qui
529 2076 653 2152 faciunt
675 2076 836 2139 {arcendos
868 2093 1000 2152 aggeres
1023 2074 1148 2150 quidum
1164 2069 1250 2148 facud

142 2185 208 2242 siue
228 2180 321 2258 socru,
345 2200 454 2258 eosque
477 2191 586 2245 uocant
609 2202 711 2245 muros
734 2184 862 2244 coniecit
884 2180 1047 2242 Gesnerus

232 2286 254 2348 4
285 2287 334 2348 Ex
358 2296 456 2350 terra
480 2298 516 2350 et
537 2289 675 2370 lapillis
698 2291 910 2369 compositis
933 2291 968 2349 in
992 2280 1135 2365 formis]
1155 2280 1251 2358 Insunt

144 2393 266 2455 Merula
313 2399 344 2455 iu
371 2396 480 2472 formis
508 2396 640 2457 defendit
669 2396 869 2457 Schneiderus
897 2394 1058 2473 adscriptis
1087 2392 1124 2452 iis
1149 2382 1251 2470 muudi

143 2500 199 2561 hoc
228 2521 337 2581 genere
366 2505 511 2564 maceriae
544 2503 665 2564 tradunt
688 2501 800 2564 Plinius
824 2499 929 2562 XXXV
951 2496 1015 2563 169
1044 2500 1139 2574 quid?
1166 2495 1252 2557 mad

143 2610 174 2667 in
194 2608 305 2683 Africo
324 2611 532 2687 Hispaniaque
550 2628 567 2670 e
585 2617 672 2671 terro
686 2613 824 2688 parietes
842 2626 917 2685 quos
936 2609 1096 2684 appellunt
1109 2603 1253 2680 sormam

143 2716 286 2787 proauiam
315 2717 345 2774 iu
370 2713 473 2790 [ormo
502 2718 701 2777 circumdatis
729 2717 848 2776 duobus
876 2717 1031 2791 utrimque
1058 2713 1167 2773 tubulis
1189 2703 1254 2783 ulcr

143 2821 269 2879 ciuntur
301 2823 402 2881 uerius
434 2798 524 2895 qu'um
558 2826 764 2904 instruuntur,
797 2824 880 2884 acuis
911 2823 1050 2883 durant?
1083 2830 1114 2881 et
1144 2810 1254 2878 rudo

143 2921 268 3007 134,4
292 2929 347 2986 ulii
368 2931 430 2989 luto
454 2931 533 2988 inter
553 2928 672 3004 formos
691 2933 795 2990 clauso
810 2931 947 3005 parietes
967 2930 1124 3003 figuratos
1149 2941 1186 2986 a
1206 2924 1255 2981 datr

142 3033 229 3092 ribus
251 3035 418 3094 imitantur.
467 3068 470 3073 -

231 3144 284 3199 XV
315 3138 422 3200 Fines
450 3141 591 3219 praedii
619 3144 773 3203 sationis
802 3144 899 3204 notis
930 3139 1102 3201 arborum
1134 3137 1256 3198 tutiorrt

144 3243 252 3321 siunt]
276 3247 452 3308 Sutioua'dus
476 3252 553 3309 notis
572 3251 718 3310 arborum
736 3248 896 3310 iucundus.
928 3250 1028 3308 satius
1046 3248 1129 3308 notis
1146 3243 1256 3305 ortem

143 3331 269 3412 tutiores
289 3357 368 3425 fiant
387 3353 533 3414 tiroaldus
557 3373 614 3415 var.
634 3358 758 3416 coniect.
777 3373 806 3433 p.
823 3352 863 3416 19
886 3357 1006 3415 cutione
1029 3354 1176 3415 orborum
1195 3346 1256 3409 mn

142 3476 192 3518 res
212 3462 292 3530 fiunt
316 3458 526 3540 Schneiderus,
549 3461 627 3539 quod
653 3464 761 3542 recepi,
785 3463 853 3540 quia
877 3462 1025 3540 aptiorem
1048 3456 1255 3521 emendation·

142 3570 299 3640 corruptae
323 3563 459 3625 lectionis
482 3568 630 3628 inventam
655 3585 803 3628 essenon
827 3567 921 3629 video.

231 3668 278 3728 Ne
303 3669 461 3732 familiae
486 3675 652 3734 rixentur
674 3692 753 3734 cum
777 3676 912 3735 uicinis
930 3692 970 3735 ac
992 3670 1136 3733 limites
1153 3688 1190 3732 ex
1204 3662 1256 3727 liti·

142 3773 208 3834 bus
235 3774 390 3836 iudicem
419 3777 607 3857 quaerant]
636 3779 710 3840 Non.
733 3798 761 3858 p.
780 3777 856 3863 477,
874 3777 916 3842 21
946 3780 1047 3840 Bixut
1073 3795 1135 3857 pro
1162 3776 1257 3837 rixati?

149 3880 247 3941 Varro
270 3915 312 3923 —
336 3884 415 3943 idem
447 3887 486 3945 dc
517 3904 553 3946 rc
584 3889 702 3946 rustica
735 3888 785 3947 lib.
805 3887 825 3947 I
849 3906 889 3948 nc
912 3885 1055 3962 [omiliae
1088 3887 1188 3945 ricem
1209 3888 1256 3939 M

141 3989 257 4061 uicinia,
281 4006 459 4068 quamquam
478 3989 521 4050 ibi
539 4009 656 4069 quoque
676 3994 707 4051 in
726 3990 880 4053 codicibus
898 3995 1046 4054 rixentur
1064 3992 1203 4069 scriptum
1219 3984 1255 4043 eti

141 4091 247 4152 deinde
271 4098 337 4154 lites
360 4113 401 4155 ex
423 4097 567 4156 limitibus
586 4099 716 4159 iudicem
735 4107 888 4173 patuerunt
910 4098 1042 4159 coniecit
1060 4093 1199 4157 Arualdas
1213 4087 1253 4149 it

232 4198 330 4267 Quod
368 4199 431 4260 ubi
462 4201 496 4260 id
530 4211 613 4279 pote
646 4213 683 4264 ut
715 4201 766 4263 ibi
798 4204 891 4284 quod
924 4213 980 4266 est
1013 4218 1157 4284 campus
1183 4190 1253 4259 nulli

142 4305 262 4381 potior
291 4304 457 4383 serenda]
487 4308 574 4380 Quod
596 4311 650 4370 ubi
671 4311 713 4370 sic
742 4318 774 4370 ut
801 4313 912 4385 quodsi
936 4309 996 4370 dici
1020 4309 1168 4371 Gesnerus
1190 4299 1252 4363 adut

143 4411 223 4488 tavit,
243 4404 309 4469 ‘ubi
330 4410 358 4469 id
379 4412 443 4471 lieri
462 4420 569 4493 potest,
590 4414 837 4492 quemadmodum
855 4414 897 4477 ibi
916 4409 963 4499 (in
982 4406 1190 4495 Crustumino),
1204 4402 1249 4484 tii*
