2874 4994
156 321 219 385 162
497 329 687 385 conunnr.
707 329 747 384 nr
769 328 956 385 rannerus
1306 302 1309 361 ἲ

155 502 249 560 usque
275 487 353 547 adeo
376 484 515 569 Ursinus,
543 489 667 547 insolito
695 489 726 546 in
752 487 888 560 serobes,
912 491 1002 546 terna
1030 489 1124 558 utque
1144 490 1262 558 pontano

154 594 256 674 millio,
278 593 378 654 Gellia
401 595 557 654 succidias
579 595 703 668 babere,
721 611 773 654 sus
791 611 887 668 usque
905 594 982 653 odeo
1000 589 1123 670 Popma‚
1144 592 1174 650 in
1189 591 1264 651 bailio

153 700 298 760 Insubres
326 708 414 761 tune
444 709 535 776 etque
562 707 714 776 quatenu
746 703 840 761 miliia
872 702 970 761 leutio
1000 699 1144 758 succidia
1172 698 1265 760 babere.

151 825 202 866 sus
234 826 329 883 usque
362 810 439 869 odeo
471 807 636 870 Pontedera
663 826 691 887 p.
711 804 790 889 426,
823 810 854 868 in
883 807 1007 868 Italiam
1036 805 1179 865 Insubres
1200 811 1266 866 uu

153 920 244 988 atque
273 923 425 989 quaterno
453 919 536 976 milio
568 918 778 977 succidiarunt
810 915 979 984 advehere·
1009 929 1063 973 sus
1095 929 1186 986 usque
1211 913 1267 973 odeo

153 1018 295 1081 lordanns
327 1020 428 1083 Calon.
454 1021 556 1099 fragm.
580 1041 607 1101 p.
629 1018 684 1100 11,
716 1025 747 1081 in
778 1022 878 1082 Gallio
906 1020 1054 1081 Insubres
1086 1026 1175 1081 tune
1199 1025 1267 1095 dore

152 1134 305 1201 quaterno
338 1131 422 1189 milio
454 1131 568 1190 saliunt
599 1131 823 1189 subsidiorum:
854 1145 906 1188 sus
937 1144 1033 1201 usque
1065 1127 1144 1186 adeo
1172 1122 1267 1187 reon

151 1231 254 1294 histor.
274 1234 396 1296 Roman.
415 1235 468 1296 rel.
483 1233 536 1296 v.l
555 1255 583 1315 p.
599 1232 649 1296 62.
677 1234 818 1296 Insubres
837 1235 867 1294 in
882 1232 963 1294 ltalia
982 1230 1152 1295 habitantes
1169 1233 1266 1312 scripse·

153 1350 199 1401 rat
222 1341 302 1422 Cato,
327 1344 377 1420 qui
401 1318 553 1421 regionem
576 1341 675 1402 ltaliae
701 1343 820 1402 nomine
844 1340 1105 1420 comprehensam,
1128 1357 1183 1400 non
1202 1341 1265 1418 origi·
1307 1320 1309 1335 Ι

150 1467 219 1508 nem
249 1450 346 1527 gentis
375 1448 540 1541 spectabat:
571 1449 654 1509 Serv.
682 1450 713 1508 in
737 1448 821 1527 Verg.
845 1449 915 1508 hen.
936 1445 961 1506 ll
982 1443 1024 1508 13
1052 1439 1167 1528 (Calon.
1190 1445 1265 1524 iragn.
1306 1384 1309 1515 1

152 1557 225 1635 orig.
240 1554 277 1614 lV
293 1553 332 1616 11
354 1555 398 1616 ed.
418 1550 548 1639 lordan).
578 1556 696 1616 eosdem
718 1554 809 1616 Varro
829 1573 899 1616 suae
918 1557 1023 1615 aetatis
1043 1571 1156 1614 morem
1173 1562 1264 1613 secutus

153 1661 262 1723 Galliae
286 1662 399 1724 tribuit.
445 1662 553 1723 deinde
577 1663 613 1724 de
638 1661 777 1723 saliendis
800 1663 909 1741 pernis·
925 1661 997 1721 haee
1026 1659 1105 1722 diota
1136 1677 1195 1720 esse
1217 1677 1263 1738 pro

151 1768 288 1830 habiliter
308 1768 433 1830 Peterus
452 1772 586 1831 coniecit.
624 1773 723 1849 itaque
743 1768 840 1829 deleto
862 1788 885 1828 r.
910 1772 1003 1842 nulio,
1023 1767 1104 1846 quod
1128 1787 1161 1828 ex
1183 1767 1262 1845 repeti-

153 1879 233 1937 tione
264 1877 470 1956 praecedentis
494 1876 629 1938 vocabuli
652 1880 735 1937 milia
759 1884 857 1937 ortum
882 1894 948 1936 esse
976 1874 1109 1957 ridetur,
1133 1873 1263 1952 seripsiin

151 1985 243 2045 Italic
264 1985 410 2045 Insubres
433 1991 522 2045 terno
547 1991 638 2059 etque
661 1991 813 2058 quaterna
837 1986 922 2044 milia
944 1985 1155 2044 subsidiorum
1175 1982 1263 2045 soliers

149 2109 201 2152 sus
223 2109 318 2167 usque
341 2093 419 2152 odeo
439 2094 656 2169 pinguitudine
679 2109 821 2152 crescere
842 2094 924 2151 solet.
1307 2076 1309 2083 ’

239 2197 362 2276 Siquis
387 2216 455 2277 quo
479 2200 637 2258 traicere
661 2196 778 2274 nolet]
810 2197 886 2258 Velit
908 2195 1030 2277 Merula,
1057 2200 1120 2257 uult
1142 2193 1265 2255 Victorius.

149 2323 204 2385 pro
227 2304 284 2364 hoo
307 2308 368 2366 uolt
389 2303 580 2366 scribendum
600 2323 665 2365 esse
687 2304 758 2365 vidit
777 2303 919 2364 londanus
942 2302 961 2364 l.
976 2323 1002 2365 e.
1021 2302 1129 2364 deinde
1151 2302 1267 2362 uberiore

150 2420 218 2491 post
237 2413 399 2472 lusitania
417 2413 517 2491 inepte
537 2414 707 2493 repetitum,
727 2411 806 2490 qnod
830 2410 946 2491 inclusi,
965 2410 1119 2471 lneunbus
1137 2406 1270 2469 relevent

244 2520 398 2581 Volumnio
426 2538 461 2579 ex
494 2518 597 2580 codice
624 2538 653 2579 m
686 2521 716 2578 in
750 2519 915 2598 principem
948 2517 1111 2578 editionem
1143 2522 1273 2594 receptum

150 2645 247 2706 neque
267 2644 283 2686 a
302 2625 446 2687 Politiano
471 2634 615 2688 mutatum
636 2635 691 2707 est,
708 2628 873 2701 uniummb,
893 2625 972 2704 qnod
992 2623 1104 2685 hahent
1122 2617 1284 2704 apographa,

150 2735 182 2793 in
206 2732 366 2812 archetypo
390 2735 532 2812 scriptum
558 2740 629 2794 erat

244 2836 282 2899 12
313 2838 395 2898 Scio
418 2856 470 2900 me
493 2858 572 2900 esse
597 2846 798 2918 spectatum
823 2837 934 2917 suern]
955 2840 1026 2901 Scio
1045 2857 1110 2900 esse
1127 2842 1289 2915 spectatura

149 2963 232 3007 suern
255 2944 415 3020 iucundus.
452 2950 515 3007 scio
539 2950 597 3008 isse
619 2954 787 3024 spectatum
811 2965 846 3007 ex
871 2943 988 3007 ‘vetere
1008 2941 1127 3007 codice’
1146 2941 1301 3006 adnuunt·

150 3052 284 3114 Ursinus.
330 3050 481 3132 archetypi
515 3052 673 3114 lectionem
705 3052 854 3114 Victorius
888 3055 1035 3135 restitnit,
1068 3072 1156 3133 quam
1187 3047 1309 3112 nerone

149 3160 332 3239 grammatici
360 3176 414 3238 pro
443 3160 577 3239 exemplo
607 3159 783 3237 deponentis
812 3158 895 3220 verbi
922 3177 1035 3240 ponere
1065 3161 1307 3221 consueveruntae

148 3270 211 3328 scio
234 3285 280 3327 inc
304 3270 362 3327 isse
383 3273 551 3344 spectatum
576 3268 692 3346 scripsi.

237 3372 275 3433 ln
299 3375 421 3433 uineta
445 3372 591 3452 laetum]
617 3372 799 3452 Corruptum
822 3391 888 3434 esse
912 3391 1020 3434 nomen
1045 3374 1174 3452 regionis
1196 3369 1303 3430 Victo‘

149 3484 211 3542 rius
235 3489 264 3540 et
288 3478 420 3557 Scaliger
443 3478 665 3562 adnotaverunt,
689 3485 721 3541 in
751 3481 874 3542 Venetia
897 3479 988 3540 iidem
1012 3481 1209 3539 coniecerunt

241 3585 280 3648 13
296 3585 403 3656 Quam
422 3585 711 3664 porculationem
730 3584 1303 3666 appellabant]AppellantUrsinns-

148 3693 236 3755 simili
259 3694 329 3752 vitio
352 3690 379 3750 ll
398 3689 467 3772 6,2
490 3694 629 3754 emebant
650 3712 705 3772 pro
729 3702 830 3755 ernam
853 3695 998 3773 scriptum
1023 3703 1077 3754 est

239 3799 403 3861 Secundo
427 3818 465 3860 ea
489 3818 566 3860 eum
596 3803 663 3860 iam
691 3803 790 3880 pasci
818 3811 970 3881 possunt
998 3787 1296 3876 socerumque?

146 3929 196 3972 eos
223 3926 290 3970 cum
318 3905 430 3967 Merula
463 3916 493 3967 et
520 3906 627 3967 deinde
657 3907 763 3987 reliqui
792 3908 931 3969 editores.
978 3910 1147 3969 seeundum
1175 3924 1208 3968 en
1231 3887 1285 3960 rel

144 4021 231 4079 etiam
253 4018 387 4077 secundo
411 4032 449 4075 eu
472 4014 508 4074 de
533 4023 665 4093 tempore
689 4014 801 4075 dictum
832 4007 913 4094 μετὰ
935 4011 1040 4077 ταῦτα
1068 4014 1116 4076 vel
1144 4007 1192 4075 int
1210 3998 1277 4070 rob·

141 4145 210 4197 τοις
229 4122 354 4183 Ursinus
373 4130 403 4180 et
417 4119 549 4198 Scaliger
568 4121 765 4182 delendernnt
783 4121 873 4200 idque
893 4123 924 4181 in
944 4122 1119 4201 geoponicis
1140 4104 1273 4193 xixti?

142 4246 315 4309 expressum
339 4243 405 4285 esse
428 4236 616 4306 putaverunt,
637 4218 677 4287 τὰ
702 4219 739 4288 db
762 4219 938 4308 τικτόμενα
962 4219 1019 4288 διὰ
1038 4224 1197 4308 χειμῶνος
1213 4222 1264 4282 lu·

141 4330 275 4413 sabinius
306 4332 432 4411 γίνεται
465 4325 521 4393 διὰ
551 4328 612 4412 τὴν
645 4330 850 4415 δυσκρασίαν
878 4331 940 4396 τοῦ
968 4325 1067 4414 ἀέρος
1094 4328 1149 4395 uui
1173 4323 1206 4392 τὸ
1225 4313 1259 4404 til

142 4435 405 4522 μεταλαμβάνειν
428 4434 590 4519 γάλακτος
613 4436 736 4515 ἱκανῶς
758 4439 826 4503 τῶν
854 4436 1005 4522 μητέρων
1029 4431 1116 4503 αὐτὰ
1142 4436 1255 4500 binive
