2874 4994
281 319 329 376 DE
348 319 438 376 AGRI
457 318 629 375 cvnuvul
648 319 789 377 LIBRVM
807 320 836 376 C.
852 319 982 378 44-45
1158 314 1200 379 83

52 475 174 537 vitibus⁴
188 476 227 537 ib.
242 474 284 537 27
300 481 433 539 maxime
451 485 552 539 autem
562 480 689 555 prodest
703 479 812 538 vitibus
826 479 961 539 omnibus
975 480 1065 538 unitis
1079 482 1202 539 resolui:

51 602 129 644 nam
156 591 187 644 et
214 588 397 645 commodius
424 589 597 646 enodantur
624 593 655 646 et
680 584 920 663 refriqerontur,
953 602 1020 645 cum
1048 589 1109 646 alio
1136 589 1202 647 loco

52 694 206 765 adipatae
223 701 301 752 sunt.
339 693 442 753 vitiose
462 700 560 753 autem
580 695 768 768 enodatoque
786 693 818 752 in
836 690 989 752 codicibus
1003 691 1091 752 Plinii
1110 695 1202 771 scrip-

55 807 121 858 tum
146 807 205 878 est,
229 806 319 860 orato
343 801 418 861 bene
441 802 631 875 enodatoque
651 802 820 877 stirpesque
842 804 921 861 teoes
940 798 1047 875 facito.

147 906 262 966 XLVI
283 905 527 986 Tripedaneas
546 904 717 984 decidito]
742 907 948 983 Tripedoneas
964 905 1062 979 facito
1081 906 1203 968 Plinius.

148 1013 263 1075 Locus
295 1012 428 1093 bipalio
461 1014 634 1075 subactus
666 1017 735 1075 siet
764 1012 925 1092 bellaque
953 1020 1050 1074 terra
1079 1022 1221 1074 tenera·

53 1121 130 1180 sict
153 1119 314 1199 beneque
339 1121 469 1200 glittus
493 1120 575 1199 siet]
600 1123 699 1182 Locus
722 1124 833 1198 bipalio
852 1123 996 1181 subactus
1013 1125 1054 1182 sit
1071 1123 1206 1197 beneque

52 1230 174 1303 qtuttus
187 1226 309 1310 Plinius,
327 1232 412 1290 locus
425 1231 538 1305 bipalio
552 1231 697 1290 subactus
710 1232 767 1290 siet
781 1231 914 1303 beneque
926 1232 1030 1303 qtutus
1043 1227 1203 1289 lucuudus.

56 1334 213 1415 archetypi
231 1334 389 1397 lectionem
410 1335 557 1396 Victorius
577 1337 718 1417 restituit,
742 1336 793 1396 sed
810 1336 914 1412 plutas
932 1354 968 1395 ex
987 1336 1205 1415 antiquioribus

56 1440 241 1502 editionibus
259 1443 393 1502 retinnit.
431 1444 564 1518 beneque
583 1450 669 1504 terro
688 1452 795 1504 tenera
814 1447 871 1504 siet
893 1453 1041 1523 tamquam
1061 1442 1205 1521 glossema

56 1548 209 1609 bleursius
233 1557 263 1608 et
281 1548 431 1610 Gesnerus
455 1557 641 1611 notaverunt.
676 1554 781 1625 qlittus
805 1569 841 1611 ex
866 1552 1099 1630 manuscriptis
1123 1549 1207 1610 libris

58 1659 171 1735 recepi.
217 1655 294 1717 idem
318 1656 428 1735 legitur
451 1658 481 1717 in
505 1659 654 1736 excerptis
673 1658 754 1718 Festi
775 1677 802 1737 p.
818 1654 870 1738 98,
886 1656 914 1739 l,
940 1660 1048 1733 Gtittis,
1072 1659 1207 1718 subactis

57 1764 177 1824 leuibus
200 1767 320 1837 teneris,
345 1772 375 1823 et
396 1768 455 1840 plis
478 1774 509 1825 et
529 1768 652 1840 qtitteus
671 1766 701 1825 in
721 1765 828 1844 glossis
846 1764 955 1847 latinis,
979 1783 1052 1844 quas
1071 1763 1207 1825 Loewius

58 1869 149 1949 gloss.
169 1872 279 1931 nomin.
298 1891 326 1950 p.
348 1868 412 1931 120
431 1874 605 1950 composuit.
643 1890 678 1932 ex
699 1870 801 1933 eadem
821 1875 914 1951 stirpe
932 1870 1066 1952 pianda
1085 1872 1208 1932 ductum

58 1987 108 2038 est
131 1977 208 2057 apud
229 1977 407 2058 Hesycblum
427 1977 571 2058 γλιττόν,
589 1978 706 2059 pioedu
726 1989 755 2040 et
774 1980 851 2059 apud
870 1978 1058 2041 Eustatbium
1078 1982 1108 2040 in
1124 1979 1208 2039 Hom.

58 2085 117 2146 Od.
141 2085 169 2144 Z
197 2082 261 2145 216
290 2104 319 2164 p.
344 2082 429 2147 1560
458 2086 601 2168 λοῦτρον
629 2081 742 2167 μέντοι
770 2094 937 2167 μοναχῶς,
970 2085 1008 2148 τὸ
1036 2083 1208 2168 ἀπόλουμα

58 2190 270 2273 βαρυτόνως,
299 2188 316 2254 ὃ
339 2190 472 2272 piscibu
495 2190 591 2254 iiiios
614 2191 719 2273 φασίν
742 2205 772 2255 et
794 2193 936 2273 piisima
960 2190 978 2256 ὁ
1001 2189 1037 2255 ἐν
1060 2202 1132 2267 ταῖς
1155 2189 1209 2274 ἐμ-

58 2295 180 2380 βάσεσι
203 2298 379 2380 γινόμενος
402 2295 516 2381 ῥύπος.
1092 2285 1096 2293 ’

153 2405 174 2468 2
199 2406 235 2467 Si
258 2425 379 2486 parum
403 2407 599 2467 descendet
624 2406 787 2467 malleolo
811 2407 1039 2468 animalcula
1059 2406 1209 2486 adigito]

61 2517 100 2576 Si
124 2534 237 2592 porum
267 2518 444 2589 descendat,
472 2519 580 2576 retalieo
608 2523 662 2575 out
689 2519 818 2576 mateola
846 2518 961 2590 adiqito
985 2514 1111 2595 Plinius;
1139 2517 1210 2574 item

60 2622 141 2702 aqmd
170 2622 312 2683 Catonem
339 2621 433 2702 46,2
462 2627 568 2684 malleo
600 2630 654 2683 aut
681 2625 804 2683 matiota
832 2625 958 2698 adipito.
1009 2622 1088 2702 quod
1116 2640 1210 2700 genus

60 2733 255 2791 instrumenti
279 2739 377 2791 autem
401 2732 441 2791 sit
464 2728 587 2791 mateola
611 2729 657 2790 vel
680 2729 811 2803 matiola,
835 2748 894 2789 uon
917 2738 1042 2791 constat.

155 2837 237 2898 Palo
259 2839 361 2917 prins
385 2837 500 2899 locum
525 2856 566 2898 ne
592 2838 724 2897 leceris
748 2855 817 2915 qno
842 2837 969 2897 taleam
986 2837 1162 2906 ‚demittas
1182 2838 1211 2895 si

60 2949 113 3006 ita
137 2946 279 3006 seueris
303 2947 453 3006 ntisstet
477 2943 567 3005 talea
588 2943 715 3004 melius
735 2943 849 3022 uiuet]
875 2946 997 3006 Utisstet
1013 2946 1123 3024 optima
1142 2960 1211 3019 apo·

62 3052 176 3132 grapho
200 3063 229 3113 et
253 3071 289 3112 ex
313 3053 473 3132 archetypo
497 3051 645 3112 Victorius
669 3051 827 3131 adnotavit,
851 3058 978 3112 utusstet
996 3049 1159 3111 Politianus
1183 3059 1213 3110 et

62 3159 159 3220 codex
174 3158 324 3220 lledicens
344 3178 381 3220 m.
411 3163 483 3237 palo
498 3163 588 3237 prius
607 3163 705 3220 locum
720 3157 844 3234 seceris,
863 3177 921 3233 quo
940 3162 1050 3219 taleam
1065 3161 1214 3218 demittas.

62 3272 93 3329 si
117 3271 161 3327 ito
182 3270 305 3348 seueris,
330 3271 412 3328 utitis
432 3270 487 3340 aa
509 3270 590 3327 talea
614 3270 778 3341 meliusque
797 3269 874 3326 tricet
893 3264 1016 3347 blerula,
1036 3270 1108 3343 palo
1124 3269 1214 3343 prius

63 3379 167 3436 locum
193 3378 221 3434 si
244 3373 372 3449 seceris,
400 3392 459 3449 quo
484 3378 594 3434 taleam
618 3376 770 3454 demittas,
798 3380 827 3433 et
853 3375 881 3433 si
907 3375 951 3432 ita
977 3376 1103 3446 seceris,
1132 3376 1215 3432 utilis

60 3486 119 3557 liet
137 3485 219 3542 talea
238 3485 402 3557 meliusque
420 3485 498 3542 viaet
513 3480 674 3542 lucuudns.
713 3498 801 3559 prava
821 3479 969 3540 editorum
988 3479 1214 3558 interpolatione

64 3597 181 3650 remota
205 3591 364 3664 genuinam
387 3588 544 3650 lectionem
568 3588 717 3649 Victorius
740 3589 887 3667 restituit,
911 3591 984 3664 poto
1004 3590 1093 3664 prius
1117 3590 1214 3647 locum

64 3694 258 3771 defeceris,
287 3713 345 3770 qno
374 3700 485 3757 taleam
514 3699 666 3770 demittas,
694 3699 722 3755 si
749 3698 792 3755 ita
819 3699 945 3769 severis,
973 3698 1020 3755 uti
1044 3701 1102 3755 stet
1125 3697 1215 3767 talea,

65 3806 174 3864 melius
193 3806 278 3877 oioet,
298 3821 373 3881 quae
389 3803 539 3863 Gesnerus
559 3805 598 3863 ita
617 3804 832 3881 interpretatus
852 3812 905 3882 est,
926 3797 1113 3862 ‘stelantem
1133 3800 1216 3880 talea,

65 3928 137 3971 cum
162 3927 310 3970 summum
334 3909 363 3969 id
389 3918 444 3990 est,
468 3909 545 3988 quod
570 3911 601 3969 in
625 3908 730 3969 arbore
751 3904 873 3987 luerat',
896 3907 1009 3968 collatis
1029 3911 1065 3968 iis
1086 3927 1160 3987 quae
1180 3909 1217 3968 de

65 4018 126 4077 lico
155 4019 266 4096 scripta
290 4026 361 4077 suut
384 4014 462 4095 apud
486 4016 613 4077 Plinium
639 4012 809 4097 xv11154,
833 4024 861 4077 et
885 4019 915 4076 in
936 4019 997 4088 fico
1021 4018 1141 4089 quidem
1165 4018 1216 4074 do-

65 4125 228 4187 drant‘oles
251 4128 353 4185 taxilli
373 4128 436 4186 soto
457 4123 614 4201 patefacto
637 4131 784 4184 seruntur
804 4126 858 4204 sic,
882 4129 915 4182 ut
934 4125 1121 4183 descendant
1138 4140 1218 4197 quae

61 4235 212 4310 proxima
227 4233 336 4293 arbori
346 4230 474 4307 suerint,
490 4234 550 4293 duo
566 4235 648 4292 oculi
661 4238 752 4292 extra
767 4238 883 4292 terram
898 4233 1057 4291 emineant.
1082 4230 1218 4289 similiter

67 4338 232 4401 Columella
251 4337 273 4395 V
293 4335 357 4420 9,3
384 4339 421 4399 de
444 4339 531 4399 taleis
554 4338 714 4417 oleagineis
738 4338 902 4416 praecepit,
926 4344 959 4396 ut
983 4355 1016 4397 ea
1041 4355 1109 4414 pars
1135 4338 1218 4416 rami,

67 4465 104 4508 ex
126 4464 183 4526 qua
203 4445 279 4508 talea
298 4445 374 4506 lacta
393 4453 447 4527 est,
467 4447 519 4527 sic,
539 4445 787 4524 quemadmodum
805 4447 835 4505 in
851 4442 957 4504 arbore
972 4452 1095 4505 steterat
1110 4462 1220 4525 ramus,

969 4547 1006 4598 0*
