2874 4994
147 322 216 388 298
501 331 691 388 OOMMENT.
711 333 751 387 IN
769 332 957 388 VARRONIS

148 484 276 566 dicam]
304 487 397 548 onias
419 504 516 549 caasa
540 489 704 549 adhibetur
730 505 814 571 rere,
838 495 872 549 ut
900 487 1029 562 ridetur,
1052 486 1203 551 Iucundos
1233 489 1258 550 ab

150 594 254 655 eodem
273 597 392 655 inventa
412 603 482 656 sunt
501 613 576 674 quiae
596 593 702 655 deinde
722 597 753 655 in
772 595 859 656 editis
874 593 1096 675 exemplaribus
1114 594 1260 679 serebantur,

149 704 379 764 animandorum
398 701 543 778 sonoram
560 706 679 779 sianum
702 710 825 764 sumant
842 721 884 766 ea
902 706 983 781 ipsis,
1001 686 1072 764 cam
1087 705 1189 780 plenas
1204 707 1260 765 aba

147 811 260 872 babent
278 816 308 871 et
325 827 393 870 cam
413 813 478 871 ilios
494 813 727 885 nominaverint,
747 828 786 871 ear
805 812 915 888 apibus
933 813 1142 872 coniecturam
1158 813 1261 888 capita,

147 921 176 978 si
201 921 282 978 intas
305 915 430 992 saciant
457 918 605 978 bombum.
650 916 702 976 sed
731 919 761 976 in
793 916 953 997 archetypo
983 915 1057 978 haec
1087 919 1128 979 ia
1153 924 1262 997 cormptu

148 1032 241 1103 erant,
264 1031 298 1084 ut
320 1021 514 1103 probabiliter
538 1024 689 1084 emendari
712 1032 871 1105 nequeant,
895 1025 974 1085 sicut
996 1022 1068 1084 olim
1091 1022 1262 1085 Victoriusel

149 1129 280 1210 Scaliger
312 1129 535 1190 adnotaverunt.
583 1147 680 1209 neque
713 1128 874 1208 quidquam
906 1130 1119 1210 proiecerunt,
1144 1131 1192 1208 qui
1216 1137 1262 1209 pm

148 1235 214 1298 illos
238 1245 409 1315 corruptam
433 1235 577 1298 librorum
602 1238 781 1315 scripturam
805 1235 919 1297 collatis
943 1239 980 1296 iis
1005 1253 1081 1316 quae
1108 1235 1183 1316 apud
1201 1233 1262 1297 lelu-

148 1343 265 1405 mellam
288 1341 328 1403 lX
351 1341 391 1404 15
415 1350 445 1403 et
468 1342 545 1422 apud
570 1342 732 1403 Palladium
756 1340 806 1402 Vll
826 1339 844 1403 7
869 1341 906 1403 de
934 1341 1021 1403 melle
1050 1340 1221 1402 conllcienlo
1239 1350 1260 1403 ct

147 1451 183 1514 de
208 1452 284 1512 lucis
308 1453 417 1530 scripta
441 1460 511 1511 sunt
541 1449 699 1510 emendare
728 1449 921 1530 studuerunt,
951 1465 1081 1529 quorum
1109 1449 1261 1509 coniecturas

148 1558 350 1620 Schneiderus
379 1556 528 1618 indicavit.
574 1565 725 1635 postremo
750 1554 951 1617 Schneiderus
979 1556 1167 1633 transpositis
1193 1555 1261 1616 verbis

144 1667 340 1727 certissimam
370 1662 547 1724 medicinam
580 1666 748 1743 repperisse
777 1662 835 1723 sibi
863 1663 944 1722 visus
972 1670 1032 1741 est,
1065 1665 1260 1723 eximendomn

140 1772 283 1849 sonoram
310 1776 430 1846 sianum
456 1779 580 1832 stimant
607 1790 647 1832 ea
674 1775 759 1848 ipsis,
788 1774 818 1830 si
839 1774 945 1848 plenos
973 1773 1060 1830 alans
1087 1770 1175 1830 babet
1193 1772 1258 1842 etsi

144 1883 290 1959 operculo
314 1882 377 1939 alai
398 1896 467 1938 cam
490 1881 662 1954 remoreris,
683 1877 826 1954 fanornm
847 1876 1004 1953 foramina
1035 1878 1166 1938 obducta
1186 1879 1259 1938 oiim

145 1996 196 2049 tar
218 1988 411 2060 membranis,
429 1989 572 2061 quoniam
591 1993 664 2047 tane
682 1993 753 2045 sant
771 1987 882 2061 repleti
902 1987 995 2045 melle.
1034 2002 1075 2045 ex
1097 1985 1197 2061 apibus
1211 2001 1260 2045 eon·

144 2098 294 2156 iectaram
317 2096 456 2174 capiant,
479 2096 507 2152 si
536 2095 617 2153 inim
642 2091 766 2168 saciant
793 2091 931 2151 bombum
955 2096 996 2165 et,
1020 2108 1089 2152 cam
1117 2095 1191 2152 intro
1208 2096 1259 2152 rant

56 2253 59 2259 .
144 2220 183 2263 ae
203 2201 301 2280 soros,
325 2201 482 2276 trepidant
504 2206 533 2260 et
552 2198 642 2275 saeos
666 2201 880 2259 exterminant.

233 2307 275 2368 Et
299 2308 328 2367 si
348 2304 518 2385 opercula
542 2302 660 2366 aluum
680 2322 757 2365 cum
780 2305 996 2365 remoreissl
1020 2304 1177 2366 lauorum
1193 2305 1258 2364 lora

145 2418 237 2478 mina
261 2413 414 2474 obducta
439 2412 610 2473 uidentur
640 2411 757 2473 mellis
788 2410 1004 2472 membranis
1032 2430 1108 2473 cum
1135 2414 1199 2473 sint
1219 2427 1257 2469 re·

144 2512 233 2604 pletl
266 2518 384 2598 melle]
417 2521 458 2580 Et
487 2524 517 2580 si
546 2524 693 2597 opercula
721 2522 784 2581 alai
810 2537 878 2580 cnm
905 2525 1021 2580 remota
1047 2521 1121 2600 sint,
1145 2517 1256 2594 saroam

141 2631 298 2708 foramina
330 2629 462 2689 obducta
495 2631 638 2689 aiaentar
669 2631 764 2688 mellis
796 2628 987 2688 membranis.
1034 2644 1103 2687 anm
1133 2629 1187 2686 sint
1211 2639 1257 2701 sqq.

144 2734 265 2797 Merula.
302 2733 465 2794 lectionem
489 2733 651 2814 archetypi,
676 2752 764 2813 quam
782 2733 932 2823 Victorius
955 2732 1143 2814 indicaverat,
1164 2733 1197 2792 ita
1211 2745 1257 2789 cor·

144 2843 222 2902 rexit
250 2839 395 2920 Scaliger,
419 2847 460 2915 et,
491 2844 637 2917 opercula
664 2844 763 2901 alanm
794 2858 862 2901 cam
889 2843 1068 2922 removeris,
1094 2843 1122 2900 si
1147 2838 1256 2915 salama

145 2949 303 3026 foramina
327 2947 459 3008 obtineto
487 2950 629 3009 videntur
657 2951 751 3008 mellis
778 2949 974 3022 membranis,
1002 2965 1071 3008 cam
1098 2949 1156 3008 sint
1177 2942 1258 3020 repleti

145 3060 248 3127 melle;
271 3056 342 3123 item
362 3051 498 3134 UrsinuS,
521 3055 572 3115 sed
597 3057 708 3116 omisso
732 3058 827 3116 mellis
850 3054 908 3133 legi
927 3053 1021 3114 voluit
1038 3055 1166 3115 obducta
1181 3051 1256 3111 aiam·

76 3213 79 3220 .
144 3171 195 3224 tar
219 3163 409 3236 membranis,
433 3165 515 3237 qaod
536 3171 606 3223 sant
629 3181 693 3242 sqq.
740 3161 795 3221 hos
819 3170 941 3222 secutus
964 3162 1072 3241 scripsi
1095 3173 1124 3222 et
1144 3163 1175 3230 si,
1194 3172 1255 3233 oper·

144 3274 215 3331 cala
239 3274 376 3331 ainornm
400 3287 469 3330 eam
492 3273 628 3344 rancoris,
649 3269 793 3346 sonoram
814 3267 970 3345 foramina
994 3269 1125 3329 abbacia
1147 3267 1257 3327 atinae

144 3378 335 3452 membranis,
354 3395 422 3437 cam
450 3381 510 3438 sint
533 3380 642 3453 repleti
664 3381 756 3437 melle.
786 3393 853 3436 uam
873 3379 1002 3436 remoris
1021 3376 1166 3454 scriptura
1182 3367 1256 3431 arche·

39 3533 46 3541 .
144 3486 206 3563 typi
233 3483 438 3562 coullrmatur,
465 3487 565 3544 aivam
593 3491 692 3543 autem
720 3485 856 3563 genetivo
884 3500 956 3542 casu
983 3499 1037 3560 pro
1067 3485 1193 3543 alvorum
1213 3474 1256 3534 diti

145 3607 203 3651 uon
231 3590 341 3667 potuit3
369 3593 463 3650 mellis
490 3589 648 3651 delendum
678 3607 742 3650 esse
777 3589 849 3650 vidit
877 3587 1011 3648 Ursinus.
1059 3586 1096 3648 de
1127 3587 1213 3648 eadem
1234 3597 1257 3640 rt

144 3694 251 3756 scribit
274 3693 433 3755 Columella
456 3694 497 3755 IX
518 3693 607 3778 15,4
636 3716 709 3772 erpo
733 3715 802 3758 cam
832 3700 933 3756 rixam
959 3695 1104 3772 fanornm
1132 3692 1258 3768 etapium

142 3805 265 3881 saepias
288 3806 432 3864 committi
453 3806 575 3884 uideris,
594 3805 761 3881 adapertas
785 3808 867 3864 aiaos
892 3805 1043 3878 inspicies,
1063 3809 1104 3877 nt,
1123 3805 1180 3862 siae
1193 3795 1257 3858 seml-

140 3913 225 3988 pleni
243 3909 312 3986 faoi
332 3913 405 3984 sint,
429 3911 630 3990 differantur,
653 3915 715 3971 siae
744 3914 803 3971 iam
833 3913 951 3985 liquore
979 3912 1112 3986 completi
1132 3916 1160 3970 et
1178 3918 1258 3981 saper·

138 4021 246 4094 positis
269 4020 349 4079 ceris
372 4025 525 4092 tamqnam
547 4021 698 4095 operculis
722 4019 813 4097 obliti,
837 4020 1036 4078 demetantur.

232 4121 275 4185 33
299 4123 337 4183 ln
361 4123 547 4184 eximendo
571 4124 715 4204 quidam
739 4123 866 4184 dicunt
889 4132 1061 4201 oportere
1089 4125 1137 4184 lta
1160 4128 1192 4181 ut
1215 4131 1260 4175 no·

144 4248 220 4290 uem
245 4236 366 4307 partes
390 4228 519 4290 tollere
551 4231 733 4291 decumam
762 4226 987 4308 relinquere]
1017 4230 1163 4306 Oportere
1181 4234 1260 4286 norrea

142 4343 249 4411 partes
272 4338 377 4397 tollere
395 4336 473 4397 edita
498 4336 566 4396 inde
590 4336 625 4396 ab
645 4336 748 4398 Aldina
768 4336 898 4399 editione
917 4336 1105 4416 exemplaria.
1139 4338 1178 4396 ita
1191 4336 1219 4391 ul
1231 4342 1258 4384 0¹

144 4440 304 4521 archetypo
332 4445 459 4504 restitui.
506 4445 627 4504 circiter
655 4462 760 4505 novem
790 4451 890 4527 partes
918 4442 1014 4505 mellis
1041 4443 1119 4529 tolli,
1145 4440 1257 4503 aemam
