2874 4994
354 114 485 170 RERVM
503 113 744 170 RVSTIOARVM
762 115 829 171 LIB.
849 116 888 171 III
908 115 925 172 7
977 119 980 126 “
1150 109 1215 175 253

68 270 227 351 inpriore
256 271 387 333 editione
415 269 563 331 Victorius
591 289 628 331 ex
659 270 819 351 archetypo
848 269 970 332 dederat
999 273 1214 335 columbarum.

67 386 205 458 pastores
228 388 328 440 autem
353 376 558 439 columbarum
578 387 649 439 suut
667 379 719 457 qui
741 386 845 458 postea
868 376 1043 440 columbarii
1065 379 1216 459 dicuntur,

66 486 146 547 sicut
178 485 216 547 de
247 484 411 566 pavonibus
443 480 513 566 6,5
540 487 688 564 scriptum
717 492 763 545 est
787 490 928 561 pastores
955 503 1071 547 earum.
1117 504 1215 565 neque

65 600 202 672 pastores
224 609 280 671 per
303 609 337 653 se
360 609 419 652 nou
443 591 543 652 addito
566 593 703 671 genetivo
727 591 868 654 dicuutur
889 600 1043 653 curatores
1066 593 1163 653 avium
1182 594 1214 652 in

64 697 252 780 pastionibus
276 698 419 761 villaticis.
464 717 608 760 everrere
630 706 728 760 autem
752 717 812 760 nou
835 697 935 760 addito
959 701 1077 759 nomine
1101 698 1214 760 dictum

65 813 121 888 est,
144 807 222 866 sicut
245 804 381 885 plurima,
404 803 513 884 quibus
537 822 626 884 opera
649 807 762 867 rustica
785 805 998 885 significantur.

156 910 208 973 ita
237 918 275 973 ut
301 910 367 972 boc
394 903 567 991 optimum
595 931 676 974 esse
705 914 936 993 scripserunt
962 913 1106 993 aliquod
1136 915 1213 974 siue

63 1034 156 1098 quac
180 1015 344 1078 columba
375 1017 459 1097 quid
487 1017 688 1080 olleuderit
714 1025 753 1080 ut
783 1018 967 1080 medeatur
997 1020 1028 1080 si
1059 1038 1126 1099 qua
1156 1039 1214 1100 pe·

62 1126 174 1186 riorit
196 1131 236 1185 ut
257 1122 452 1202 offeratur]
476 1125 666 1201 scripserint
689 1127 794 1206 aliqui,
812 1128 876 1186 siue
897 1127 926 1186 si
947 1127 1116 1187 columbam
1138 1130 1215 1202 quid

62 1232 231 1306 offenderit
252 1230 377 1312 blerula,
407 1234 589 1309 scripserint
617 1234 734 1307 aliquot
755 1250 819 1312 sqq.
842 1230 1009 1311 iucundus,
1031 1235 1213 1308 scripserint

62 1341 188 1419 aliquot,
211 1340 240 1398 si
261 1339 337 1413 quid
358 1338 523 1412 offenderit
543 1336 678 1419 Ursinus,
701 1342 883 1417 scripserint
905 1341 1029 1414 aliquot,
1048 1341 1112 1400 siae
1134 1356 1215 1414 quae

62 1445 204 1506 columba
226 1446 302 1519 quid
323 1445 489 1518 offenderit
510 1443 669 1507 Victorius.
711 1449 741 1506 si
760 1464 815 1526 pro
838 1450 901 1507 sive
931 1444 1123 1526 scribendum
1147 1463 1213 1506 esse

63 1552 181 1613 monuit
203 1550 342 1612 liciterus
365 1558 479 1630 quaest.
503 1554 624 1631 gramm.
646 1551 767 1613 Varron.
790 1571 820 1632 p.
838 1550 881 1615 96
907 1552 944 1614 de
967 1570 1024 1613 usu
1049 1552 1212 1632 particulae

61 1661 127 1721 sive
145 1657 310 1738 disputans.
343 1676 411 1719 nam
431 1676 499 1719 cum
518 1660 555 1719 iis
575 1677 650 1739 quae
670 1658 706 1719 de
726 1658 917 1721 columbariis
936 1659 1108 1721 evertendis
1128 1660 1213 1721 etde

63 1773 198 1827 stercore
222 1763 392 1827 columbino
415 1763 663 1844 praescribuntur
691 1783 741 1826 res
773 1764 974 1827 diversissima
1002 1766 1039 1827 de
1069 1767 1213 1828 medicina

62 1871 269 1935 columbarum
296 1870 441 1952 particula
469 1874 544 1947 siae,
572 1870 601 1932 b.
620 1891 645 1933 e.
674 1871 719 1932 vel
747 1873 786 1952 si,
818 1873 960 1951 coniungi
992 1891 1051 1933 non
1085 1881 1212 1952 poterat.

61 1988 218 2060 praeterea
250 1996 323 2042 usus
355 1979 502 2040 sermonis
531 1976 705 2039 Varroniani
738 1978 908 2058 postulabat
935 1987 969 2040 ut
1000 1983 1098 2055 aliqui
1129 1989 1159 2041 et
1186 1984 1215 2042 si

61 2104 144 2162 quae
163 2089 296 2165 perierit
318 2084 512 2168 scriberetur,
530 2085 567 2146 de
587 2104 646 2165 quo
666 2083 679 2145 1
699 2082 749 2168 12,
768 2083 789 2147 3
813 2095 844 2147 ct
867 2082 1005 2168 [1222
1024 2086 1137 2149 dictum
1157 2097 1212 2170 cst,

61 2196 107 2254 ita
130 2200 165 2253 nt
182 2195 240 2256 boc
263 2197 406 2270 optimum
424 2211 489 2255 esse
512 2195 695 2269 scripserint
712 2196 816 2269 aliqui.
852 2196 960 2269 siquae
980 2196 1118 2255 columba
1137 2197 1214 2270 quid

62 2300 236 2375 offenderit,
259 2307 295 2361 ut
315 2303 492 2372 medeatur;
514 2303 621 2375 siquae
640 2303 779 2377 perierit,
803 2307 837 2362 ut
859 2301 1018 2376 efferatur.

153 2403 174 2468 6
206 2406 293 2468 ltem
312 2425 400 2487 quae
423 2409 518 2469 letae
542 2408 684 2468 suntin
713 2415 852 2469 certum
875 2407 991 2468 locum
1017 2415 1054 2468 ut
1073 2407 1210 2469 disclu-
1318 2464 1324 2478 ,

61 2531 141 2575 sum
159 2512 200 2574 ab
219 2512 302 2576 aliis
320 2523 398 2575 rete
417 2512 545 2575 babeat
564 2532 632 2593 quo
655 2515 900 2577 transferatur
920 2534 936 2576 e
955 2533 1024 2594 quo
1048 2515 1145 2577 laras
1169 2534 1210 2577 ex

60 2621 251 2700 peristone
276 2638 427 2682 euocare
451 2621 594 2700 possint
616 2629 821 2701 matresque
845 2621 937 2702 quod
968 2622 1108 2685 iaciunt
1131 2622 1209 2703 sqq]

60 2727 113 2788 Ex
137 2731 295 2805 peristone
325 2727 508 2808 apographa,
541 2747 581 2790 ex
605 2731 797 2805 peristerone
825 2727 988 2790 Politianus
1016 2732 1046 2790 iu
1075 2733 1210 2810 principe

60 2833 192 2895 editione
216 2852 275 2895 non
299 2836 437 2895 correxit
484 2837 553 2895 item
577 2866 616 2878 —
643 2842 727 2895 recte
749 2836 868 2907 babeat,
891 2821 957 2910 qua¹
973 2835 1206 2911 transferantur

60 2948 92 3002 et
115 2958 175 3016 quo
194 2940 284 3017 foras
312 2960 352 3003 ex
369 2945 563 3019 peristerone
586 2958 715 3002 morare
734 2943 852 3016 possint
880 2948 1008 3002 matres·
1035 2945 1118 3016 quod
1144 2945 1209 3017 qui·

60 3050 130 3111 dem
154 3046 278 3124 faciunt
301 3047 427 3130 Merula,
461 3051 530 3109 item
563 3065 642 3122 qnae
670 3044 774 3121 foetae
800 3053 884 3128 sunt,
906 3054 941 3108 ut
968 3054 1084 3110 certum
1111 3052 1209 3110 lacum

61 3157 228 3217 disclusum
251 3157 290 3217 ab
313 3159 383 3217 aliis
406 3160 491 3216 reete
510 3153 652 3228 babeant,
672 3170 730 3228 quo
749 3152 990 3231 transferantur,
1009 3172 1026 3216 e
1044 3172 1103 3230 quo
1119 3153 1208 3230 foras

59 3279 193 3324 euocare
206 3265 324 3339 possint
340 3269 468 3323 matres:
486 3263 568 3336 quod
585 3262 704 3335 quidem
720 3259 843 3335 faciunt
861 3259 1022 3343 iucundus,
1041 3265 1209 3338 itemquae

56 3367 145 3445 fetae
157 3376 239 3450 sant,
253 3376 287 3430 ut
304 3373 402 3431 lacum
421 3371 586 3430 disclusum
600 3368 640 3428 ab
655 3369 725 3428 aliis
743 3375 810 3429 rete
827 3370 941 3430 babent
953 3361 1059 3451 (immo
1073 3362 1208 3452 lrabeat),

31 3467 38 3481 ‘
59 3494 122 3552 qua
145 3475 385 3557 transferantur,
404 3494 421 3536 e
443 3492 502 3550 quo
522 3473 612 3550 faras
630 3475 752 3535 evolare
772 3478 889 3550 possint
907 3482 963 3536 etc.
982 3472 1119 3556 Ursinus,
1139 3480 1208 3539 item

60 3601 143 3658 quae
162 3581 266 3658 foetae
287 3588 371 3657 sunt,
399 3585 430 3643 in
459 3587 575 3643 eertum
603 3585 702 3642 lacum
729 3587 763 3641 nt
791 3583 955 3643 disclusum
983 3582 1022 3642 ab
1045 3586 1115 3643 aliis
1143 3591 1209 3645 rete

59 3691 204 3767 babeant,
222 3707 281 3766 quo
304 3687 545 3764 transferantur,
564 3706 581 3749 e
603 3705 662 3763 quo
682 3687 774 3765 faras
796 3706 926 3750 evocare
945 3690 1062 3765 possint
1081 3697 1204 3751 matres-

60 3815 138 3872 que:
165 3799 247 3872 qucd
265 3795 389 3872 faciunt
411 3793 573 3875 Victorius,
596 3792 648 3856 ubi
671 3797 703 3856 in
734 3793 892 3856 dolendum
917 3803 947 3854 et
969 3792 1075 3854 deinde
1098 3802 1208 3870 etqua

57 3903 162 3979 foetas
184 3921 314 3965 euocare
332 3905 451 3981 possint
473 3900 664 3963 scribendum
688 3900 819 3981 Scaliger
842 3903 979 3963 coniecit.
1023 3901 1060 3962 de
1089 3901 1154 3962 loco
1177 3905 1207 3963 in

60 4027 123 4090 quo
148 4008 302 4071 columboe
328 4007 476 4071 habentur
503 4007 581 4088 apud
605 4005 796 4069 Columellam
820 4004 974 4091 V1118,4
1001 4009 1111 4089 scripta
1139 4017 1209 4070 snm

61 4116 153 4196 baec,
186 4118 275 4176 circa
303 4114 471 4192 fenestram
497 4146 535 4158 -
560 4115 732 4191 habeatque
761 4116 931 4191 adpositam
967 4118 1043 4176 satis
1078 4120 1208 4194 amplam

61 4239 189 4288 caueam
212 4221 327 4285 retibus
350 4224 526 4296 emunitam,
550 4238 630 4298 quae
656 4223 806 4287 ‚excludat
828 4224 993 4300 accipitres
1020 4229 1049 4282 et
1078 4225 1208 4301 recipiat
