2874 4994
314 356 363 412 DE
382 355 471 413 AGRI
490 357 662 413 CVLTVRA
682 356 821 413 omnum
841 356 869 414 C.
890 356 975 414 2-3
1172 347 1216 415 15

66 509 200 572 editione
233 511 382 574 Victorius
418 516 539 593 recepit
595 510 644 574 ‘ln
677 515 783 593 priscis
816 513 1033 592 exemplaribus
1065 515 1214 592 posterius

65 617 237 680 membrum
265 638 324 679 non
350 629 409 701 est,
437 621 515 700 quod
544 619 630 700 culpa
658 620 772 682 librarii
799 623 989 681 commissum
1014 621 1117 681 credo:
1146 639 1213 680 nam

65 723 230 786 Columella
259 737 290 788 et
312 727 439 810 Plinius,
468 729 519 807 qui
543 727 599 788 lxoc
622 736 814 807 praeceptum
838 728 957 789 Gelonis
980 728 1127 809 referunt,
1156 748 1214 789 non

65 831 195 912 simplex
219 831 369 896 reserunt'
393 834 472 896 idem
495 836 525 896 in
550 833 804 915 explicationibus.

154 937 177 1002 4
202 939 239 1001 Si
267 943 301 1001 in
332 950 429 1003 terra
459 951 493 1004 et
520 942 680 1004 tabulato
705 942 782 1003 olea
806 943 952 1003 nimium
976 942 1036 1003 diu
1060 945 1129 1004 erit
1152 963 1213 1024 pu-

64 1056 186 1108 toscet
215 1046 330 1109 oleum
358 1048 509 1109 fetidum
538 1047 617 1125 liet]
643 1049 801 1110 Putrescet
828 1049 995 1129 apographa
1019 1048 1158 1110 ltalorum
1184 1058 1214 1111 et

65 1153 147 1215 edita
171 1163 240 1216 ante
264 1155 428 1217 Victoriam
451 1153 638 1234 exemplaria,
659 1163 797 1232 patescet
819 1174 854 1216 ex
878 1155 1036 1236 archetypo
1056 1155 1213 1240 Victorius,

64 1270 97 1321 et
119 1261 197 1323 banc
222 1261 313 1323 solam
337 1263 461 1323 sormam
485 1262 629 1323 aCatone
653 1269 825 1343 usurpatam
849 1280 914 1323 esse
939 1263 1037 1324 video:
1061 1260 1150 1345 64,1
1176 1264 1213 1325 de

64 1367 145 1449 olea,
169 1366 203 1430 iu
226 1377 313 1431 terre
336 1378 366 1431 et
389 1373 420 1432 in
444 1371 579 1432 tabulato
600 1372 732 1446 putescit
754 1378 785 1430 et
807 1371 870 1429 sine
894 1377 975 1430 certa
999 1370 1099 1430 odoris
1123 1373 1212 1449 signi·

64 1475 206 1536 ticatione
239 1472 296 1556 98,
324 1474 345 1537 2
377 1480 508 1552 lippeam
540 1480 753 1554 supeltectilem
784 1494 899 1538 omnem
930 1480 959 1537 si
989 1495 1118 1553 unques,
1151 1496 1212 1540 nou

59 1591 219 1660 putescet;
246 1585 317 1645 item
346 1580 438 1666 37,2
463 1583 605 1660 frondem
629 1585 782 1663 putidam,
812 1579 923 1663 tot,3
952 1586 1079 1645 voluens
1100 1587 1211 1661 putide

63 1699 95 1750 et
128 1708 245 1753 ornnem
274 1698 414 1769 putorem
441 1693 560 1752 adimet.
611 1692 641 1750 in
670 1688 717 1750 bis
745 1689 881 1750 omnibus
909 1690 940 1749 in
968 1692 1099 1770 antiquis
1127 1690 1211 1751 libris

60 1799 176 1874 putide
208 1804 239 1858 ot
266 1805 429 1874 putescere
461 1798 605 1876 scriptum
638 1814 704 1857 osse
731 1795 879 1857 Victorius
905 1795 1022 1877 157,3
1052 1798 1210 1860 adnotavit.

63 1905 139 1964 item
172 1903 249 1983 apud
277 1903 406 1965 Nonium
434 1922 462 1983 p.
483 1900 559 1983 152,
581 1901 624 1965 20
652 1906 738 1965 neves
763 1907 888 1980 putidus
915 1913 1007 1980 etque
1032 1909 1207 1968 senticosus.

63 2010 192 2072 aliorum
220 2013 400 2091 scriptorum
428 2010 576 2091 exempla,
604 2029 679 2090 quae
708 2018 819 2071 certam
843 2010 943 2071 odoris
966 2013 1210 2089 significationem

63 2116 185 2199 babent,
208 2117 277 2179 dedi
296 2116 378 2179 Varr.
397 2137 420 2179 r.
439 2137 463 2179 r.
484 2117 495 2176 l
515 2116 566 2198 34,
587 2115 615 2179 1.
652 2117 759 2179 deindo
780 2117 918 2198 fetidum,
941 2118 1019 2197 quood
1043 2137 1078 2179 ex
1103 2120 1209 2180 codici·

63 2224 122 2286 bns
145 2224 256 2285 babent
275 2224 357 2306 bmb,
381 2227 411 2285 iu
435 2225 593 2304 archetypo
618 2224 733 2286 videtur
758 2227 901 2304 scriptum
923 2226 1022 2305 inissa,
1046 2244 1104 2286 nou
1120 2226 1208 2302 soeri-

63 2334 147 2406 dum,
171 2332 248 2412 qrrod
273 2335 303 2393 in
327 2334 461 2412 principe
485 2332 614 2393 editione
638 2330 800 2392 Politianus
823 2350 882 2395 non
906 2335 1045 2393 correxit.

154 2437 197 2499 Et
218 2441 346 2518 quouis
364 2440 440 2500 olea
459 2438 574 2500 oleum
594 2438 750 2500 uiridius
770 2447 804 2499 et
822 2438 950 2499 bonum
969 2439 1054 2500 lieri
1074 2440 1207 2519 potest]

63 2547 116 2608 Ex
142 2550 254 2623 quouis
276 2564 314 2607 m.
358 2565 398 2608 ev
417 2550 530 2621 ,queris
558 2550 624 2608 oleo
652 2549 748 2607 oleum
775 2549 906 2607 viridius
934 2550 982 2608 vet
1008 2549 1117 2609 bonum
1137 2551 1211 2622 fieri

59 2662 161 2731 potest
188 2653 348 2715 lucundns.
393 2670 498 2732 parum
526 2660 662 2713 accurate
691 2662 789 2713 autom
818 2653 928 2714 dicitur
956 2658 1053 2716 oleum
1080 2657 1209 2714 viridius

62 2770 93 2822 et
121 2764 240 2831 bonurn.
286 2779 377 2841 quare
406 2769 457 2822 aut
484 2760 590 2822 viride
611 2759 800 2820 scribendum
830 2768 876 2821 ost
902 2770 953 2822 out
981 2763 1080 2840 potius
1104 2760 1208 2821 deletis

63 2867 174 2949 verbis,
197 2887 273 2948 quae
297 2888 333 2928 ex
356 2867 561 2948 superioribus
583 2872 680 2929 oleum
703 2870 832 2928 viridius
855 2875 885 2928 et
906 2871 1011 2929 melius
1031 2872 1086 2942 fiet
1104 2870 1207 2928 vitioso

62 2977 191 3055 repetita
215 2985 308 3055 erant,
331 2980 428 3037 oleum
451 2977 559 3037 bonum
580 2978 655 3050 fieri
672 2975 777 3052 potest.

148 3081 170 3144 ἴ)
198 3083 373 3161 'lrapotos
405 3082 516 3143 bonos
549 3084 675 3162 priuos
707 3083 861 3160 impares
894 3099 977 3142 osse
1013 3090 1156 3160 oportet
1184 3084 1209 3141 si

60 3191 170 3251 orbes
198 3193 350 3252 contriti
377 3192 472 3251 sient
495 3199 532 3250 ut
555 3197 771 3258 commutare
795 3188 925 3266 possis]
951 3188 1069 3267 Trapeti
1094 3191 1122 3248 in
1147 3198 1205 3248 tor·

62 3297 177 3358 culario
206 3306 276 3359 sunt
304 3316 427 3359 ricimero
450 3297 552 3378 plures
574 3316 600 3358 c.
622 3294 661 3357 12
690 3304 719 3356 et
745 3291 838 3376 18,2
862 3303 891 3354 ot
914 3294 1031 3355 diverso
1055 3296 1141 3356 modo
1165 3298 1207 3355 in-

60 3407 168 3465 structi
200 3401 278 3485 135,
301 3402 329 3465 6.
380 3406 480 3484 itaque
508 3407 593 3482 privi
620 3403 761 3464 dicuntur
789 3404 895 3481 trapeti
924 3404 973 3481 qui
1003 3420 1057 3463 suo
1085 3406 1205 3480 proprio

60 3520 205 3590 apparatu
230 3512 369 3571 instructi
392 3521 463 3573 sunt
485 3519 515 3572 et
537 3510 644 3571 deinde
667 3510 753 3570 funes
777 3518 806 3569 ot
829 3510 991 3588 mediponti
1011 3511 1062 3589 qui
1081 3509 1206 3587 singulis

61 3620 186 3697 trapetis
215 3620 329 3698 proprii
356 3626 433 3679 sunt.
480 3619 551 3678 item
578 3618 717 3698 opercula
745 3617 780 3678 ad
805 3617 919 3697 singula
943 3616 1019 3677 dolia
1042 3635 1204 3678 accommo-

59 3725 137 3804 data,
164 3722 213 3806 10,
233 3724 253 3786 4
276 3729 422 3803 operculo
445 3728 533 3787 doliis
555 3729 645 3787 seriis
663 3729 756 3804 privv
779 3733 810 3785 et
835 3723 924 3803 11,2
948 3729 1093 3802 operculo
1113 3728 1203 3785 dolio-

59 3849 129 3892 rum
148 3838 179 3892 et
197 3835 329 3893 tectorio
344 3836 445 3913 privo,
464 3840 494 3891 ot
512 3832 650 3913 scopulac
665 3851 740 3912 quae
754 3832 791 3892 ad
805 3831 920 3911 singula
935 3831 1011 3892 dolia
1027 3831 1204 3909 extorgomla

58 3946 218 4018 parantur,
246 3956 271 3999 o.
291 3936 334 4001 26
354 3943 521 4016 privasque
543 3943 682 4017 scopulus
706 3944 736 4000 iu
761 3942 842 4002 doliu
863 3938 961 4014 serito
984 3940 1105 3998 liabens.
1152 3938 1203 3998 sod

58 4064 115 4106 orn
143 4048 273 4124 impares
301 4065 366 4107 esso
394 4047 532 4108 dicantur
560 4049 667 4125 trapeti
695 4048 739 4107 uel
764 4046 833 4124 qxrid
858 4048 897 4105 sit
920 4052 1117 4119 commutare,
1145 4063 1204 4105 non

58 4162 194 4233 apparet.
234 4151 392 4214 Turnebus
416 4153 529 4216 advers.
549 4152 601 4233 28,
620 4152 662 4214 47
687 4161 820 4233 trapetos
842 4154 941 4231 privos
965 4153 1093 4230 impares
1113 4155 1202 4212 iuter·

59 4269 197 4341 pretatur
226 4255 366 4338 ‘singulis
393 4260 517 4322 torculis
546 4263 622 4321 rasis
651 4279 721 4321 snos
749 4270 779 4321 et
802 4261 953 4338 proprios,
981 4278 1056 4340 qnos
1084 4260 1203 4320 eosdem

59 4368 124 4430 vult
150 4370 281 4448 impares
308 4386 387 4451 esse,
416 4388 452 4430 ne
476 4371 706 4430 instrumentum
731 4386 833 4427 eornm
857 4376 1057 4428 commutetur
1080 4368 1203 4446 aliisquo

59 4473 213 4536 deservire
236 4477 339 4556 possit,
363 4484 396 4536 ut
420 4475 503 4536 verbi
525 4479 618 4555 gratia
642 4475 740 4557 orbes,
763 4474 871 4554 quibus
894 4475 958 4536 olea
982 4477 1102 4551 teritur,
1128 4494 1203 4555 quos
