2874 4994
146 315 208 378 100
490 321 680 376 COMMENT.
699 321 739 375 IN
757 318 946 374 VARRONIS

143 495 307 557 pronomen
339 478 560 556 praepositione
592 476 704 536 dictum
737 484 783 536 est
814 492 869 554 pro
901 468 954 535 ‘ex
992 490 1051 552 qna
1083 470 1178 535 arbore
1201 474 1240 536 nl

143 579 277 645 habere'.
314 583 421 644 deinde
439 603 529 660 qaam
549 587 686 645 inserere
700 587 762 643 salt
775 582 813 643 de
827 581 934 643 arbore
953 600 1030 662 quae
1045 599 1150 643 novum
1163 600 1243 645 ranan

144 695 251 773 accipit
274 692 460 768 dictumest,
480 695 559 753 sicut
577 690 653 771 apud
674 689 864 751 Columellam
884 689 907 748 V
927 687 978 773 11,
994 686 1015 751 3
1033 690 1171 750 arborem
1184 707 1245 765 puna

144 803 281 861 inserere
298 804 386 875 coles,
405 797 477 860 int
498 803 527 860 sa'
540 802 682 876 pusillam
702 801 843 860 arborem
863 801 1001 859 inserere
1020 800 1102 859 voles
1118 804 1147 858 et
1162 799 1247 876 333313

144 915 174 966 31
197 906 274 986 apud
298 905 488 967 Columellam
511 914 542 967 et
564 904 640 984 apud
665 904 802 966 Plinium.
840 909 870 965 ia
894 922 962 966 eam
986 907 1017 965 in
1039 921 1131 980 qaam
1147 906 1248 965 itesam

143 1018 207 1074 cult
229 1015 356 1075 coniecit
380 1012 411 1073 C.
435 1011 466 1072 F.
491 1011 535 1071 W.
558 1010 719 1072 Muellerus
743 1010 857 1091 ephem.
881 1028 1013 1091 gymnas.
1036 1009 1133 1072 Berol.
1152 1007 1248 1073 31861

144 1139 171 1200 p.
191 1117 266 1182 487.
304 1118 393 1180 verba
417 1127 515 1180 antem
539 1123 602 1179 arata
625 1121 763 1179 traducit
786 1121 913 1195 inplicat
939 1119 969 1178 in
998 1118 1163 1199 praeceptis
1184 1118 1250 1196 posita

143 1236 214 1288 sunt
246 1230 310 1287 sine
344 1228 529 1307 pronomine,
562 1226 639 1304 qnod
673 1226 804 1287 editores
832 1223 1015 1287 addiderant
1051 1223 1176 1305 denique
1199 1227 1253 1301 psal

144 1339 225 1396 intro
258 1341 302 1395 est
333 1343 363 1394 et
395 1337 477 1408 qaod
507 1338 624 1395 caelam
657 1337 793 1394 visarum
820 1341 864 1394 est
892 1331 1024 1393 diversas
1052 1340 1152 1414 partes
1177 1330 1252 1392 ramuli

140 1442 298 1545 significat.
450 1447 455 1457 ’

232 1548 315 1610 Cum
348 1547 577 1626 comprendit
610 1547 701 1607 unde
735 1556 968 1627 propagatum
1007 1556 1063 1607 est
1096 1545 1137 1607 ab
1171 1544 1256 1607 altere

144 1653 273 1717 arbore
297 1652 496 1735 praecidit]
526 1656 570 1714 Aa
594 1658 695 1715 altera
723 1656 836 1714 arbore
858 1652 967 1714 Ursino
991 1662 1114 1716 auctore
1138 1652 1258 1713 Gesnerns

143 1764 273 1825 inclusit.
312 1780 380 1823 cum
400 1763 678 1839 comprehenderit„
696 1762 730 1821 ia
746 1763 829 1835 qaod
842 1768 1048 1837 propagatam
1067 1769 1112 1822 est
1130 1761 1168 1821 alr
1185 1763 1258 1821 altera

144 1873 257 1932 arbore
276 1870 433 1946 praecidit
456 1866 657 1929 Schneiderus
682 1870 817 1929 coniecit.
855 1868 988 1930 remulus
1016 1877 1095 1948 tnm,
1122 1886 1187 1929 cum
1211 1884 1259 1927 con·

145 1976 276 2058 prendit,
305 1975 332 2035 h.
356 1995 380 2037 e.
405 1977 556 2036 concrevit
585 1994 651 2036 cerm
681 1993 716 2034 eo
741 1993 832 2055 ramo,
857 1977 887 2034 in
912 1991 1001 2054 quem
1029 1983 1204 2053 propagatus
1221 1980 1261 2052 est

145 2082 181 2143 ab
205 2082 297 2143 altera
320 2082 435 2164 arbore,
458 2082 538 2142 unde
562 2084 734 2162 propagatio
759 2082 833 2142 lacta
858 2088 929 2162 erat,
953 2079 1145 2161 praeciditur.

231 2193 293 2249 XLI
314 2187 330 2250 l
365 2188 439 2260 Quo
463 2200 625 2269 tempore
650 2206 790 2268 quaque
814 2189 1018 2249 transieras
1047 2186 1133 2248 haec
1156 2189 1188 2247 in
1208 2187 1260 2265 pri·

145 2299 210 2357 mis
234 2296 387 2356 nidenda
407 2296 572 2375 qnodque
592 2298 696 2374 prins
716 2313 826 2355 uerno
845 2304 1008 2375 tempore
1028 2294 1261 2355 inserebantur

145 2423 237 2465 nunc
267 2406 372 2465 etiam
401 2401 611 2479 solstitiali]
651 2404 793 2477 Quaeque
820 2401 993 2477 transferas
1025 2399 1153 2482 Merula,
1179 2399 1261 2460 deinde

143 2513 226 2588 qaod
252 2529 331 2586 qaae
355 2513 444 2587 prius
467 2509 638 2570 Beroaldus.
676 2528 691 2569 e
717 2509 825 2589 quibus
848 2527 986 2584 quaeqae
1009 2507 1181 2584 transferas
1203 2505 1267 2566 land

144 2618 233 2679 dubie
262 2636 365 2678 verum
393 2626 447 2676 est.
489 2617 541 2677 sed
570 2620 652 2691 qaod
677 2634 757 2692 qaae
780 2621 883 2694 prius,
912 2615 990 2695 quod
1021 2625 1091 2695 post
1112 2613 1273 2675 Beroaldus»

144 2742 248 2785 omnes
267 2731 456 2802 receperunt,
474 2741 571 2802 neque
591 2742 659 2784 cnm
679 2722 775 2783 verbis
795 2741 892 2803 neque
912 2742 981 2784 cum
1000 2721 1102 2802 rebus,
1122 2722 1157 2783 de
1176 2720 1280 2801 qrrilns

145 2832 250 2910 agitur,
274 2831 419 2890 convenit.
458 2847 524 2889 nam
549 2848 607 2889 non
631 2829 667 2890 dc
692 2832 771 2890 omni
798 2847 907 2909 genere
932 2830 1108 2890 insitionum
1131 2828 1198 2889 haee
1216 2827 1277 2887 dici

145 2946 276 3018 apparet,
299 2936 351 2996 sed
376 2935 412 2996 de
437 2938 472 2996 iis
501 2955 575 3015 quae
604 2935 674 2996 olim
703 2954 794 2997 verno
819 2946 965 3018 tempore,
994 2944 1097 3016 postea
1121 2939 1201 2997 etiam
1219 2931 1280 2994 sol-

145 3045 245 3106 stitiali
280 3045 344 3104 lieri
378 3041 523 3124 solebant,
557 3046 586 3103 in
616 3042 725 3123 qtrilrus
753 3052 823 3104 sunt
850 3045 898 3104 llci
917 3040 969 3124 39,
989 3041 1018 3104 2.
1066 3045 1164 3123 itaque
1186 3041 1281 3102 deleto

144 3154 227 3227 qraod
257 3152 364 3229 scripsi
396 3168 455 3226 qao
488 3160 622 3226 tempore
653 3169 791 3225 quaeqae
823 3149 1011 3226 transferas,
1043 3153 1121 3212 lracc
1150 3149 1284 3227 inprimis

145 3261 283 3332 ridenda,
311 3276 391 3332 quae
414 3261 504 3334 prius
527 3276 591 3337 sqq.
628 3260 658 3317 in
682 3257 865 3317 observando
892 3266 1041 3341 tempore,
1069 3276 1128 3338 quo
1152 3268 1281 3338 quaeque

145 3366 379 3438 transferuntur,
403 3366 433 3424 in
458 3366 561 3443 primis
585 3383 617 3423 33
641 3365 765 3424 videnda
790 3371 869 3445 sunt,
893 3383 983 3445 quac,
1010 3383 1079 3425 oum
1103 3364 1170 3426 olim
1191 3376 1281 3422 verno

146 3483 279 3551 tempore
302 3473 517 3551 insererentur,
539 3474 596 3532 iam
620 3474 708 3531 etiam
732 3470 878 3531 solstitiali
901 3473 995 3531 inseri
1017 3470 1124 3533 solent

234 3576 254 3638 2
278 3577 402 3655 ltaque
426 3580 489 3656 qni
512 3579 556 3638 iit
579 3578 766 3639 caniculae
791 3580 892 3658 signo
916 3578 1195 3640 commodissime
1215 3591 1277 3635 ex·

145 3686 329 3744 istimatnr
357 3702 393 3744 ea
422 3684 555 3761 inseri]
586 3685 694 3760 Itaque
721 3689 804 3760 qnod
828 3688 975 3746 inseritur
1002 3688 1164 3747 caniculae
1185 3685 1273 3758 stato·

146 3794 380 3852 commodissime
412 3795 591 3852 aestimatur
624 3795 720 3853 inseri
750 3792 909 3853 lncnndus.
955 3794 1060 3868 itaque
1085 3797 1115 3853 si
1141 3795 1175 3866 fit
1195 3783 1267 3848 zail-

146 3895 265 3958 ieldtins
289 3907 401 3977 quaest.
421 3902 487 3960 crit.
507 3902 537 3960 in
557 3897 637 3960 Varr.
658 3918 716 3960 rer.
735 3909 810 3961 rust.
830 3899 894 3960 libr.
913 3917 941 3978 p.
962 3895 1015 3959 29.
1052 3897 1149 3960 delevi
1168 3899 1211 3975 ani
1220 3895 1264 3967 fil,

145 4006 223 4084 quod
247 4025 283 4066 en
307 4005 512 4084 superioribus
531 4004 647 4066 videtur
671 4008 828 4084 repetitum
853 4022 934 4065 esse:
958 4005 1016 4064 nisi
1036 4006 1137 4083 potius
1153 3999 1259 4065 13111311·

145 4112 214 4172 dum
238 4123 302 4172 erat
325 4116 427 4188 itaque
450 4132 528 4188 areae
548 4117 628 4186 liant
651 4116 812 4174 caniculae
841 4116 943 4188 siano,
973 4114 1197 4174 commodissime
1214 4119 1253 4166 w

146 4221 318 4277 istiatnntm·
342 4238 378 4278 en
398 4222 500 4279 inseri.
539 4219 590 4278 scd
611 4217 701 4278 Varro
726 4219 760 4279 ad
781 4221 869 4280 licum
889 4217 1053 4280 contulisse
1074 4217 1180 4279 videtnr
1193 4205 1249 4292 qood

147 4322 183 4381 do
207 4327 285 4384 omni
310 4343 418 4403 genere
442 4324 665 4404 Theophrastus
688 4329 840 4407 praecepit
863 4325 899 4386 de
924 4344 1004 4387 caus.
1024 4326 1115 4406 plant.
1132 4323 1143 4384 l
1160 4304 1244 4404 6,6w'

147 4419 178 4487 δ’
204 4420 297 4510 ὕδωρ
319 4430 364 4515 τῷ
393 4425 453 4510 μὲν
485 4429 748 4518 ἕνοφθαλμισμῷ
773 4427 941 4513 πολέμιον.
979 4428 1113 4514 taederet
1137 4424 1189 4511 γὰρ
1207 4412 1242 4484 111
