2874 4994
314 111 446 169 maru
463 111 704 169 nvsnrcanvn
721 113 789 168 nm.
808 112 848 168 111
868 111 954 169 3-a
1142 94 1206 169 '237

60 276 130 347 port
149 271 308 346 pruciph
330 285 436 348 parum
459 276 527 348 apte
553 263 768 346 interpretantis
790 277 835 328 est
860 265 968 346 Popma
992 262 1076 349 ‘ago‚
1104 269 1209 349 inquit,

61 373 128 436 noio
153 385 183 438 tc
208 392 273 436 esse
296 382 365 455 post
387 376 531 454 principia
555 376 585 435 in
609 377 728 454 castris,
756 373 786 434 id
811 383 857 434 est
882 372 919 434 ah
942 373 989 435 his
1011 375 1112 453 potius
1135 384 1208 434 tem-

60 481 187 562 poribus
217 499 306 561 quam
334 479 486 562 prioribus
512 475 664 560 incipere'
692 479 757 544 coli.
781 480 902 541 Terent.
926 479 1061 543 Eunuch.
1083 478 1144 543 781
1175 489 1207 542 tu

63 590 158 651 hosce
180 592 306 664 munte,
330 605 385 665 epa
408 605 462 650 ero
481 594 551 665 post
572 590 739 664 principia.
776 585 904 648 debebat
926 590 1025 668 potins
1048 590 1101 667 sic,
1125 583 1207 648 ‘volo

60 704 92 757 te
115 697 250 775 incipere
268 702 337 775 post
355 687 525 774 principia’,
549 710 784 773 quemquamne
807 693 864 754 hoc
884 694 1004 773 quidem
1028 695 1062 755 ad
1083 695 1206 755 sormam

60 792 212 863 sermonis
240 811 341 880 aptum
370 819 435 862 esse
464 809 596 880 apparet.
632 800 684 861 sed
713 819 816 861 rerum
845 819 911 862 csse
939 820 959 861 a
979 804 1208 879 postprincipiis

60 911 181 970 montrit
203 908 414 971 Schneiderns.
452 925 519 968 nam
543 909 756 987 postprincipia
779 910 843 988 ipse
863 907 955 969 Varro
978 909 1051 969 dixit
1073 926 1108 968 aa
1131 926 1206 986 qnae

62 1023 135 1096 post
158 1016 302 1095 principia
331 1017 374 1076 rei
403 1016 478 1076 flunt
506 1014 552 1075 rei
576 1023 646 1076 sunt
675 1013 752 1093 apud
777 1014 902 1076 Geiiium
921 1011 1073 1096 XV19,5
1100 1016 1210 1090 quodsi

58 1138 122 1183 non
147 1122 256 1182 horum
278 1125 410 1183 omniurn
432 1124 543 1182 similia
573 1129 674 1182 essent
693 1125 850 1198 principia
872 1140 912 1183 ac
932 1124 1154 1199 postprincipia
1177 1131 1208 1181 et

58 1225 101 1288 ih.
124 1223 209 1308 tan
233 1230 370 1305 uoluptas
388 1235 497 1302 autern,
521 1231 627 1303 inanit,
651 1230 832 1289 volatilitas
851 1231 958 1290 taliurn
977 1230 1207 1305 disciplinarum

58 1337 94 1396 in
119 1337 351 1411 postprincipiis
381 1337 497 1408 existit,
530 1351 601 1394 cunr
627 1333 788 1410 perfectae
815 1334 1031 1408 absolutaeque
1060 1341 1144 1406 snat,
1176 1336 1207 1394 in

54 1442 226 1518 principiis
257 1457 329 1502 aero
363 1443 436 1517 ipsis
469 1444 590 1518 ineptae
626 1448 656 1500 et
688 1443 829 1501 insuaves
860 1442 1019 1510 uidentur,·
1055 1447 1206 1518 praeterea

28 1630 33 1636 ⁹
58 1546 188 1608 Plautus
206 1546 288 1609 Pers.
302 1544 369 1609 452
387 1551 433 1609 sic
452 1550 482 1609 ei
495 1549 667 1624 accedant
685 1549 910 1625 postprincipia
929 1556 959 1608 ct
977 1547 1115 1607 Afranius
1130 1545 1207 1625 apud

61 1652 239 1715 Ciceronem
255 1671 282 1733 p.
295 1650 434 1734 Sestbh,
447 1649 510 1716 118
521 1656 745 1731 postprincipia
759 1661 851 1729 atque
865 1657 965 1716 exitus
981 1656 1106 1715 aitr'osae
1120 1657 1208 1714 uitae.

61 1762 227 1822 asnensis
254 1768 353 1822 autem
382 1759 517 1821 vocabuli
545 1761 629 1838 origo
657 1759 806 1820 indicatur
833 1762 870 1821 iis
898 1777 973 1839 qnae
1001 1757 1100 1820 addita
1129 1769 1208 1840 sunt,

63 1874 100 1928 ut
123 1869 212 1928 aiunt
235 1870 266 1928 in
289 1870 416 1929 castrr's:
438 1883 505 1927 nam
530 1868 569 1927 ita
593 1865 666 1927 haec
690 1865 845 1927 scribenda
869 1875 952 1946 sunt,
976 1883 1031 1941 epo
1054 1883 1136 1946 aaa,
1164 1869 1208 1927 in·
1334 1880 1337 1886 ’

59 1976 138 2050 quit,
161 1991 181 2034 a
200 1976 439 2051 postprincipiis,
457 1981 493 2034 ut
510 1976 598 2034 aiunt
621 1977 652 2034 in
675 1976 796 2047 castrr's,
820 1974 854 2033 id
875 1980 919 2034 est
941 1975 980 2034 ab
1003 1975 1050 2034 his
1068 1976 1207 2050 tempori·

59 2080 120 2140 hus
143 2096 234 2154 quara
256 2080 476 2157 superioribus.

154 2184 347 2265 Sexaginta
370 2188 462 2247 enim
481 2185 578 2246 milia
599 2186 759 2247 iircilina
779 2184 936 2247 excandc
955 2204 1006 2248 me
1025 2185 1207 2265 iecerunt]

60 2295 234 2355 Fircellina
257 2292 336 2353 edita
354 2293 423 2354 inde
447 2292 484 2354 ab
503 2292 606 2355 didina
627 2293 756 2354 editione
777 2290 965 2374 exemplaria,
987 2312 1120 2373 proquo
1140 2296 1208 2354 dir·

59 2402 167 2462 celino
192 2400 309 2479 scripsi
355 2402 506 2479 sexaginta
541 2398 619 2461 milia
647 2402 820 2461 sestertium
848 2417 883 2460 cx
914 2399 1072 2462 ornithone
1102 2408 1208 2461 mater·

61 2516 146 2568 torae
169 2505 310 2567 Varronis
337 2507 463 2567 rediisse
491 2507 604 2568 dictum
633 2516 697 2567 erat
720 2503 886 2587 1112,15.
928 2505 1003 2568 hanc
1030 2508 1122 2586 igitur
1146 2505 1209 2567 iir-

63 2611 183 2674 cciiiam
207 2612 299 2674 inissa
322 2612 473 2673 Gesnerns
496 2613 654 2675 adnotavit.

153 2717 175 2781 2
208 2720 331 2781 Merula
364 2722 424 2781 duo
449 2739 567 2796 penera
594 2729 664 2782 sunt
693 2725 791 2797 inquit
817 2723 993 2783 ornithonas
1023 2721 1091 2782 iihri
1120 2739 1207 2782 mann

61 2827 179 2906 scripti,
195 2826 318 2888 Merula
333 2829 439 2902 inquit,
463 2830 524 2890 duo
546 2836 617 2889 sant
630 2825 800 2889 ornithonis
812 2845 930 2903 penera
951 2828 1040 2888 editio
1061 2830 1209 2908 princeps,

64 2930 118 2993 nhi
146 2931 309 2995 Politianns
336 2933 471 2995 ordinem
500 2933 659 2994 verborum
690 2935 834 3011 correxit,
863 2932 914 2994 sed
947 2934 1117 2993 ornithonis
1149 2950 1208 2993 non

64 3041 199 3101 mutarit.
1003 3099 1008 3108 .

154 3144 218 3208 Vl
252 3146 370 3208 Dicam
404 3147 445 3209 de
477 3147 545 3208 hoo
574 3146 769 3209 ornithone
800 3144 892 3227 qtrod
926 3147 1069 3207 tructus
1101 3163 1209 3207 cansa

63 3251 224 3330 iaciunt]
249 3255 358 3316 Duum
377 3258 479 3331 priato
506 3256 545 3316 de
567 3256 728 3316 ornithone
755 3253 846 3315 editio
869 3255 1021 3336 princeps,
1051 3252 1103 3314 uhi
1132 3251 1208 3313 Poii-

63 3360 165 3420 tianns
185 3377 220 3420 cx
245 3359 405 3440 archetypo
426 3364 526 3438 primo
550 3360 658 3422 deterit
681 3371 711 3422 et
733 3363 791 3422 hoc
813 3369 881 3440 post
903 3363 942 3421 de
965 3359 1085 3439 addidit,
1108 3362 1209 3420 dicam

63 3467 108 3527 de
127 3468 186 3527 hac
208 3468 372 3528 arinthone
396 3485 437 3541 m,
466 3471 568 3530 dicam
587 3471 688 3546 primo
711 3469 749 3529 de
776 3467 833 3528 hoc
855 3469 1016 3528 ornithone
1042 3464 1209 3546 apographa

63 3570 218 3633 italorum.
253 3574 406 3655 archetypi
430 3574 588 3637 lectionem
613 3577 715 3637 dicam
738 3577 776 3636 de
798 3577 856 3636 hac
878 3575 1039 3635 ornithone
1056 3572 1209 3633 irtcrmdns

63 3677 158 3740 dedit.
203 3678 310 3740 deinde
338 3683 421 3755 quod
446 3698 501 3760 pro
529 3697 616 3756 quera
644 3681 788 3760 positum,
816 3681 901 3758 qnasi
928 3679 1069 3739 adamum
1097 3677 1209 3737 dictum

63 3793 157 3867 esset,
180 3803 240 3846 non
264 3785 417 3867 ornithon,
446 3786 596 3848 Gesnerns
624 3794 655 3846 et
678 3786 879 3849 Schneiderns
902 3781 1073 3845 defendunt.
1119 3785 1209 3842 immo

67 3900 177 3954 netrtro
201 3911 311 3972 genere
334 3891 446 3952 dictum
470 3902 517 3953 est
539 3895 578 3954 de
595 3895 662 3974 hoc,
685 3893 712 3952 h.
732 3912 757 3953 e.
776 3892 813 3952 dc
832 3891 889 3951 hoc
908 3909 1016 3970 genere
1035 3888 1212 3963 ornithonis,

65 4001 170 4061 dham
193 4001 232 4060 cle
253 4002 324 4074 hoc,
347 4001 431 4075 quod
448 3998 573 4075 [ructon
596 4015 692 4060 causa
716 3997 848 4075 faciunt.
890 4014 957 4057 nam
985 3999 1024 4058 de
1050 3998 1211 4058 ornithone

64 4106 104 4168 ad
130 4116 338 4185 argumentum
357 4104 547 4167 indicandum
571 4105 602 4166 in
621 4106 753 4186 margine
772 4103 889 4165 ridetur
908 4101 1089 4182 adscriptum
1112 4105 1211 4166 inisse.

157 4213 256 4275 Unde
279 4231 347 4274 non
366 4213 427 4275 uhi
446 4219 640 4274 sumuntur
658 4213 810 4291 pingues
829 4208 945 4288 turdi]
972 4212 1057 4272 Unde
1074 4215 1212 4273 nonnulli
