2874 4994
141 301 206 364 276
483 307 672 363 ΟΟΜΜΕΝΤ.
691 308 731 362 IN
749 307 938 365 VARRONIS

141 466 184 522 orl
214 465 367 523 culturam
400 464 483 523 aedit
515 469 646 537 natura,
679 459 776 542 31,4
808 466 842 524 bi
871 469 943 524 suut
975 464 1072 538 cuim,
1101 460 1251 544 111‚1u

142 573 214 630 rari
236 573 322 630 euim.

231 677 273 736 Ut
292 678 383 737 enim
403 694 509 756 saepe
530 694 606 737 cum
630 674 761 736 habent
784 675 926 737 catulos
946 684 1115 739 recentes
1135 673 1212 736 elios
1228 678 1253 736 ie

142 792 273 844 uentre
296 781 429 843 habere
458 781 714 862 reperiuntur]
744 785 794 843 Fa
817 786 896 844 euim
924 802 1018 861 saepe
1034 814 1081 826 -
1098 785 1170 845 alias
1191 786 1255 843 uu

143 898 247 953 uentre
274 893 389 951 habere
417 888 617 967 reperiantur
645 888 797 951 iucundus
825 899 856 950 et
883 889 991 951 deinde
1019 889 1127 969 reliqui
1148 889 1256 950 editores

144 999 264 1058 restitui
287 997 445 1057 lectionem
470 995 624 1075 archetypi
647 995 683 1055 eb
707 995 815 1056 Ursino
839 995 1039 1077 emendatam,
1067 999 1171 1058 etenira
1190 1013 1257 1072 saepe

142 1139 186 1148 -
210 1108 287 1166 alios
311 1108 341 1164 iu
366 1112 471 1163 uentre
493 1105 608 1164 habere
630 1106 838 1193 reperiantur.

231 1197 277 1271 De
297 1213 342 1270 iis
366 1209 558 1270 archelaus
583 1208 716 1269 scribit
734 1227 907 1271 annorum
926 1209 1018 1289 qnod
1039 1208 1260 1289 sitquisaelit

144 1321 240 1379 scire
263 1319 447 1395 inspicere
466 1325 636 1396 oportere
656 1318 830 1377 ioremine
849 1314 1021 1395 netnree]
1045 1319 1261 1392 enormeque

143 1430 204 1487 siut
225 1429 254 1485 si
275 1428 342 1500 quis
365 1427 437 1484 uelit
458 1427 541 1485 scire
564 1423 640 1483 edite
666 1423 734 1483 inde
758 1421 795 1482 eb
819 1422 922 1483 Aldine
949 1423 1080 1484 editione
1104 1421 1262 1503 exemplaria

144 1550 295 1593 aurarum
323 1537 395 1606 quot
421 1534 461 1591 sit
489 1534 543 1606 qui
566 1534 635 1590 velit
662 1533 744 1591 seire
768 1531 883 1608 scripsi.
930 1548 997 1590 nem
1025 1528 1181 1608 singularis
1202 1528 1264 1589 verbi

145 1656 289 1700 numerus
312 1641 352 1698 sil
375 1644 442 1714 post
466 1655 629 1716 pronomen
654 1635 776 1716 pluralis
800 1638 918 1697 numeri
937 1640 976 1698 de
994 1641 1031 1697 iis
1051 1636 1179 1697 editores
1195 1637 1265 1697 oileu-

144 1746 214 1807 dere
244 1764 302 1805 non
331 1742 465 1803 debebat.
511 1743 547 1803 de
576 1743 720 1803 Archelao
749 1742 851 1803 eedem
879 1743 973 1802 refert
1007 1740 1120 1803 Plinius
1138 1742 1199 1803 11111
1217 1740 1267 1805 218

105 1920 108 1925 ⁸
145 1854 315 1914 Archelaus
335 1858 444 1912 auctor
463 1858 515 1926 est,
535 1856 607 1925 quot
624 1853 686 1911 sint
704 1853 843 1927 corporis
862 1867 1016 1910 cauernae
1034 1852 1079 1909 ad
1095 1858 1268 1911 excrementa

144 1962 249 2035 lepori,
269 1961 388 2019 lotidem
408 1976 504 2018 anuos
518 1976 583 2018 esse
597 1960 722 2018 aetatis:
741 1959 846 2017 carius
860 1963 944 2016 certe
963 1972 1109 2016 uumerus
1127 1960 1269 2034 reperitur.

232 2062 253 2126 5
286 2064 355 2124 iios
379 2083 523 2143 quoque
547 2082 661 2142 nuper
685 2065 893 2123 institutum
921 2070 960 2122 ut
983 2063 1193 2141 saginarunt
1212 2062 1270 2142 pic·

144 2183 252 2251 reque
281 2189 357 2231 cum
386 2181 557 2249 exceptos
585 2189 601 2230 e
630 2169 812 2250 leporario
846 2167 1003 2229 condent
1034 2171 1070 2228 in
1099 2173 1218 2231 caueis
1244 2177 1271 2228 et

143 2279 221 2339 loco
245 2279 371 2339 clauso
396 2278 532 2338 iaciant
555 2274 726 2356 pingues]
755 2277 893 2337 Candaei
912 2274 1002 2335 editio
1020 2276 1163 2357 princeps
1180 2297 1195 2337 e
1212 2275 1272 2336 Poli-

145 2389 224 2446 tiano
249 2404 306 2446 non
332 2393 466 2444 correcte
491 2393 520 2444 et
543 2383 710 2464 apographa
729 2384 905 2463 recentiore,
925 2385 1114 2444 cencludant
1137 2395 1272 2444 exuetere

146 2494 317 2553 coniectura
336 2491 360 2551 Α
380 2499 411 2551 et
430 2510 467 2572 ur,
487 2490 565 2570 quod
586 2493 616 2550 in
631 2489 765 2550 Aidinem
786 2489 945 2550 editionem
965 2499 1121 2568 receptum
1137 2500 1167 2552 et
1183 2489 1272 2550 deiude

145 2599 180 2659 ed
210 2599 341 2678 reliques
374 2607 567 2677 propagatum
602 2606 656 2659 est.
704 2615 771 2657 nem
804 2598 834 2657 in
867 2595 1027 2676 archetypo
1061 2597 1119 2657 luit
1150 2600 1273 2659 cenam.

144 2707 265 2765 mutatis
285 2703 383 2763 verbis
403 2704 474 2762 hoec
494 2703 609 2764 rettulit
628 2702 796 2764 Macrobius
816 2702 935 2763 Saturn.
956 2700 995 2762 111
1016 2699 1068 2785 13,
1090 2702 1132 2765 14
1150 2706 1275 2780 exiqelal

145 2811 203 2871 hoc
226 2828 344 2883 qaoque
369 2812 420 2868 illa
442 2813 534 2882 quiae
559 2813 801 2886 intemperantia,
826 2818 858 2871 ui
882 2818 911 2871 el
933 2814 1052 2887 lepores
1069 2814 1275 2885 saainareulur

145 2923 218 2976 teste
249 2916 394 2989 Varrone,
419 2918 473 2990 qui
495 2919 533 2976 cle
556 2921 629 2991 aqri
650 2921 775 2979 cultura
798 2919 876 2978 libro
899 2921 1003 2991 lertio,
1027 2934 1096 2978 cam
1121 2921 1160 2978 dc
1180 2921 1275 2995 lepori·

145 3024 200 3083 bus
219 3026 403 3103 loqueretur,
426 3026 472 3083 sic
496 3027 548 3097 ait,
572 3018 650 3084 ‘hoc
673 3042 792 3100 quoque
810 3042 909 3102 nuper
931 3027 1099 3084 institutum
1119 3034 1153 3085 at
1168 3029 1277 3101 saaioa·

144 3137 262 3206 rentur,
287 3148 355 3191 cam
380 3140 522 3206 exceptos
546 3151 563 3192 e
585 3134 739 3207 leporario
763 3134 898 3191 conclaui
918 3124 1086 3211 (quandam
1108 3126 1236 3216 codices)
1252 3135 1276 3192 io

144 3242 246 3298 caeeis
270 3244 300 3298 el
322 3241 387 3298 laco
411 3240 515 3297 clauso
535 3236 659 3313 faciant
677 3232 832 3314 piaques’.
879 3236 957 3297 unde
982 3233 1197 3298 Schneiderus'
1212 3235 1277 3317 epod

147 3341 308 3405 Varronem
336 3344 417 3403 dedit
444 3346 501 3404 hoc
529 3362 647 3419 qaoque
674 3362 773 3420 nuper
801 3347 981 3418 institutum,
1009 3351 1044 3403 ut
1070 3349 1279 3418 saqiuarenlur

144 3452 270 3529 tepora,
304 3466 371 3509 cum
405 3458 545 3526 exceptas
579 3470 595 3511 e
623 3454 777 3527 leporario
808 3453 942 3511 caudam
970 3453 1001 3510 in
1030 3455 1134 3511 caeeis
1165 3459 1195 3512 et
1223 3455 1279 3512 loco

144 3560 248 3617 clauso
269 3554 394 3629 faciunt
413 3559 551 3631 pinques.
598 3556 720 3619 exhibui
744 3554 923 3636 scripturam
951 3556 1115 3638 archetypi.
1161 3559 1212 3619 sed
1233 3575 1279 3637 pre

141 3665 299 3737 pleraque,
324 3659 402 3739 quud
427 3661 557 3723 adverbii
582 3664 646 3723 loco
671 3682 730 3723 non
749 3663 868 3745 dicitur,
892 3672 943 3724 eut
958 3668 1140 3740 plerumque
1160 3663 1280 3724 scribon·

145 3765 215 3827 dum
240 3777 286 3827 est
308 3776 359 3828 eut
378 3772 526 3845 plerique.
564 3789 631 3831 nam
655 3770 770 3831 diverse
794 3779 864 3831 sunt
889 3788 964 3849 quoe
988 3789 1004 3830 e
1023 3773 1223 3850 grammaticis
1240 3769 1281 3830 ad

145 3875 295 3955 feruntur,
328 3874 548 3955 Geil.v12‚1
583 3880 710 3937 hominis
740 3882 891 3954 pleraque
922 3880 1011 3938 baud
1042 3880 1227 3954 indiliaeulu
1256 3887 1282 3936 et

144 3979 221 4041 XVii
243 3979 293 4064 19,
314 3979 334 4043 6
358 3986 384 4044 is
407 3987 467 4044 erit
486 3987 636 4060 pleraque
660 3987 864 4061 inpeccabilis.
902 3984 981 4062 epud
1006 3983 1168 4046 Varronem
1191 3993 1281 4046 eutem

143 4086 155 4145 1
177 4084 227 4164 13,
246 4087 266 4149 6
290 4108 370 4163 quae
393 4109 477 4151 aune
499 4100 570 4152 sunt
589 4096 739 4169 pleraque
763 4098 872 4153 contra
891 4093 1072 4152 nominativo
1092 4108 1163 4152 casn
1177 4090 1280 4151 dictum

143 4202 189 4252 est
210 4196 366 4268 pleraque,
390 4214 448 4256 non
472 4200 648 4258 accusativo.

233 4296 389 4365 Quorum
412 4321 497 4381 ergo
522 4307 591 4364 trie
611 4323 744 4382 genere
765 4306 842 4365 iere
862 4303 962 4381 sunt]
983 4305 1099 4365 Earum
1119 4320 1191 4381 erqo
1208 4302 1275 4363 edito

144 4402 212 4461 inde
236 4422 252 4462 e
276 4407 410 4485 principe
434 4410 565 4469 editione
590 4412 776 4490 exemplaria.
