2874 4994
242 302 287 368 84
602 310 792 367 COMMENT.
811 311 852 366 IN
870 309 1026 365 CATONIS

241 476 324 528 recte
348 477 379 528 et
401 470 554 528 cacumine
578 466 692 529 caelum
715 479 852 547 spectans
876 469 907 527 in
934 477 1043 527 terram
1072 465 1248 545 deponatur.
1293 464 1384 527 verba

243 573 420 636 Columellas
448 575 594 655 adscripsi
621 594 711 655 supra
740 573 796 655 33,
819 573 848 635 4.
895 574 974 634 idem
1002 575 1093 652 igitur
1121 572 1193 635 Cato
1220 575 1386 653 praecepit:

243 683 274 742 in
297 681 382 743 taleis
405 682 581 762 oleagineis,
606 684 657 761 qui
680 691 750 744 sunt
773 681 886 743 surculi
910 684 1059 742 exremis
1083 680 1206 761 desecti,
1229 679 1317 759 palus
1339 680 1385 741 ad·

242 787 390 849 hibendus
413 807 473 850 non
497 798 552 872 est,
575 798 609 851 ut
632 788 689 850 illis
712 789 796 850 locus
819 792 849 849 in
874 798 954 849 terra
978 789 1040 870 tiat;
1063 791 1147 867 ipsae
1170 787 1264 849 taleae
1288 797 1385 849 auum

241 897 283 956 ita
301 896 445 957 serendae
465 906 543 977 sum,
563 906 596 957 ut
615 905 696 957 recte
717 905 805 976 stent,
824 896 882 956 hoc
901 905 946 957 est
966 906 998 956 ut
1016 914 1050 956 ea
1069 913 1138 974 pars
1158 914 1233 974 quae
1252 897 1384 975 proxima

241 1001 342 1063 arbori
370 1003 467 1064 luerat
493 1006 525 1064 in
552 1012 664 1064 terram
691 1002 878 1076 demittatur,
905 1003 997 1063 altera
1024 1020 1095 1081 pars
1124 1002 1239 1063 caelum
1262 1010 1384 1082 spectet

242 1110 366 1171 eandem
395 1112 573 1170 sententiam
602 1113 749 1191 expressit
773 1109 988 1189 Schneiderus,
1018 1113 1071 1188 qui
1096 1113 1143 1170 uti
1163 1116 1293 1170 steterat
1315 1110 1384 1170 scri·

241 1216 372 1278 bendum
400 1218 529 1278 coniecit
557 1235 610 1296 pro
641 1220 687 1277 uti
708 1223 766 1277 stet
788 1214 854 1275 coll.
873 1212 925 1295 49,
944 1213 964 1275 2
988 1215 1025 1275 de
1049 1217 1132 1275 vinea
1156 1219 1200 1277 ita
1223 1219 1271 1276 uti
1289 1214 1385 1291 suerit

237 1328 344 1401 ponito
373 1327 405 1384 in
431 1325 540 1386 scrobe
566 1331 622 1385 aut
648 1327 680 1384 in
706 1327 800 1383 sumo.
845 1320 1036 1401 neglegenter
1060 1321 1179 1383 Catonis
1208 1321 1298 1383 verba
1321 1322 1384 1384 red·

241 1431 316 1492 didit
338 1429 452 1491 Plinius
477 1435 549 1508 palo
573 1434 663 1508 prius
686 1433 784 1491 locum
807 1449 845 1491 ne
865 1429 995 1504 feceris,
1023 1447 1082 1504 quo
1105 1434 1216 1491 taleam
1240 1431 1385 1504 mmai,

241 1541 284 1598 ita
307 1541 413 1599 melius
435 1540 520 1598 uiuet.

328 1640 348 1704 3
372 1643 499 1704 Taleae
523 1641 585 1704 ubi
608 1646 735 1704 trimae
755 1652 839 1704 sunt
858 1652 930 1703 tum
950 1643 1103 1722 denique
1123 1650 1284 1703 maturae
1304 1651 1386 1704 snut

240 1750 301 1811 ubi
324 1749 418 1810 liber
442 1767 521 1810 sese
545 1747 680 1826 uertet]
709 1750 801 1810 Talea
824 1759 852 1810 ei
875 1752 929 1811 ubi
952 1754 1061 1811 trimae
1082 1757 1234 1811 sumtum
1253 1752 1384 1826 denique

239 1875 337 1919 curae
358 1864 430 1917 sunt
451 1866 593 1933 corrupte
617 1855 735 1916 codices
758 1854 855 1915 Plinii.
893 1863 954 1916 tum
978 1859 1108 1932 denique
1125 1858 1183 1917 tibi
1199 1874 1299 1918 curae
1316 1864 1386 1918 sunt

240 1962 360 2024 llerula.
380 1971 512 2024 maturae
527 1962 668 2024 dicuntur
683 1962 775 2022 taleae
790 1981 865 2041 qiiac
881 1962 916 2022 ad
931 1963 1154 2041 propagandum
1168 1963 1295 2024 idoneae
1307 1975 1386 2025 sunt

328 2070 465 2131 Ternas
485 2070 597 2131 taleas
618 2073 742 2150 ponito
761 2088 892 2150 casque
908 2071 1111 2132 diuaricato
1126 2088 1235 2148 supra
1249 2079 1388 2133 terram

240 2195 282 2238 ne
316 2177 396 2255 plus
428 2177 482 2238 llll
515 2177 650 2257 digitos
683 2188 917 2237 transuorsos
950 2179 1130 2237 emineant
1162 2177 1219 2238 uel
1258 2179 1388 2241 oculos

239 2282 368 2361 serito]
396 2287 518 2346 Gemma
541 2288 589 2347 ael
607 2288 694 2345 ocuto
713 2294 833 2345 senato
852 2283 1012 2363 iucundus,
1034 2286 1138 2344 oeulos
1157 2287 1285 2346 inserite
1303 2284 1387 2347 llott·

238 2389 378 2472 boellius,
405 2395 518 2452 semine
545 2395 594 2453 aet
618 2395 714 2452 ocutis
742 2394 835 2452 serito
865 2390 1065 2451 Schneiderus
1093 2390 1288 2453 scribendum
1318 2411 1387 2453 con·

237 2500 317 2559 iecit.
355 2516 423 2558 eum
447 2497 600 2577 archetypi
619 2499 768 2576 scriptura
787 2502 835 2559 uel
851 2501 953 2559 oculos
970 2501 1065 2558 serito
1086 2500 1279 2560 consentiunt
1299 2497 1386 2560 Plinii

239 2605 365 2665 codices.
399 2604 478 2664 oculi
502 2612 600 2664 autam
625 2612 695 2664 sunt
717 2606 918 2682 germinantes
941 2607 972 2664 in
995 2605 1085 2664 ramis
1110 2603 1155 2663 vel
1178 2607 1207 2664 in
1232 2604 1387 2667 radicibus

238 2728 379 2789 gemmae.
425 2710 480 2770 lios
507 2712 536 2769 in
566 2713 724 2771 seminario
752 2710 885 2771 olearum
912 2711 1073 2772 Columella
1102 2710 1124 2769 V
1147 2708 1181 2790 9,
1206 2709 1229 2772 4
1255 2730 1387 2793 comme·

238 2818 372 2895 muravit,
396 2819 426 2876 in
446 2816 644 2877 harundineto
664 2816 735 2877 Cato
755 2814 785 2897 6,
803 2814 824 2877 3
848 2823 950 2880 ocutos
969 2821 1153 2880 harundinis
1168 2821 1262 2894 pedes
1282 2828 1387 2880 ternos

238 2927 331 2984 alium
355 2925 393 2984 ab
417 2927 477 2984 alio
499 2927 594 2985 serito
617 2933 647 2984 et
669 2920 711 2985 47
737 2933 838 2986 ternos
853 2928 947 3002 pectes
966 2930 1068 2987 oeulos
1087 2928 1245 3001 disponite.
1284 2928 1386 3006 itaque

237 3033 268 3090 in
297 3029 455 3090 scrobibus
482 3040 534 3091 aut
565 3030 656 3092 sulcis
689 3034 729 3091 ita
757 3032 910 3110 ponendae
939 3042 1009 3094 sunt
1032 3033 1138 3107 taleae,
1168 3042 1201 3093 ut
1227 3050 1289 3093 non
1317 3031 1386 3113 plus

238 3145 378 3216 quattuor
401 3137 510 3215 digitos
532 3155 623 3217 supra
642 3147 753 3198 terram
772 3141 931 3216 emineant,
949 3149 1002 3201 aut
1021 3141 1180 3202 videndum
1200 3147 1247 3200 est
1264 3150 1301 3202 ut
1318 3157 1387 3219 ger-

236 3246 384 3304 minantes
408 3244 487 3305 oculi
510 3246 570 3305 sint
593 3247 623 3305 iu
647 3244 777 3305 surculis
801 3249 852 3324 qui
875 3256 1025 3308 seruntur.

325 3350 422 3410 XLVI
450 3349 692 3411 Seminarium
720 3351 760 3410 ad
789 3351 883 3413 hunc
912 3353 1051 3415 modum
1081 3351 1205 3431 facito]
1229 3352 1273 3414 lle
1297 3357 1385 3415 semi·

236 3459 320 3519 nario
342 3457 420 3535 apud
439 3456 569 3517 Plinium
588 3455 666 3517 XVll
686 3454 727 3518 69
748 3460 859 3536 scrtpta
878 3471 948 3520 sunt
967 3461 1050 3538 haec,
1073 3480 1089 3521 e
1109 3460 1219 3539 quibus
1238 3462 1385 3540 quaedam

236 3585 272 3626 ex
296 3563 416 3626 Catonis
444 3567 612 3643 praeceptis
640 3564 777 3625 videntur
804 3567 896 3644 petita
920 3587 999 3649 esse,
1026 3572 1067 3629 sit
1094 3586 1167 3644 erqo
1193 3571 1311 3630 siccum
1333 3588 1386 3629 su·

237 3689 407 3751 casumque,
425 3673 537 3747 bipalio
555 3673 722 3746 subactum,
742 3674 868 3734 advenis
886 3677 1033 3751 hospitate
1052 3683 1083 3736 et
1095 3693 1185 3751 quam
1199 3678 1386 3737 simillimum

236 3785 341 3838 terrae
364 3781 396 3837 in
414 3795 504 3853 quam
524 3777 759 3853 transferendae
776 3783 846 3859 sint,
869 3789 940 3842 ante
958 3787 1059 3843 omnia
1078 3785 1263 3860 elapidatum
1282 3788 1385 3844 muni-

236 3891 357 3958 tumque
379 3886 422 3943 ad
444 3888 601 3945 incursum
624 3889 715 3946 etiam
735 3890 904 3961 gallinacei
923 3894 1055 3970 generis,
1079 3908 1170 3965 quam
1192 3893 1315 3951 minime
1337 3895 1384 3952 ri-

236 4006 356 4063 mosum,
376 4009 414 4050 ne
427 3999 593 4068 penetrans
607 3996 653 4052 sol
665 4002 778 4053 exurat
789 3996 896 4070 fibras,
912 3999 1070 4057 interuallo
1084 3999 1296 4073 sesquipedum
1309 4002 1384 4059 seri.

325 4098 437 4158 XLVII
461 4100 625 4160 Porrimam
648 4103 741 4159 serito
765 4102 931 4180 apographa
955 4112 984 4164 et
1009 4103 1099 4163 editio
1122 4101 1255 4184 Victorii,
1268 4109 1387 4181 'parri-

235 4220 305 4262 nnm
331 4204 374 4260 ibi
395 4207 487 4264 serito
511 4204 589 4265 edita
612 4217 679 4264 ante
699 4202 863 4265 Victorium
885 4208 1071 4288 exemplaria,
1096 4210 1174 4287 quod
1194 4213 1224 4270 in
1244 4213 1384 4290 principe

236 4308 366 4367 editione
390 4307 553 4369 l'olitianus
581 4330 640 4370 nou
669 4315 807 4372 correxit.
849 4317 1010 4389 porriciam
1039 4318 1163 4378 inserita
1190 4336 1227 4377 ex
1250 4319 1386 4379 secunda

234 4413 365 4475 editione
391 4413 511 4475 l'ictorii
533 4427 687 4496 receptum
711 4427 784 4478 erat.
