2874 4994
150 290 236 372 224'
490 313 680 369 oouuuur.
699 314 738 368 uu
756 311 944 370 russonrs

150 472 307 531 nescimus.
341 487 408 529 nam
427 487 516 529 variae
536 479 605 529 sunt
625 469 661 529 de
680 487 713 529 ea
733 487 765 529 re
785 471 940 548 opiniones
958 471 1159 550 interpretum.
1181 472 1248 535 talu·

149 596 216 637 narn
240 596 254 636 a
280 576 433 657 rarplidato
457 578 488 636 in
512 593 614 656 campo
639 576 754 655 laetam,
779 577 809 636 in
833 594 921 656 quarn
945 577 1010 656 ipse
1033 595 1102 639 curn
1123 578 1253 642 lautorilnr

149 702 180 744 se
216 688 375 763 reciperet,
407 693 530 761 propter
563 685 701 761 exiguum
739 684 866 762 spatium
901 682 945 743 vel
981 693 1107 762 propter
1138 683 1255 748 delectur

149 801 317 851 structurae
346 788 525 850 dimidiatam
554 789 613 850 dici
637 789 795 850 Turnebus
824 789 938 850 advers.
960 786 1031 871 4,6
1061 805 1091 852 et
1120 787 1256 872 8,'t,.Se

149 899 235 979 liger,
263 898 413 958 Gesnerus
445 907 633 976 putaverunt.
680 895 831 978 tabellam,
861 899 893 957 in
921 915 979 976 qua
1008 914 1118 959 nomen
1142 898 1259 961 candidati

148 1009 291 1084 scriptum
311 1013 383 1085 crat,
402 1004 461 1064 dici
481 1003 571 1064 voluit
590 1003 722 1064 Valesius
746 1005 776 1064 in
795 1005 939 1064 Ammiau.
957 1003 1088 1065 Marcell.
1107 1002 1193 1065 xviri
1205 1003 1261 1088 5‚i:

148 1112 223 1173 harre
248 1115 326 1172 enim
350 1131 417 1172 cum
438 1114 528 1173 Axius
552 1121 582 1171 et
601 1110 692 1171 Varro
716 1101 937 1173 conscidissent'
955 1105 1002 1171 ‘et
1024 1111 1204 1173 dimidiata·
1218 1116 1263 1192 qui
1307 1120 1310 1167 1

147 1221 224 1297 dem,
243 1222 272 1280 in
298 1238 354 1299 qua
378 1221 522 1299 scripturn
546 1230 608 1279 erat
632 1218 779 1280 candidati
802 1221 867 1280 eius
890 1221 938 1280 cui
963 1218 1102 1280 terebant
1123 1222 1265 1295 uomeuir

147 1330 250 1388 cistam
279 1329 490 1407 coniecissent,
519 1327 631 1405 reliqua
661 1325 782 1412 tabellae
816 1335 900 1406 parte
933 1324 1070 1387 umbram
1102 1325 1160 1387 sibi
1191 1326 1265 1389 laren

149 1430 310 1515 poterant'.
357 1452 416 1495 non
450 1433 517 1512 plns
549 1434 676 1513 proiecit
709 1432 850 1495 Stoblrius
878 1432 1018 1513 Philolog.
1042 1452 1068 1495 a.
1091 1430 1175 1497 1868
1196 1454 1219 1495 r.
1236 1431 1265 1496 ll

148 1562 173 1620 p.
185 1539 227 1604 98
247 1542 337 1602 divisa
357 1544 435 1601 inter
455 1541 596 1621 populum
615 1550 645 1601 et
665 1542 830 1621 principem
854 1543 972 1601 comitia
998 1541 1161 1620 significari
1178 1551 1269 1621 putans.

235 1648 308 1708 Non
340 1648 453 1709 solum
487 1648 577 1726 quod
607 1647 743 1708 dicitur
770 1648 896 1708 malum
925 1647 1121 1709 eonsilium
1150 1648 1268 1709 consul·

147 1757 218 1816 tori
241 1765 295 1815 est
319 1758 510 1834 pessimum
531 1755 592 1815 sed
616 1758 722 1816 etiam
747 1755 877 1816 bonum
905 1755 1103 1817 consilium
1126 1759 1187 1836 qui
1208 1774 1268 1816 eon·

146 1861 234 1922 sulit
258 1871 291 1921 et
315 1865 377 1941 qui
405 1862 612 1923 consulitur
640 1861 768 1923 bonunr
797 1860 1010 1940 habendum]
1036 1863 1113 1924 Esse
1131 1867 1269 1940 pessruuu

148 1969 225 2030 edita
250 1979 317 2030 ante
341 1967 504 2029 Victorium
529 1969 720 2050 exemplaria,
744 1969 822 2049 qtrod
847 1972 877 2029 in
903 1971 1038 2050 principe
1063 1968 1192 2031 editione
1213 1968 1269 2030 Poli

146 2079 243 2138 tianus
267 2096 326 2137 non
350 2079 480 2136 correxit
487 2124 496 2158 ,
520 2084 564 2137 est
583 2081 745 2153 pessimum
768 2076 934 2156 apographa
958 2079 1058 2138 omnia
1082 2085 1113 2137 et
1135 2075 1268 2137 Victorius.

145 2187 199 2259 qui
228 2187 357 2245 consulit
384 2192 414 2244 et
440 2187 493 2245 cui
519 2188 688 2245 consulitur
716 2183 855 2267 Ursinus,
885 2184 963 2263 quod
993 2183 1195 2244 Schneiderus
1219 2203 1268 2264 pro

145 2289 233 2352 bavit.
279 2290 407 2351 consulit
429 2291 533 2372 Axius,
557 2294 608 2370 qui
640 2291 809 2370 quaerendo
833 2310 848 2351 a
874 2290 1003 2351 Varrone
1032 2290 1189 2352 consilium
1213 2292 1268 2370 peti·

145 2407 238 2478 verat3
263 2397 428 2458 consulitur
453 2396 556 2478 Varro,
582 2399 632 2476 qui
657 2397 863 2478 respondendo
894 2398 924 2459 id
948 2397 985 2458 de
1013 2416 1074 2478 quo
1103 2397 1153 2459 ille
1176 2398 1269 2477 quaesi·

146 2514 226 2565 verat
250 2504 362 2584 probat.
408 2523 513 2565 versus
537 2515 644 2586 arrtenr,
668 2509 754 2566 cuius
779 2507 968 2587 sententiam,
993 2524 1052 2567 non
1079 2504 1177 2584 rerba,
1198 2503 1269 2563 Varro

145 2614 258 2671 referre
283 2611 412 2691 volebat,
440 2612 516 2691 apud
542 2611 667 2672 Gellium
692 2611 727 2672 lV
746 2608 817 2692 5,5
847 2611 968 2691 legitur,
992 2620 1055 2672 tum
1079 2615 1188 2687 luitur,
1208 2611 1271 2686 quod

145 2723 176 2777 in
202 2720 347 2779 Etruscos
371 2722 529 2794 aruspices
557 2724 636 2780 mole
663 2722 851 2780 consulentes
880 2720 1127 2780 animaduersum
1156 2720 1269 2778 uindico-

145 2833 266 2899 tumque
285 2824 400 2899 fueret,
420 2843 524 2886 uersus
543 2828 594 2886 lu'c
616 2830 692 2888 scite
710 2826 815 2902 suctus
839 2833 1042 2901 cantatusque
1060 2844 1127 2887 esse
1149 2845 1170 2885 o
1183 2827 1271 2903 pueris

144 2933 221 2991 urbe
245 2939 307 2991 toto
327 2931 440 3006 fertur,
464 2926 591 2993 ‘Melum
616 2937 774 2995 consilium
797 2936 965 2995 consultori
982 2936 1149 3009 pessimum
1171 2926 1232 2994 est’.

232 3036 253 3100 2
287 3038 441 3099 Sedebat
465 3038 504 3099 ad
529 3041 713 3101 sinistram
739 3038 784 3118 ei]
804 3042 845 3100 Er
862 3060 897 3101 er
916 3039 1019 3100 codice
1043 3039 1193 3100 adnotarit
1210 3037 1269 3098 Poli-

145 3147 251 3227 tianus,
275 3144 311 3206 de
335 3164 395 3225 qrro
420 3145 490 3204 ialsa
514 3146 630 3206 rettulit
649 3147 812 3228 Gesnerus3
836 3146 915 3207 idem
938 3145 1049 3208 habent
1072 3145 1233 3226 apographa
1248 3152 1273 3203 et

145 3252 301 3332 Victorius,
325 3257 391 3314 eius
415 3270 443 3313 na
468 3261 498 3312 et
521 3253 599 3313 edita
623 3264 689 3314 ante
713 3253 875 3315 Victorium
901 3252 1087 3332 exemplaria.

231 3358 251 3422 3
285 3359 357 3430 Quo
391 3362 444 3419 uis
478 3359 575 3437 aues]
614 3362 677 3433 Quo
716 3364 763 3422 uis
800 3371 918 3439 praeter
950 3359 1119 3421 Parisinunr
1157 3361 1271 3421 codicem

143 3466 253 3527 habent
276 3466 465 3527 Florentinus
489 3476 518 3526 et
542 3466 700 3542 caesenas,
724 3471 813 3529 cuius
841 3469 870 3528 in
899 3470 1035 3547 principe
1058 3469 1189 3530 editione
1211 3466 1269 3528 Poli-

144 3577 241 3634 tianus
265 3591 324 3634 uon
348 3575 485 3634 correxit.

231 3679 277 3738 Ad
301 3679 415 3740 laeum
445 3681 557 3741 uelini
585 3680 699 3759 eunti]
730 3682 846 3743 lacum
873 3685 970 3743 uelint
998 3680 1056 3743 hoe
1085 3681 1152 3743 loco
1177 3681 1270 3742 hebed

142 3786 209 3847 libri
234 3805 320 3847 manu
345 3789 449 3867 scripti
473 3797 502 3848 et
533 3792 603 3848 lucu
631 3793 727 3850 uelint
752 3790 790 3849 de
819 3789 887 3869 ling.
912 3785 1006 3849 tau'v
1027 3786 1068 3849 71
1101 3789 1192 3850 codex
1216 3786 1268 3847 Flo

142 3898 285 3954 rentinus.
331 3894 463 3955 Veliurrm
487 3899 586 3956 lucum
606 3895 746 3957 dixerunt
764 3895 822 3977 atii,
841 3898 885 3957 ud
905 3899 1052 3970 enutriunt
1079 3897 1177 3958 Veturi
1192 3894 1268 3955 Varro

141 4012 242 4080 postea
280 3999 353 4077 §u
399 4001 435 4061 de
472 4001 539 4063 lacu
577 4001 677 4064 velino
716 4004 936 4064 controversiae
973 4001 1213 4065 interamnatium
1244 4008 1268 4058 et

140 4107 332 4169 Reatinorum
370 4094 492 4170 luerunt
511 4109 604 4172 'anno
642 4108 721 4173 700:
758 4111 818 4172 cie.
851 4110 887 4170 ad
919 4111 977 4172 Att
1010 4108 1048 4169 lv
1080 4105 1136 4193 15,
1159 4107 1192 4192 5,
1223 4125 1267 4189 pro

141 4214 242 4275 Scaur.
261 4212 292 4295 2,
315 4212 367 4276 27.
822 4231 825 4238 “

228 4321 248 4381 4
283 4320 368 4382 Num
394 4325 540 4383 minium
565 4333 624 4385 aut
647 4324 869 4387 harmonium
894 4343 973 4386 num
997 4323 1092 4404 quod
1119 4323 1267 4385 emblema

140 4436 199 4488 aut
229 4428 477 4491 lithostrotum
506 4451 593 4510 quae
623 4431 698 4493 illie
727 4435 842 4493 ornnia
871 4442 996 4493 eontra
1030 4430 1169 4510 aurum]
1198 4430 1264 4490 llar-
