<?xml version="1.0" encoding="UTF-8"?>
<!DOCTYPE html PUBLIC "-//W3C//DTD XHTML 1.0 Transitional//EN"
    "http://www.w3.org/TR/xhtml1/DTD/xhtml1-transitional.dtd">
<html xmlns="http://www.w3.org/1999/xhtml" xml:lang="en" lang="en">
 <head>
  <title>
</title>
<meta http-equiv="Content-Type" content="text/html;charset=utf-8" />
  <meta name='ocr-system' content='tesseract 3.04.00' />
  <meta name='ocr-capabilities' content='ocr_page ocr_carea ocr_par ocr_line ocrx_word'/>
</head>
<body>
  <div class='ocr_page' id='page_1' title='image "./mporcicatonisde00keilgoog_0127.png"; bbox 0 0 2874 4994; ppageno 0'>
   <div class='ocr_carea' id='block_1_1' title="bbox 239 314 1029 386">
    <p class='ocr_par' dir='ltr' id='par_1_1' title="bbox 239 314 1029 386">
     <span class='ocr_line' id='line_1_1' title="bbox 239 314 1029 386; baseline 0 -1"><span class='ocrx_word' id='word_1_1' title='bbox 239 321 301 385; x_wconf 85' lang='lat'>106</span> <span class='ocrx_word' id='word_1_2' title='bbox 602 314 792 386; x_wconf 80' lang='lat' dir='ltr'>oounnnr.</span> <span class='ocrx_word' id='word_1_3' title='bbox 812 330 852 384; x_wconf 82' lang='grc' dir='ltr'>ιιι</span> <span class='ocrx_word' id='word_1_4' title='bbox 871 328 1029 386; x_wconf 75' lang='lat' dir='ltr'>curonis</span> 
     </span>
    </p>
   </div>
   <div class='ocr_carea' id='block_1_2' title="bbox 236 483 1384 1403">
    <p class='ocr_par' dir='ltr' id='par_1_2' title="bbox 236 483 1384 1403">
     <span class='ocr_line' id='line_1_2' title="bbox 239 483 1384 563; baseline 0.001 -18"><span class='ocrx_word' id='word_1_5' title='bbox 239 483 352 545; x_wconf 86' lang='lat' dir='ltr'>solum</span> <span class='ocrx_word' id='word_1_6' title='bbox 381 485 502 545; x_wconf 87' lang='lat' dir='ltr'>eodem</span> <span class='ocrx_word' id='word_1_7' title='bbox 530 484 669 563; x_wconf 90' lang='lat' dir='ltr'>indito]</span> <span class='ocrx_word' id='word_1_8' title='bbox 699 486 849 547; x_wconf 83' lang='lat' dir='ltr'>Sctibrom</span> <span class='ocrx_word' id='word_1_9' title='bbox 876 488 1006 562; x_wconf 63' lang='lat' dir='ltr'>cilicinis</span> <span class='ocrx_word' id='word_1_10' title='bbox 1037 485 1197 547; x_wconf 83' lang='lat' dir='ltr'>iucundus.</span> <span class='ocrx_word' id='word_1_11' title='bbox 1243 484 1282 546; x_wconf 90' lang='lat' dir='ltr'>de</span> <span class='ocrx_word' id='word_1_12' title='bbox 1305 486 1384 546; x_wconf 83' lang='lat' dir='ltr'>simi·</span> 
     </span>
     <span class='ocr_line' id='line_1_3' title="bbox 238 589 1384 669; baseline 0.003 -19"><span class='ocrx_word' id='word_1_13' title='bbox 238 590 334 669; x_wconf 79' lang='lat' dir='ltr'>lagine</span> <span class='ocrx_word' id='word_1_14' title='bbox 366 592 438 652; x_wconf 89' lang='lat' dir='ltr'>dicit</span> <span class='ocrx_word' id='word_1_15' title='bbox 465 591 579 653; x_wconf 85' lang='lat' dir='ltr'>Plinius</span> <span class='ocrx_word' id='word_1_16' title='bbox 608 590 698 653; x_wconf 85' lang='lat' dir='ltr'>xvut</span> <span class='ocrx_word' id='word_1_17' title='bbox 719 589 760 655; x_wconf 82' lang='grc'>80</span> <span class='ocrx_word' id='word_1_18' title='bbox 784 597 921 668; x_wconf 64' lang='lat' dir='ltr'>simidico</span> <span class='ocrx_word' id='word_1_19' title='bbox 945 614 962 654; x_wconf 87' lang='lat' dir='ltr'>e</span> <span class='ocrx_word' id='word_1_20' title='bbox 985 597 1089 655; x_wconf 84' lang='lat' dir='ltr'>tritico</span> <span class='ocrx_word' id='word_1_21' title='bbox 1109 596 1146 667; x_wconf 76' lang='lat' dir='ltr'>fit</span> <span class='ocrx_word' id='word_1_22' title='bbox 1172 595 1384 654; x_wconf 79' lang='lat' dir='ltr'>laudatissimo</span> 
     </span>
     <span class='ocr_line' id='line_1_4' title="bbox 239 697 1384 781; baseline 0.003 -23"><span class='ocrx_word' id='word_1_23' title='bbox 239 717 278 759; x_wconf 75' lang='lat' dir='ltr'>ec</span> <span class='ocrx_word' id='word_1_24' title='bbox 307 699 430 778; x_wconf 75' lang='lat' dir='ltr'>Africo,</span> <span class='ocrx_word' id='word_1_25' title='bbox 463 699 550 778; x_wconf 77' lang='lat' dir='ltr'>gloss.</span> <span class='ocrx_word' id='word_1_26' title='bbox 575 700 744 780; x_wconf 82' lang='lat' dir='ltr'>graeco-lat.</span> <span class='ocrx_word' id='word_1_27' title='bbox 768 720 793 760; x_wconf 88' lang='lat' dir='ltr'>v.</span> <span class='ocrx_word' id='word_1_28' title='bbox 814 700 840 760; x_wconf 88' lang='grc' dir='ltr'>ΙΙ</span> <span class='ocrx_word' id='word_1_29' title='bbox 859 720 887 780; x_wconf 90' lang='lat' dir='ltr'>p.</span> <span class='ocrx_word' id='word_1_30' title='bbox 906 697 985 781; x_wconf 88' lang='grc'><strong>430,</strong></span> <span class='ocrx_word' id='word_1_31' title='bbox 1014 697 1064 762; x_wconf 87' lang='grc'>36.</span> <span class='ocrx_word' id='word_1_32' title='bbox 1098 718 1123 761; x_wconf 86' lang='lat' dir='ltr'>v.</span> <span class='ocrx_word' id='word_1_33' title='bbox 1143 698 1183 759; x_wconf 85' lang='lat' dir='ltr'>tu</span> <span class='ocrx_word' id='word_1_34' title='bbox 1201 718 1230 779; x_wconf 86' lang='lat' dir='ltr'>p.</span> <span class='ocrx_word' id='word_1_35' title='bbox 1248 697 1329 781; x_wconf 83' lang='lat'><strong>314,</strong></span> <span class='ocrx_word' id='word_1_36' title='bbox 1357 698 1384 763; x_wconf 90' lang='lat'>1.</span> 
     </span>
     <span class='ocr_line' id='line_1_5' title="bbox 237 802 1383 885; baseline 0.002 -20"><span class='ocrx_word' id='word_1_37' title='bbox 237 802 379 884; x_wconf 87' lang='grc'><strong>430,13</strong></span> <span class='ocrx_word' id='word_1_38' title='bbox 408 803 577 885; x_wconf 76' lang='grc' dir='ltr'><strong><em>σεμίδαλις</em></strong></span> <span class='ocrx_word' id='word_1_39' title='bbox 607 810 763 881; x_wconf 72' lang='lat' dir='ltr'>similoqo:</span> <span class='ocrx_word' id='word_1_40' title='bbox 796 807 832 866; x_wconf 82' lang='lat' dir='ltr'>es.</span> <span class='ocrx_word' id='word_1_41' title='bbox 857 805 956 867; x_wconf 83' lang='lat' dir='ltr'>Galen.</span> <span class='ocrx_word' id='word_1_42' title='bbox 981 805 1017 865; x_wconf 90' lang='lat' dir='ltr'>dc</span> <span class='ocrx_word' id='word_1_43' title='bbox 1041 805 1171 867; x_wconf 78' lang='lat' dir='ltr'>adiment.</span> <span class='ocrx_word' id='word_1_44' title='bbox 1194 806 1296 868; x_wconf 85' lang='lat' dir='ltr'>iacuit.</span> <span class='ocrx_word' id='word_1_45' title='bbox 1318 806 1332 867; x_wconf 92' lang='lat' dir='ltr'>l</span> <span class='ocrx_word' id='word_1_46' title='bbox 1354 805 1383 869; x_wconf 80' lang='lat'>2.</span> 
     </span>
     <span class='ocr_line' id='line_1_6' title="bbox 239 908 1383 994; baseline 0.006 -26"><span class='ocrx_word' id='word_1_47' title='bbox 239 931 263 971; x_wconf 85' lang='lat' dir='ltr'>r.</span> <span class='ocrx_word' id='word_1_48' title='bbox 284 911 319 971; x_wconf 83' lang='lat' dir='ltr'>t&#39;l</span> <span class='ocrx_word' id='word_1_49' title='bbox 340 931 365 991; x_wconf 80' lang='lat' dir='ltr'>p.</span> <span class='ocrx_word' id='word_1_50' title='bbox 385 909 450 973; x_wconf 85' lang='lat'>483</span> <span class='ocrx_word' id='word_1_51' title='bbox 475 913 519 973; x_wconf 90' lang='lat' dir='ltr'>ed.</span> <span class='ocrx_word' id='word_1_52' title='bbox 540 912 654 974; x_wconf 84' lang='lat' dir='ltr'>linebn.</span> <span class='ocrx_word' id='word_1_53' title='bbox 696 913 802 974; x_wconf 86' lang='lat' dir='ltr'>deiude</span> <span class='ocrx_word' id='word_1_54' title='bbox 826 918 930 993; x_wconf 83' lang='lat' dir='ltr'>solum,</span> <span class='ocrx_word' id='word_1_55' title='bbox 954 932 1013 993; x_wconf 87' lang='lat' dir='ltr'>quo</span> <span class='ocrx_word' id='word_1_56' title='bbox 1037 912 1109 975; x_wconf 90' lang='lat' dir='ltr'>ordo</span> <span class='ocrx_word' id='word_1_57' title='bbox 1134 908 1295 975; x_wconf 82' lang='lat' dir='ltr'>verborum</span> <span class='ocrx_word' id='word_1_58' title='bbox 1318 932 1383 994; x_wconf 79' lang='lat' dir='ltr'>per·</span> 
     </span>
     <span class='ocr_line' id='line_1_7' title="bbox 237 1018 1383 1102; baseline 0.003 -23"><span class='ocrx_word' id='word_1_59' title='bbox 237 1018 384 1099; x_wconf 86' lang='lat' dir='ltr'>turbatur,</span> <span class='ocrx_word' id='word_1_60' title='bbox 404 1019 520 1080; x_wconf 87' lang='lat' dir='ltr'>inclusi.</span> <span class='ocrx_word' id='word_1_61' title='bbox 561 1039 627 1081; x_wconf 91' lang='lat' dir='ltr'>nam</span> <span class='ocrx_word' id='word_1_62' title='bbox 648 1020 742 1081; x_wconf 81' lang='lat' dir='ltr'>solunt</span> <span class='ocrx_word' id='word_1_63' title='bbox 763 1022 792 1080; x_wconf 93' lang='lat' dir='ltr'>in</span> <span class='ocrx_word' id='word_1_64' title='bbox 813 1020 956 1099; x_wconf 83' lang='lat' dir='ltr'>placentis</span> <span class='ocrx_word' id='word_1_65' title='bbox 975 1020 1086 1081; x_wconf 91' lang='lat' dir='ltr'>dicitur</span> <span class='ocrx_word' id='word_1_66' title='bbox 1104 1039 1173 1100; x_wconf 86' lang='lat' dir='ltr'>pars</span> <span class='ocrx_word' id='word_1_67' title='bbox 1192 1024 1260 1102; x_wconf 89' lang='lat' dir='ltr'>ima,</span> <span class='ocrx_word' id='word_1_68' title='bbox 1280 1024 1383 1102; x_wconf 87' lang='lat' dir='ltr'>inqua</span> 
     </span>
     <span class='ocr_line' id='line_1_8' title="bbox 237 1127 1382 1212; baseline 0.001 -24"><span class='ocrx_word' id='word_1_69' title='bbox 237 1134 331 1188; x_wconf 88' lang='lat' dir='ltr'>tracta</span> <span class='ocrx_word' id='word_1_70' title='bbox 363 1136 523 1205; x_wconf 90' lang='lat' dir='ltr'>ponuntur.</span> <span class='ocrx_word' id='word_1_71' title='bbox 579 1129 630 1189; x_wconf 88' lang='lat' dir='ltr'>scd</span> <span class='ocrx_word' id='word_1_72' title='bbox 667 1128 723 1189; x_wconf 89' lang='lat' dir='ltr'>boc</span> <span class='ocrx_word' id='word_1_73' title='bbox 751 1147 766 1188; x_wconf 90' lang='lat' dir='ltr'>a</span> <span class='ocrx_word' id='word_1_74' title='bbox 796 1127 868 1211; x_wconf 80' lang='lat' dir='ltr'>libo,</span> <span class='ocrx_word' id='word_1_75' title='bbox 900 1127 985 1208; x_wconf 82' lang='lat' dir='ltr'>qirale</span> <span class='ocrx_word' id='word_1_76' title='bbox 1014 1127 1069 1188; x_wconf 91' lang='lat' dir='ltr'>hoc</span> <span class='ocrx_word' id='word_1_77' title='bbox 1097 1127 1163 1188; x_wconf 86' lang='lat' dir='ltr'>loeo</span> <span class='ocrx_word' id='word_1_78' title='bbox 1191 1128 1382 1212; x_wconf 76' lang='lat' dir='ltr'>describitur,</span> 
     </span>
     <span class='ocr_line' id='line_1_9' title="bbox 236 1235 1382 1317; baseline 0.003 -22"><span class='ocrx_word' id='word_1_79' title='bbox 236 1235 365 1296; x_wconf 87' lang='lat' dir='ltr'>alienum</span> <span class='ocrx_word' id='word_1_80' title='bbox 389 1245 434 1295; x_wconf 90' lang='lat' dir='ltr'>est</span> <span class='ocrx_word' id='word_1_81' title='bbox 458 1243 545 1296; x_wconf 84' lang='lat' dir='ltr'>etex</span> <span class='ocrx_word' id='word_1_82' title='bbox 571 1238 607 1297; x_wconf 88' lang='lat' dir='ltr'>iis</span> <span class='ocrx_word' id='word_1_83' title='bbox 631 1255 706 1317; x_wconf 89' lang='lat' dir='ltr'>qnae</span> <span class='ocrx_word' id='word_1_84' title='bbox 731 1244 833 1315; x_wconf 86' lang='lat' dir='ltr'>postea</span> <span class='ocrx_word' id='word_1_85' title='bbox 857 1235 894 1296; x_wconf 91' lang='lat' dir='ltr'>de</span> <span class='ocrx_word' id='word_1_86' title='bbox 917 1235 1051 1315; x_wconf 86' lang='lat' dir='ltr'>placenta</span> <span class='ocrx_word' id='word_1_87' title='bbox 1075 1237 1304 1316; x_wconf 88' lang='lat' dir='ltr'>praecipiuntur</span> <span class='ocrx_word' id='word_1_88' title='bbox 1323 1236 1382 1298; x_wconf 89' lang='lat' dir='ltr'>bue</span> 
     </span>
     <span class='ocr_line' id='line_1_10' title="bbox 236 1323 849 1403; baseline 0.002 -2"><span class='ocrx_word' id='word_1_89' title='bbox 236 1341 354 1402; x_wconf 83' lang='lat' dir='ltr'>ridetur</span> <span class='ocrx_word' id='word_1_90' title='bbox 377 1340 500 1402; x_wconf 86' lang='lat' dir='ltr'>inlatum</span> <span class='ocrx_word' id='word_1_91' title='bbox 525 1360 598 1403; x_wconf 88' lang='lat' dir='ltr'>esse.</span> <span class='ocrx_word' id='word_1_92' title='bbox 845 1323 849 1329; x_wconf 40' lang='lat'>⁵</span> 
     </span>
    </p>
   </div>
   <div class='ocr_carea' id='block_1_3' title="bbox 235 1447 1382 1638">
    <p class='ocr_par' dir='ltr' id='par_1_3' title="bbox 235 1447 1382 1638">
     <span class='ocr_line' id='line_1_11' title="bbox 324 1447 1382 1528; baseline 0.004 -20"><span class='ocrx_word' id='word_1_93' title='bbox 324 1448 410 1509; x_wconf 82' lang='lat' dir='ltr'>Inde</span> <span class='ocrx_word' id='word_1_94' title='bbox 434 1467 557 1528; x_wconf 89' lang='lat' dir='ltr'>panem</span> <span class='ocrx_word' id='word_1_95' title='bbox 581 1450 691 1510; x_wconf 83' lang='lat' dir='ltr'>tacito</span> <span class='ocrx_word' id='word_1_96' title='bbox 717 1448 802 1509; x_wconf 83' lang='lat' dir='ltr'>solia</span> <span class='ocrx_word' id='word_1_97' title='bbox 828 1447 986 1526; x_wconf 89' lang='lat' dir='ltr'>subdito]</span> <span class='ocrx_word' id='word_1_98' title='bbox 1012 1447 1091 1509; x_wconf 82' lang='lat' dir='ltr'>Folia</span> <span class='ocrx_word' id='word_1_99' title='bbox 1116 1448 1214 1512; x_wconf 87' lang='lat' dir='ltr'>laurea</span> <span class='ocrx_word' id='word_1_100' title='bbox 1239 1451 1382 1514; x_wconf 89' lang='lat' dir='ltr'>dicuutur</span> 
     </span>
     <span class='ocr_line' id='line_1_12' title="bbox 235 1554 1382 1638; baseline 0.003 -20"><span class='ocrx_word' id='word_1_101' title='bbox 235 1560 264 1618; x_wconf 90' lang='lat' dir='ltr'>in</span> <span class='ocrx_word' id='word_1_102' title='bbox 290 1556 424 1636; x_wconf 85' lang='lat' dir='ltr'>placenta</span> <span class='ocrx_word' id='word_1_103' title='bbox 450 1554 505 1638; x_wconf 80' lang='lat'>76,</span> <span class='ocrx_word' id='word_1_104' title='bbox 524 1555 544 1617; x_wconf 86' lang='grc'><strong>3</strong></span> <span class='ocrx_word' id='word_1_105' title='bbox 569 1557 647 1633; x_wconf 82' lang='lat' dir='ltr'>sotio</span> <span class='ocrx_word' id='word_1_106' title='bbox 670 1561 777 1618; x_wconf 74' lang='lat' dir='ltr'>Idcirco</span> <span class='ocrx_word' id='word_1_107' title='bbox 800 1565 894 1618; x_wconf 78' lang='lat' dir='ltr'>uncto</span> <span class='ocrx_word' id='word_1_108' title='bbox 917 1561 1089 1634; x_wconf 64' lang='lat' dir='ltr'>suitponito,</span> <span class='ocrx_word' id='word_1_109' title='bbox 1113 1561 1196 1619; x_wconf 90' lang='lat' dir='ltr'>etin</span> <span class='ocrx_word' id='word_1_110' title='bbox 1220 1563 1382 1621; x_wconf 82' lang='lat' dir='ltr'>mustaceis</span> 
     </span>
    </p>
   </div>
   <div class='ocr_carea' id='block_1_4' title="bbox 222 1662 1383 4534">
    <p class='ocr_par' dir='ltr' id='par_1_4' title="bbox 231 1662 1380 1853">
     <span class='ocr_line' id='line_1_13' title="bbox 233 1662 1380 1746; baseline 0.003 -21"><span class='ocrx_word' id='word_1_111' title='bbox 233 1662 294 1726; x_wconf 74' lang='lat'>1⁶21</span> <span class='ocrx_word' id='word_1_112' title='bbox 324 1668 409 1725; x_wconf 83' lang='lat' dir='ltr'>lauri</span> <span class='ocrx_word' id='word_1_113' title='bbox 437 1663 515 1740; x_wconf 79' lang='lat' dir='ltr'>folio</span> <span class='ocrx_word' id='word_1_114' title='bbox 543 1665 647 1724; x_wconf 78' lang='lat' dir='ltr'><em>subtus</em></span> <span class='ocrx_word' id='word_1_115' title='bbox 675 1667 787 1725; x_wconf 81' lang='lat' dir='ltr'>addito.</span> <span class='ocrx_word' id='word_1_116' title='bbox 840 1664 917 1725; x_wconf 89' lang='lat' dir='ltr'>idem</span> <span class='ocrx_word' id='word_1_117' title='bbox 945 1666 1037 1743; x_wconf 78' lang='lat' dir='ltr'>igitur</span> <span class='ocrx_word' id='word_1_118' title='bbox 1065 1664 1114 1725; x_wconf 92' lang='lat' dir='ltr'>hic</span> <span class='ocrx_word' id='word_1_119' title='bbox 1143 1683 1264 1746; x_wconf 72' lang='lat' dir='ltr'>quicque</span> <span class='ocrx_word' id='word_1_120' title='bbox 1293 1670 1380 1728; x_wconf 85' lang='lat' dir='ltr'>resti·</span> 
     </span>
     <span class='ocr_line' id='line_1_14' title="bbox 231 1771 838 1853; baseline 0.002 -21"><span class='ocrx_word' id='word_1_121' title='bbox 231 1771 376 1833; x_wconf 88' lang='lat' dir='ltr'>tuendum</span> <span class='ocrx_word' id='word_1_122' title='bbox 401 1779 455 1853; x_wconf 82' lang='lat' dir='ltr'>est,</span> <span class='ocrx_word' id='word_1_123' title='bbox 476 1771 554 1847; x_wconf 82' lang='lat' dir='ltr'>folia</span> <span class='ocrx_word' id='word_1_124' title='bbox 578 1775 687 1833; x_wconf 81' lang='lat' dir='ltr'>laureo</span> <span class='ocrx_word' id='word_1_125' title='bbox 711 1773 838 1833; x_wconf 80' lang='lat' dir='ltr'>subdite.</span> 
     </span>
    </p>

    <p class='ocr_par' dir='ltr' id='par_1_5' title="bbox 227 1876 1383 2800">
     <span class='ocr_line' id='line_1_15' title="bbox 319 1876 1382 1959; baseline 0.003 -20"><span class='ocrx_word' id='word_1_126' title='bbox 319 1879 444 1940; x_wconf 86' lang='lat' dir='ltr'>LXXVI</span> <span class='ocrx_word' id='word_1_127' title='bbox 470 1876 486 1939; x_wconf 92' lang='lat'>1</span> <span class='ocrx_word' id='word_1_128' title='bbox 516 1877 582 1939; x_wconf 90' lang='lat' dir='ltr'>Ubi</span> <span class='ocrx_word' id='word_1_129' title='bbox 610 1878 762 1939; x_wconf 91' lang='lat' dir='ltr'>arebunt</span> <span class='ocrx_word' id='word_1_130' title='bbox 790 1882 995 1958; x_wconf 89' lang='lat' dir='ltr'>componito</span> <span class='ocrx_word' id='word_1_131' title='bbox 1019 1877 1176 1959; x_wconf 83' lang='lat' dir='ltr'>puriter]</span> <span class='ocrx_word' id='word_1_132' title='bbox 1205 1882 1382 1959; x_wconf 74' lang='lat' dir='ltr'>Componito</span> 
     </span>
     <span class='ocr_line' id='line_1_16' title="bbox 228 1982 1383 2069; baseline 0.004 -24"><span class='ocrx_word' id='word_1_133' title='bbox 228 1990 350 2064; x_wconf 78' lang='lat' dir='ltr'>nnriter</span> <span class='ocrx_word' id='word_1_134' title='bbox 378 1987 506 2046; x_wconf 87' lang='lat' dir='ltr'>coniecit</span> <span class='ocrx_word' id='word_1_135' title='bbox 534 1984 693 2046; x_wconf 79' lang='lat' dir='ltr'>Turnebus</span> <span class='ocrx_word' id='word_1_136' title='bbox 721 1986 834 2046; x_wconf 83' lang='lat' dir='ltr'>advers.</span> <span class='ocrx_word' id='word_1_137' title='bbox 869 1983 1001 2069; x_wconf 73' lang='lat'><strong>23,10,</strong></span> <span class='ocrx_word' id='word_1_138' title='bbox 1029 1997 1063 2048; x_wconf 95' lang='grc' dir='ltr'>ιιι</span> <span class='ocrx_word' id='word_1_139' title='bbox 1091 1997 1171 2047; x_wconf 82' lang='lat' dir='ltr'>esset</span> <span class='ocrx_word' id='word_1_140' title='bbox 1198 1982 1317 2068; x_wconf 65' lang='lat' dir='ltr'>iacies,</span> <span class='ocrx_word' id='word_1_141' title='bbox 1349 1996 1383 2050; x_wconf 90' lang='lat' dir='ltr'>ut</span> 
     </span>
     <span class='ocr_line' id='line_1_17' title="bbox 230 2089 1382 2175; baseline 0.003 -22"><span class='ocrx_word' id='word_1_142' title='bbox 230 2103 315 2154; x_wconf 84' lang='lat' dir='ltr'>antea</span> <span class='ocrx_word' id='word_1_143' title='bbox 339 2095 462 2175; x_wconf 80' lang='lat' dir='ltr'>ieceras,</span> <span class='ocrx_word' id='word_1_144' title='bbox 486 2111 553 2154; x_wconf 87' lang='lat' dir='ltr'>curn</span> <span class='ocrx_word' id='word_1_145' title='bbox 577 2095 607 2154; x_wconf 94' lang='lat' dir='ltr'>in</span> <span class='ocrx_word' id='word_1_146' title='bbox 628 2092 714 2173; x_wconf 88' lang='lat' dir='ltr'>qualo</span> <span class='ocrx_word' id='word_1_147' title='bbox 735 2089 883 2172; x_wconf 86' lang='lat' dir='ltr'>poncrcs&#39;.</span> <span class='ocrx_word' id='word_1_148' title='bbox 921 2112 1023 2155; x_wconf 88' lang='lat' dir='ltr'>curam</span> <span class='ocrx_word' id='word_1_149' title='bbox 1042 2093 1238 2155; x_wconf 85' lang='lat' dir='ltr'>adhibendam</span> <span class='ocrx_word' id='word_1_150' title='bbox 1258 2113 1327 2156; x_wconf 86' lang='lat' dir='ltr'>esse</span> <span class='ocrx_word' id='word_1_151' title='bbox 1349 2106 1382 2158; x_wconf 89' lang='lat' dir='ltr'>ut</span> 
     </span>
     <span class='ocr_line' id='line_1_18' title="bbox 231 2199 1381 2281; baseline 0.003 -20"><span class='ocrx_word' id='word_1_152' title='bbox 231 2203 346 2281; x_wconf 87' lang='lat' dir='ltr'>puriter</span> <span class='ocrx_word' id='word_1_153' title='bbox 365 2202 437 2262; x_wconf 83' lang='lat' dir='ltr'>fiant</span> <span class='ocrx_word' id='word_1_154' title='bbox 455 2219 546 2280; x_wconf 85' lang='lat' dir='ltr'>opera</span> <span class='ocrx_word' id='word_1_155' title='bbox 565 2203 748 2280; x_wconf 84' lang='lat' dir='ltr'>praecipitur</span> <span class='ocrx_word' id='word_1_156' title='bbox 768 2205 895 2280; x_wconf 76' lang='lat' dir='ltr'>saepiuS,</span> <span class='ocrx_word' id='word_1_157' title='bbox 914 2221 938 2262; x_wconf 91' lang='lat' dir='ltr'>c.</span> <span class='ocrx_word' id='word_1_158' title='bbox 951 2199 994 2263; x_wconf 84' lang='grc'>90</span> <span class='ocrx_word' id='word_1_159' title='bbox 1013 2202 1049 2262; x_wconf 92' lang='lat' dir='ltr'>de</span> <span class='ocrx_word' id='word_1_160' title='bbox 1069 2199 1206 2281; x_wconf 85' lang='lat' dir='ltr'>palumbo</span> <span class='ocrx_word' id='word_1_161' title='bbox 1225 2199 1381 2264; x_wconf 78' lang='lat' dir='ltr'>farciendo</span> 
     </span>
     <span class='ocr_line' id='line_1_19' title="bbox 228 2306 1379 2391; baseline 0.002 -21"><span class='ocrx_word' id='word_1_162' title='bbox 228 2317 289 2370; x_wconf 84' lang='lat' dir='ltr'>tum</span> <span class='ocrx_word' id='word_1_163' title='bbox 310 2310 365 2386; x_wconf 83' lang='lat' dir='ltr'>sar</span> <span class='ocrx_word' id='word_1_164' title='bbox 390 2313 526 2386; x_wconf 67' lang='lat' dir='ltr'>inebriat,</span> <span class='ocrx_word' id='word_1_165' title='bbox 552 2313 674 2386; x_wconf 79' lang='lat' dir='ltr'>pitritcr</span> <span class='ocrx_word' id='word_1_166' title='bbox 694 2309 805 2390; x_wconf 76' lang='lat' dir='ltr'>scicito,</span> <span class='ocrx_word' id='word_1_167' title='bbox 838 2306 949 2391; x_wconf 80' lang='lat'><strong>112,2</strong></span> <span class='ocrx_word' id='word_1_168' title='bbox 978 2310 1013 2369; x_wconf 88' lang='lat' dir='ltr'>de</span> <span class='ocrx_word' id='word_1_169' title='bbox 1043 2328 1118 2388; x_wconf 89' lang='lat' dir='ltr'>aqua</span> <span class='ocrx_word' id='word_1_170' title='bbox 1145 2310 1258 2369; x_wconf 83' lang='lat' dir='ltr'>marina</span> <span class='ocrx_word' id='word_1_171' title='bbox 1284 2317 1379 2372; x_wconf 86' lang='lat' dir='ltr'>traus-</span> 
     </span>
     <span class='ocr_line' id='line_1_20' title="bbox 228 2414 1381 2497; baseline 0.001 -20"><span class='ocrx_word' id='word_1_172' title='bbox 228 2417 377 2478; x_wconf 81' lang='lat' dir='ltr'>fundenda</span> <span class='ocrx_word' id='word_1_173' title='bbox 411 2416 617 2493; x_wconf 71' lang='lat' dir='ltr'>transfundite</span> <span class='ocrx_word' id='word_1_174' title='bbox 647 2420 676 2476; x_wconf 87' lang='grc' dir='ltr'>ιἰι</span> <span class='ocrx_word' id='word_1_175' title='bbox 706 2422 835 2478; x_wconf 81' lang='lat' dir='ltr'>atterum</span> <span class='ocrx_word' id='word_1_176' title='bbox 865 2420 976 2478; x_wconf 82' lang='lat' dir='ltr'>dolium</span> <span class='ocrx_word' id='word_1_177' title='bbox 1000 2421 1137 2497; x_wconf 70' lang='lat' dir='ltr'>orditer,</span> <span class='ocrx_word' id='word_1_178' title='bbox 1176 2414 1217 2478; x_wconf 81' lang='lat'>66</span> <span class='ocrx_word' id='word_1_179' title='bbox 1245 2416 1284 2477; x_wconf 88' lang='lat' dir='ltr'>de</span> <span class='ocrx_word' id='word_1_180' title='bbox 1313 2418 1381 2480; x_wconf 86' lang='lat' dir='ltr'>olco</span> 
     </span>
     <span class='ocr_line' id='line_1_21' title="bbox 227 2523 1379 2603; baseline 0 -18"><span class='ocrx_word' id='word_1_181' title='bbox 227 2528 258 2585; x_wconf 92' lang='lat' dir='ltr'>in</span> <span class='ocrx_word' id='word_1_182' title='bbox 282 2523 441 2585; x_wconf 89' lang='lat' dir='ltr'>torculario</span> <span class='ocrx_word' id='word_1_183' title='bbox 465 2541 555 2599; x_wconf 82' lang='lat' dir='ltr'>quom</span> <span class='ocrx_word' id='word_1_184' title='bbox 575 2526 768 2584; x_wconf 80' lang='lat' dir='ltr'>titttmlt&#39;sst&#39;me</span> <span class='ocrx_word' id='word_1_185' title='bbox 788 2527 1011 2600; x_wconf 76' lang='lat' dir='ltr'>purissimeque</span> <span class='ocrx_word' id='word_1_186' title='bbox 1030 2528 1096 2597; x_wconf 81' lang='lat' dir='ltr'>liat.</span> <span class='ocrx_word' id='word_1_187' title='bbox 1142 2532 1300 2603; x_wconf 86' lang='lat' dir='ltr'>praeterea</span> <span class='ocrx_word' id='word_1_188' title='bbox 1320 2544 1379 2602; x_wconf 80' lang='lat' dir='ltr'>pu-</span> 
     </span>
     <span class='ocr_line' id='line_1_22' title="bbox 227 2627 1379 2711; baseline 0.003 -19"><span class='ocrx_word' id='word_1_189' title='bbox 227 2636 304 2693; x_wconf 84' lang='lat' dir='ltr'>riter</span> <span class='ocrx_word' id='word_1_190' title='bbox 332 2631 441 2711; x_wconf 85' lang='lat' dir='ltr'>legitur</span> <span class='ocrx_word' id='word_1_191' title='bbox 470 2627 563 2710; x_wconf 84' lang='lat'><strong>23,1</strong></span> <span class='ocrx_word' id='word_1_192' title='bbox 595 2633 709 2691; x_wconf 86' lang='lat' dir='ltr'>siccum</span> <span class='ocrx_word' id='word_1_193' title='bbox 735 2635 857 2708; x_wconf 79' lang='lat' dir='ltr'>puriter</span> <span class='ocrx_word' id='word_1_194' title='bbox 886 2635 1015 2693; x_wconf 80' lang='lat' dir='ltr'>omnium</span> <span class='ocrx_word' id='word_1_195' title='bbox 1044 2634 1163 2692; x_wconf 83' lang='lat' dir='ltr'>dierum</span> <span class='ocrx_word' id='word_1_196' title='bbox 1189 2635 1315 2709; x_wconf 77' lang='lat' dir='ltr'>puriter</span> <span class='ocrx_word' id='word_1_197' title='bbox 1347 2637 1379 2695; x_wconf 86' lang='lat' dir='ltr'>in</span> 
     </span>
     <span class='ocr_line' id='line_1_23' title="bbox 227 2742 467 2800; baseline -0.004 0"><span class='ocrx_word' id='word_1_198' title='bbox 227 2742 308 2800; x_wconf 86' lang='lat' dir='ltr'>dolio</span> <span class='ocrx_word' id='word_1_199' title='bbox 333 2742 467 2800; x_wconf 78' lang='lat' dir='ltr'>dividite.</span> 
     </span>
    </p>

    <p class='ocr_par' dir='ltr' id='par_1_6' title="bbox 222 2845 1379 4534">
     <span class='ocr_line' id='line_1_24' title="bbox 315 2845 1379 2927; baseline 0 -19"><span class='ocrx_word' id='word_1_200' title='bbox 315 2845 335 2908; x_wconf 79' lang='lat'><em>2</em></span> <span class='ocrx_word' id='word_1_201' title='bbox 359 2845 442 2907; x_wconf 86' lang='lat' dir='ltr'>Cum</span> <span class='ocrx_word' id='word_1_202' title='bbox 466 2848 579 2907; x_wconf 83' lang='lat' dir='ltr'>iacies</span> <span class='ocrx_word' id='word_1_203' title='bbox 602 2849 636 2907; x_wconf 91' lang='lat' dir='ltr'>in</span> <span class='ocrx_word' id='word_1_204' title='bbox 662 2845 805 2927; x_wconf 79' lang='lat' dir='ltr'>singula</span> <span class='ocrx_word' id='word_1_205' title='bbox 830 2854 945 2905; x_wconf 85' lang='lat' dir='ltr'>tracta</span> <span class='ocrx_word' id='word_1_206' title='bbox 965 2845 1026 2906; x_wconf 89' lang='lat' dir='ltr'>ubi</span> <span class='ocrx_word' id='word_1_207' title='bbox 1046 2845 1238 2926; x_wconf 85' lang='lat' dir='ltr'>deponeris</span> <span class='ocrx_word' id='word_1_208' title='bbox 1258 2864 1379 2925; x_wconf 85' lang='lat' dir='ltr'>panno</span> 
     </span>
     <span class='ocr_line' id='line_1_25' title="bbox 226 2954 1377 3033; baseline 0.001 -19"><span class='ocrx_word' id='word_1_209' title='bbox 226 2954 304 3015; x_wconf 90' lang='lat' dir='ltr'>oleo</span> <span class='ocrx_word' id='word_1_210' title='bbox 342 2963 449 3014; x_wconf 90' lang='lat' dir='ltr'>uncto</span> <span class='ocrx_word' id='word_1_211' title='bbox 489 2957 624 3033; x_wconf 85' lang='lat' dir='ltr'>tangito</span> <span class='ocrx_word' id='word_1_212' title='bbox 663 2966 696 3015; x_wconf 90' lang='lat' dir='ltr'>ct</span> <span class='ocrx_word' id='word_1_213' title='bbox 734 2956 1017 3032; x_wconf 79' lang='lat' dir='ltr'>circnnrtergoto</span> <span class='ocrx_word' id='word_1_214' title='bbox 1055 2956 1280 3033; x_wconf 81' lang='lat' dir='ltr'>unguitoque</span> <span class='ocrx_word' id='word_1_215' title='bbox 1315 2954 1377 3015; x_wconf 83' lang='lat' dir='ltr'>nbi</span> 
     </span>
     <span class='ocr_line' id='line_1_26' title="bbox 227 3059 1376 3138; baseline -0.002 -15"><span class='ocrx_word' id='word_1_216' title='bbox 227 3071 342 3123; x_wconf 88' lang='lat' dir='ltr'>tracta</span> <span class='ocrx_word' id='word_1_217' title='bbox 371 3070 478 3121; x_wconf 89' lang='lat' dir='ltr'>erunt</span> <span class='ocrx_word' id='word_1_218' title='bbox 507 3062 622 3122; x_wconf 83' lang='lat' dir='ltr'>iocum</span> <span class='ocrx_word' id='word_1_219' title='bbox 647 3061 708 3122; x_wconf 91' lang='lat' dir='ltr'>ubi</span> <span class='ocrx_word' id='word_1_220' title='bbox 732 3078 836 3120; x_wconf 90' lang='lat' dir='ltr'>cocas</span> <span class='ocrx_word' id='word_1_221' title='bbox 860 3060 1029 3120; x_wconf 85' lang='lat' dir='ltr'>calt&#39;aeito</span> <span class='ocrx_word' id='word_1_222' title='bbox 1054 3059 1143 3120; x_wconf 90' lang='lat' dir='ltr'>bene</span> <span class='ocrx_word' id='word_1_223' title='bbox 1167 3070 1202 3121; x_wconf 91' lang='lat' dir='ltr'>et</span> <span class='ocrx_word' id='word_1_224' title='bbox 1226 3061 1376 3138; x_wconf 87' lang='lat' dir='ltr'>testum]</span> 
     </span>
     <span class='ocr_line' id='line_1_27' title="bbox 230 3166 1376 3245; baseline -0.002 -15"><span class='ocrx_word' id='word_1_225' title='bbox 230 3169 300 3230; x_wconf 82' lang='lat' dir='ltr'>Tum</span> <span class='ocrx_word' id='word_1_226' title='bbox 321 3168 422 3244; x_wconf 81' lang='lat' dir='ltr'>socies·</span> <span class='ocrx_word' id='word_1_227' title='bbox 444 3167 597 3230; x_wconf 84' lang='lat' dir='ltr'>Iucundos</span> <span class='ocrx_word' id='word_1_228' title='bbox 621 3179 651 3229; x_wconf 88' lang='lat' dir='ltr'>ct</span> <span class='ocrx_word' id='word_1_229' title='bbox 674 3167 779 3228; x_wconf 86' lang='lat' dir='ltr'>deinde</span> <span class='ocrx_word' id='word_1_230' title='bbox 806 3166 912 3245; x_wconf 82' lang='lat' dir='ltr'>reliqui</span> <span class='ocrx_word' id='word_1_231' title='bbox 936 3166 1076 3226; x_wconf 81' lang='lat' dir='ltr'>editores.</span> <span class='ocrx_word' id='word_1_232' title='bbox 1117 3186 1186 3228; x_wconf 85' lang='lat' dir='ltr'>cnm</span> <span class='ocrx_word' id='word_1_233' title='bbox 1209 3186 1245 3227; x_wconf 85' lang='lat' dir='ltr'>ex</span> <span class='ocrx_word' id='word_1_234' title='bbox 1270 3167 1376 3229; x_wconf 87' lang='lat' dir='ltr'>arche·</span> 
     </span>
     <span class='ocr_line' id='line_1_28' title="bbox 226 3274 1376 3355; baseline 0.001 -20"><span class='ocrx_word' id='word_1_235' title='bbox 226 3283 295 3355; x_wconf 80' lang='lat' dir='ltr'>typo</span> <span class='ocrx_word' id='word_1_236' title='bbox 325 3277 454 3336; x_wconf 83' lang='lat' dir='ltr'>restitui.</span> <span class='ocrx_word' id='word_1_237' title='bbox 501 3276 552 3335; x_wconf 88' lang='lat' dir='ltr'>sed</span> <span class='ocrx_word' id='word_1_238' title='bbox 577 3277 690 3335; x_wconf 86' lang='lat' dir='ltr'>rectius</span> <span class='ocrx_word' id='word_1_239' title='bbox 714 3274 809 3335; x_wconf 88' lang='lat' dir='ltr'>deleta</span> <span class='ocrx_word' id='word_1_240' title='bbox 833 3276 1052 3353; x_wconf 80' lang='lat' dir='ltr'>praepositione</span> <span class='ocrx_word' id='word_1_241' title='bbox 1077 3278 1107 3334; x_wconf 87' lang='lat' dir='ltr'>in</span> <span class='ocrx_word' id='word_1_242' title='bbox 1131 3274 1282 3336; x_wconf 85' lang='lat' dir='ltr'>scribetur</span> <span class='ocrx_word' id='word_1_243' title='bbox 1304 3294 1376 3337; x_wconf 73' lang='lat' dir='ltr'>cunt</span> 
     </span>
     <span class='ocr_line' id='line_1_29' title="bbox 222 3383 1376 3461; baseline 0.002 -18"><span class='ocrx_word' id='word_1_244' title='bbox 222 3383 321 3458; x_wconf 80' lang='lat' dir='ltr'>socies</span> <span class='ocrx_word' id='word_1_245' title='bbox 354 3386 476 3457; x_wconf 64' lang='lat' dir='ltr'>sinuato</span> <span class='ocrx_word' id='word_1_246' title='bbox 507 3392 622 3456; x_wconf 81' lang='lat' dir='ltr'>tracto,</span> <span class='ocrx_word' id='word_1_247' title='bbox 656 3384 734 3442; x_wconf 88' lang='lat' dir='ltr'>sieut</span> <span class='ocrx_word' id='word_1_248' title='bbox 767 3400 856 3461; x_wconf 91' lang='lat' dir='ltr'>snpra</span> <span class='ocrx_word' id='word_1_249' title='bbox 886 3383 1031 3460; x_wconf 87' lang='lat' dir='ltr'>scriptum</span> <span class='ocrx_word' id='word_1_250' title='bbox 1059 3390 1122 3442; x_wconf 90' lang='lat' dir='ltr'>erat</span> <span class='ocrx_word' id='word_1_251' title='bbox 1151 3385 1184 3443; x_wconf 91' lang='lat' dir='ltr'>id</span> <span class='ocrx_word' id='word_1_252' title='bbox 1209 3390 1376 3460; x_wconf 82' lang='lat' dir='ltr'>utrumque</span> 
     </span>
     <span class='ocr_line' id='line_1_30' title="bbox 225 3488 1375 3569; baseline 0.003 -20"><span class='ocrx_word' id='word_1_253' title='bbox 225 3497 327 3551; x_wconf 79' lang='lat' dir='ltr'>tracto</span> <span class='ocrx_word' id='word_1_254' title='bbox 357 3490 463 3566; x_wconf 82' lang='lat' dir='ltr'>facito.</span> <span class='ocrx_word' id='word_1_255' title='bbox 511 3488 693 3549; x_wconf 84' lang='lat' dir='ltr'>describitur</span> <span class='ocrx_word' id='word_1_256' title='bbox 725 3491 816 3569; x_wconf 85' lang='lat' dir='ltr'>cuim,</span> <span class='ocrx_word' id='word_1_257' title='bbox 849 3507 917 3549; x_wconf 89' lang='lat' dir='ltr'>cum</span> <span class='ocrx_word' id='word_1_258' title='bbox 950 3491 1017 3568; x_wconf 90' lang='lat' dir='ltr'>quis</span> <span class='ocrx_word' id='word_1_259' title='bbox 1048 3508 1083 3548; x_wconf 82' lang='lat' dir='ltr'>ex</span> <span class='ocrx_word' id='word_1_260' title='bbox 1112 3491 1148 3548; x_wconf 90' lang='lat' dir='ltr'>iis</span> <span class='ocrx_word' id='word_1_261' title='bbox 1176 3488 1268 3550; x_wconf 88' lang='lat' dir='ltr'>rebus</span> <span class='ocrx_word' id='word_1_262' title='bbox 1296 3508 1375 3569; x_wconf 84' lang='lat' dir='ltr'>quac</span> 
     </span>
     <span class='ocr_line' id='line_1_31' title="bbox 225 3594 1375 3675; baseline 0.002 -19"><span class='ocrx_word' id='word_1_263' title='bbox 225 3616 314 3675; x_wconf 84' lang='lat' dir='ltr'>supra</span> <span class='ocrx_word' id='word_1_264' title='bbox 339 3600 466 3675; x_wconf 83' lang='lat' dir='ltr'>scriptae</span> <span class='ocrx_word' id='word_1_265' title='bbox 491 3605 576 3656; x_wconf 87' lang='lat' dir='ltr'>erant</span> <span class='ocrx_word' id='word_1_266' title='bbox 600 3595 715 3675; x_wconf 83' lang='lat' dir='ltr'>singula</span> <span class='ocrx_word' id='word_1_267' title='bbox 740 3604 831 3656; x_wconf 87' lang='lat' dir='ltr'>tracta</span> <span class='ocrx_word' id='word_1_268' title='bbox 856 3597 957 3675; x_wconf 81' lang='lat' dir='ltr'>saciet,</span> <span class='ocrx_word' id='word_1_269' title='bbox 987 3614 1045 3675; x_wconf 88' lang='lat' dir='ltr'>qno</span> <span class='ocrx_word' id='word_1_270' title='bbox 1069 3595 1155 3656; x_wconf 90' lang='lat' dir='ltr'>modo</span> <span class='ocrx_word' id='word_1_271' title='bbox 1179 3615 1213 3656; x_wconf 88' lang='lat' dir='ltr'>ea</span> <span class='ocrx_word' id='word_1_272' title='bbox 1237 3594 1375 3658; x_wconf 83' lang='lat' dir='ltr'>facienda</span> 
     </span>
     <span class='ocr_line' id='line_1_32' title="bbox 225 3702 1374 3782; baseline 0.002 -19"><span class='ocrx_word' id='word_1_273' title='bbox 225 3708 293 3764; x_wconf 91' lang='lat' dir='ltr'>sint.</span> <span class='ocrx_word' id='word_1_274' title='bbox 334 3704 439 3763; x_wconf 85' lang='lat' dir='ltr'>deindo</span> <span class='ocrx_word' id='word_1_275' title='bbox 463 3722 551 3782; x_wconf 90' lang='lat' dir='ltr'>prava</span> <span class='ocrx_word' id='word_1_276' title='bbox 577 3703 735 3764; x_wconf 85' lang='lat' dir='ltr'>verborum</span> <span class='ocrx_word' id='word_1_277' title='bbox 760 3704 951 3764; x_wconf 83' lang='lat' dir='ltr'>distinctione</span> <span class='ocrx_word' id='word_1_278' title='bbox 975 3704 1121 3763; x_wconf 87' lang='lat' dir='ltr'>sententia</span> <span class='ocrx_word' id='word_1_279' title='bbox 1145 3702 1181 3764; x_wconf 90' lang='lat' dir='ltr'>ab</span> <span class='ocrx_word' id='word_1_280' title='bbox 1204 3702 1374 3765; x_wconf 88' lang='lat' dir='ltr'>editoribus</span> 
     </span>
     <span class='ocr_line' id='line_1_33' title="bbox 224 3812 1373 3890; baseline 0.002 -20"><span class='ocrx_word' id='word_1_281' title='bbox 224 3819 364 3888; x_wconf 83' lang='lat' dir='ltr'>corrupta</span> <span class='ocrx_word' id='word_1_282' title='bbox 396 3821 467 3870; x_wconf 87' lang='lat' dir='ltr'>erat.</span> <span class='ocrx_word' id='word_1_283' title='bbox 514 3830 581 3871; x_wconf 86' lang='lat' dir='ltr'>nam</span> <span class='ocrx_word' id='word_1_284' title='bbox 608 3813 662 3872; x_wconf 78' lang='lat' dir='ltr'>uiti</span> <span class='ocrx_word' id='word_1_285' title='bbox 689 3819 790 3872; x_wconf 84' lang='lat' dir='ltr'>tracto</span> <span class='ocrx_word' id='word_1_286' title='bbox 820 3820 997 3879; x_wconf 77' lang='grc' dir='ltr'>ινιιιιι,ιιοιι</span> <span class='ocrx_word' id='word_1_287' title='bbox 1026 3829 1094 3871; x_wconf 85' lang='lat' dir='ltr'>cum</span> <span class='ocrx_word' id='word_1_288' title='bbox 1122 3812 1158 3872; x_wconf 90' lang='lat' dir='ltr'>iis</span> <span class='ocrx_word' id='word_1_289' title='bbox 1186 3829 1263 3890; x_wconf 87' lang='lat' dir='ltr'>quae</span> <span class='ocrx_word' id='word_1_290' title='bbox 1287 3819 1373 3873; x_wconf 90' lang='lat' dir='ltr'>aute-</span> 
     </span>
     <span class='ocr_line' id='line_1_34' title="bbox 225 3917 1374 3999; baseline 0.002 -21"><span class='ocrx_word' id='word_1_291' title='bbox 225 3918 335 3978; x_wconf 89' lang='lat' dir='ltr'>cedunt</span> <span class='ocrx_word' id='word_1_292' title='bbox 363 3918 568 3997; x_wconf 82' lang='lat' dir='ltr'>coniungenda</span> <span class='ocrx_word' id='word_1_293' title='bbox 597 3928 695 3999; x_wconf 80' lang='lat' dir='ltr'>erant,</span> <span class='ocrx_word' id='word_1_294' title='bbox 724 3917 776 3978; x_wconf 81' lang='lat' dir='ltr'>sed</span> <span class='ocrx_word' id='word_1_295' title='bbox 805 3918 839 3977; x_wconf 85' lang='lat' dir='ltr'>ad</span> <span class='ocrx_word' id='word_1_296' title='bbox 865 3936 899 3978; x_wconf 89' lang='lat' dir='ltr'>ea</span> <span class='ocrx_word' id='word_1_297' title='bbox 924 3935 998 3997; x_wconf 89' lang='lat' dir='ltr'>quae</span> <span class='ocrx_word' id='word_1_298' title='bbox 1023 3927 1189 3997; x_wconf 89' lang='lat' dir='ltr'>sequuntur</span> <span class='ocrx_word' id='word_1_299' title='bbox 1213 3919 1374 3980; x_wconf 81' lang='lat' dir='ltr'>referenda</span> 
     </span>
     <span class='ocr_line' id='line_1_35' title="bbox 223 4022 1371 4108; baseline 0.003 -22"><span class='ocrx_word' id='word_1_300' title='bbox 223 4034 306 4106; x_wconf 84' lang='lat' dir='ltr'>sunt,</span> <span class='ocrx_word' id='word_1_301' title='bbox 336 4028 484 4086; x_wconf 87' lang='lat' dir='ltr'>constanti</span> <span class='ocrx_word' id='word_1_302' title='bbox 517 4028 547 4086; x_wconf 90' lang='lat' dir='ltr'>in</span> <span class='ocrx_word' id='word_1_303' title='bbox 576 4027 786 4086; x_wconf 90' lang='lat' dir='ltr'>coniunctione</span> <span class='ocrx_word' id='word_1_304' title='bbox 817 4027 871 4085; x_wconf 82' lang='lat' dir='ltr'>ubi</span> <span class='ocrx_word' id='word_1_305' title='bbox 897 4043 968 4106; x_wconf 84' lang='lat' dir='ltr'>usu,</span> <span class='ocrx_word' id='word_1_306' title='bbox 1001 4025 1037 4085; x_wconf 90' lang='lat' dir='ltr'>de</span> <span class='ocrx_word' id='word_1_307' title='bbox 1066 4045 1125 4105; x_wconf 86' lang='lat' dir='ltr'>quo</span> <span class='ocrx_word' id='word_1_308' title='bbox 1154 4042 1244 4105; x_wconf 85' lang='lat' dir='ltr'>supra</span> <span class='ocrx_word' id='word_1_309' title='bbox 1272 4022 1371 4108; x_wconf 80' lang='lat'>50,1</span> 
     </span>
     <span class='ocr_line' id='line_1_36' title="bbox 223 4131 1374 4212; baseline 0.003 -18"><span class='ocrx_word' id='word_1_310' title='bbox 223 4133 335 4194; x_wconf 88' lang='lat' dir='ltr'>dictum</span> <span class='ocrx_word' id='word_1_311' title='bbox 365 4142 423 4212; x_wconf 87' lang='lat' dir='ltr'>est,</span> <span class='ocrx_word' id='word_1_312' title='bbox 451 4136 505 4194; x_wconf 79' lang='lat' dir='ltr'>ubi</span> <span class='ocrx_word' id='word_1_313' title='bbox 532 4141 634 4194; x_wconf 78' lang='lat' dir='ltr'>tracta</span> <span class='ocrx_word' id='word_1_314' title='bbox 662 4140 760 4207; x_wconf 82' lang='lat' dir='ltr'>erunt,</span> <span class='ocrx_word' id='word_1_315' title='bbox 780 4131 898 4208; x_wconf 80' lang='lat' dir='ltr'>socom,</span> <span class='ocrx_word' id='word_1_316' title='bbox 922 4134 975 4193; x_wconf 85' lang='lat' dir='ltr'>nbi</span> <span class='ocrx_word' id='word_1_317' title='bbox 997 4151 1101 4208; x_wconf 82' lang='lat' dir='ltr'>cocos,</span> <span class='ocrx_word' id='word_1_318' title='bbox 1125 4132 1271 4208; x_wconf 80' lang='lat' dir='ltr'>calfacito</span> <span class='ocrx_word' id='word_1_319' title='bbox 1295 4136 1374 4197; x_wconf 83' lang='lat' dir='ltr'>bene</span> 
     </span>
     <span class='ocr_line' id='line_1_37' title="bbox 223 4239 1372 4321; baseline 0 -20"><span class='ocrx_word' id='word_1_320' title='bbox 223 4249 253 4301; x_wconf 87' lang='lat' dir='ltr'>ct</span> <span class='ocrx_word' id='word_1_321' title='bbox 284 4248 399 4301; x_wconf 81' lang='lat' dir='ltr'>testum.</span> <span class='ocrx_word' id='word_1_322' title='bbox 450 4239 502 4300; x_wconf 93' lang='lat' dir='ltr'>nbi</span> <span class='ocrx_word' id='word_1_323' title='bbox 535 4240 648 4318; x_wconf 83' lang='lat' dir='ltr'>singula</span> <span class='ocrx_word' id='word_1_324' title='bbox 678 4246 771 4299; x_wconf 89' lang='lat' dir='ltr'>tracta</span> <span class='ocrx_word' id='word_1_325' title='bbox 801 4242 858 4320; x_wconf 90' lang='lat' dir='ltr'>sic,</span> <span class='ocrx_word' id='word_1_326' title='bbox 891 4248 924 4299; x_wconf 92' lang='lat' dir='ltr'>ut</span> <span class='ocrx_word' id='word_1_327' title='bbox 952 4240 1064 4299; x_wconf 87' lang='lat' dir='ltr'>dictum</span> <span class='ocrx_word' id='word_1_328' title='bbox 1092 4247 1150 4321; x_wconf 88' lang='lat' dir='ltr'>est,</span> <span class='ocrx_word' id='word_1_329' title='bbox 1184 4240 1260 4300; x_wconf 83' lang='lat' dir='ltr'>iacta</span> <span class='ocrx_word' id='word_1_330' title='bbox 1290 4249 1372 4321; x_wconf 72' lang='lat' dir='ltr'>stunt,</span> 
     </span>
     <span class='ocr_line' id='line_1_38' title="bbox 224 4346 1371 4429; baseline 0.002 -23"><span class='ocrx_word' id='word_1_331' title='bbox 224 4348 308 4407; x_wconf 77' lang='lat' dir='ltr'>[ocus</span> <span class='ocrx_word' id='word_1_332' title='bbox 332 4355 361 4405; x_wconf 89' lang='lat' dir='ltr'>ct</span> <span class='ocrx_word' id='word_1_333' title='bbox 385 4354 504 4427; x_wconf 80' lang='lat' dir='ltr'>testum,</span> <span class='ocrx_word' id='word_1_334' title='bbox 528 4346 579 4407; x_wconf 93' lang='lat' dir='ltr'>nbi</span> <span class='ocrx_word' id='word_1_335' title='bbox 603 4355 778 4429; x_wconf 82' lang='lat' dir='ltr'>coquantur,</span> <span class='ocrx_word' id='word_1_336' title='bbox 802 4346 981 4408; x_wconf 80' lang='lat' dir='ltr'>calfacienda</span> <span class='ocrx_word' id='word_1_337' title='bbox 1001 4355 1079 4406; x_wconf 82' lang='lat' dir='ltr'>sirnt.</span> <span class='ocrx_word' id='word_1_338' title='bbox 1108 4364 1200 4408; x_wconf 83' lang='lat' dir='ltr'>cocus</span> <span class='ocrx_word' id='word_1_339' title='bbox 1216 4348 1247 4406; x_wconf 91' lang='lat' dir='ltr'>in</span> <span class='ocrx_word' id='word_1_340' title='bbox 1267 4347 1371 4408; x_wconf 89' lang='lat' dir='ltr'>arche·</span> 
     </span>
     <span class='ocr_line' id='line_1_39' title="bbox 224 4451 1370 4534; baseline 0.002 -21"><span class='ocrx_word' id='word_1_341' title='bbox 224 4463 293 4534; x_wconf 76' lang='lat' dir='ltr'>typo</span> <span class='ocrx_word' id='word_1_342' title='bbox 317 4455 461 4533; x_wconf 83' lang='lat' dir='ltr'>scripturn</span> <span class='ocrx_word' id='word_1_343' title='bbox 487 4465 550 4516; x_wconf 84' lang='lat' dir='ltr'>erat</span> <span class='ocrx_word' id='word_1_344' title='bbox 573 4465 602 4517; x_wconf 90' lang='lat' dir='ltr'>ct</span> <span class='ocrx_word' id='word_1_345' title='bbox 627 4453 669 4517; x_wconf 88' lang='grc'>84</span> <span class='ocrx_word' id='word_1_346' title='bbox 688 4474 851 4531; x_wconf 72' lang='lat' dir='ltr'>percoctis,</span> <span class='ocrx_word' id='word_1_347' title='bbox 876 4451 918 4515; x_wconf 90' lang='grc'>80</span> <span class='ocrx_word' id='word_1_348' title='bbox 942 4461 1102 4529; x_wconf 74' lang='lat' dir='ltr'>vocatque,</span> <span class='ocrx_word' id='word_1_349' title='bbox 1128 4473 1203 4533; x_wconf 65' lang='lat' dir='ltr'>(lunc</span> <span class='ocrx_word' id='word_1_350' title='bbox 1227 4454 1370 4515; x_wconf 86' lang='lat' dir='ltr'>mutanda</span> 
     </span>
    </p>
   </div>
   <div class='ocr_carea' id='block_1_5' title="bbox 0 0 1442 4994">
    <p class='ocr_par' dir='ltr' id='par_1_7' title="bbox 0 0 1442 4994">
     <span class='ocr_line' id='line_1_40' title="bbox 0 0 1442 4994; baseline 0 2"><span class='ocrx_word' id='word_1_351' title='bbox 0 0 1442 4994; x_wconf 95' lang='lat' dir='ltr'> </span> 
     </span>
    </p>
   </div>
  </div>
 </body>
</html>
