2874 4994
146 337 213 402 220
486 346 677 406 COMMEMT.
695 348 735 404 IN
753 348 941 405 VARRONIS

148 500 184 561 de
207 501 323 562 Menate
346 501 458 564 dictum
481 511 528 564 est
551 501 674 584 111,1.
721 506 767 565 illi
786 511 899 586 autem,
922 520 977 584 pro
1000 522 1063 584 quo
1084 500 1193 565 Ursinus
1207 506 1244 566 aiii

148 607 237 669 scribi
262 608 361 690 voluit,
380 619 451 670 sunt
473 611 494 671 ii
514 613 564 689 qui
587 619 705 690 praeter
723 610 885 673 Varronem
908 620 936 673 ct
958 609 1094 673 Scrofam
1114 627 1246 673 aerumna

147 716 306 796 participes
330 715 455 778 inerant.

693 892 734 954 ΙΙΙ

147 1143 259 1206 solum
287 1144 368 1205 ioco
396 1145 576 1206 discretae
605 1144 692 1224 sint]
720 1147 834 1219 Quidni
855 1146 949 1208 Pinari
970 1144 1133 1208 Politiauus
1153 1146 1182 1207 in
1200 1162 1256 1207 urar
1300 1142 1302 1181 ²

145 1251 214 1331 gine
238 1253 381 1330 principis
404 1251 542 1313 editionis
566 1272 600 1313 ex
626 1252 727 1314 codice
759 1250 931 1336 adscripsit,
957 1254 1069 1329 quidni
1090 1254 1189 1331 piandi
1209 1270 1258 1332 apo

146 1358 269 1440 grapho,
302 1362 334 1433 O.
359 1361 452 1421 Pisani
479 1359 600 1451 Meruia.
644 1362 754 1436 quidni
775 1361 869 1421 Pinnt'
898 1377 934 1421 ex
967 1358 1129 1439 archsnpo
1159 1360 1260 1420 restitui

146 1484 212 1526 nam
236 1469 344 1542 quidni
368 1469 399 1526 in
429 1468 561 1546 negativa
585 1469 731 1528 sententia
758 1468 883 1528 dubium
908 1484 969 1529 non
997 1473 1043 1528 est
1069 1466 1188 1546 ponitur
1210 1483 1260 1526 con

144 1575 171 1633 ri
195 1573 377 1648 adfirmandi,
397 1582 430 1634 ut
448 1574 633 1653 significetur
651 1571 723 1634 illud
743 1574 821 1653 quod
844 1591 899 1654 per
918 1591 951 1634 se
973 1581 1092 1634 certum
1111 1582 1164 1634 est.
1197 1590 1261 1653 prac-

144 1697 253 1740 nornen
281 1690 380 1741 autem
403 1680 514 1762 Pionii,
536 1681 571 1741 ad
601 1699 689 1760 quem
713 1679 853 1742 Varronis
879 1679 955 1742 liber
984 1681 1117 1759 scriptus
1144 1689 1199 1759 est,
1218 1697 1261 1740 ne

13 1796 18 1809 “
145 1788 255 1847 moriae
279 1805 338 1847 non
367 1796 413 1849 est
435 1787 594 1867 proditum.
640 1787 673 1847 Τ.
696 1785 820 1848 Pinnius
844 1786 1048 1868 appellatura
1072 1785 1211 1848 Cicerone
1228 1804 1261 1865 sp

90 1936 92 1941 ⁷
144 1892 179 1952 ad
209 1894 275 1955 iam.
299 1892 440 1956 x11161.
467 1927 504 1938 —
530 1899 628 1956 locum
663 1895 732 1955 vitio
765 1911 869 1955 corum
897 1895 949 1975 qui
975 1893 1102 1955 Victorii
1128 1892 1262 1955 editionem

144 2018 168 2060 a.
194 1997 280 2064 1543
308 2005 512 2082 repetiverunt
539 2000 688 2081 vulgatum
716 2010 793 2083 erat,
821 2001 899 2081 quod
928 2003 1029 2081 inepte
1057 1999 1206 2062 Gesnerus
1227 1997 1262 2059 de·

144 2106 246 2167 tendit.
292 2126 359 2170 narn
383 2111 446 2189 ipse
471 2108 619 2170 Victorius
642 2126 710 2170 curn
735 2107 952 2188 antiquioribus
974 2111 1041 2171 loco
1066 2106 1194 2169 dederat

232 2212 252 2276 2
280 2215 400 2292 qupos
423 2234 459 2276 ex
483 2232 570 2275 manu
595 2216 714 2294 scriptis
737 2212 821 2275 libris
844 2215 971 2276 restitui.
1008 2213 1080 2276 oiim
1108 2215 1220 2294 Opunta
1236 2231 1263 2274 u

143 2323 277 2401 principe
301 2323 430 2385 editione
454 2331 607 2403 receptum
632 2330 705 2382 erat.

232 2426 312 2490 Nam
342 2431 376 2490 in
400 2429 465 2491 hoc
489 2447 581 2490 nuno
609 2428 765 2507 denique
794 2436 850 2489 est
879 2437 915 2489 ut
942 2427 1016 2489 disi
1042 2424 1174 2508 possit]
1196 2429 1265 2489 Mans

143 2534 235 2596 deleri
260 2535 352 2598 voluit
374 2535 509 2615 Ursinus,
529 2536 580 2615 qui
599 2538 630 2596 in
649 2537 707 2596 doc
725 2534 761 2595 dc
781 2543 915 2614 tempore
934 2534 1048 2596 dictum
1068 2536 1189 2615 accepit.
1220 2536 1265 2594 aaa

143 2645 174 2702 in
202 2644 259 2703 doc
287 2644 414 2703 coniecit
438 2641 557 2722 Popma.
603 2660 673 2702 num
703 2645 734 2703 in
762 2644 821 2703 doc
845 2673 886 2684 -
909 2644 1035 2704 condita
1059 2642 1159 2704 Romo
1183 2640 1264 2702 estin

142 2746 313 2825 parenthesi
341 2751 435 2828 posita
464 2748 615 2809 Gesnerus
643 2756 673 2809 et
701 2748 901 2810 Schneiderus
933 2747 1145 2810 exhibuerunt
1187 2745 1265 2808 deieto

142 2871 221 2928 num,
246 2871 304 2932 quo
327 2854 400 2915 ordo
425 2853 582 2915 verborum
606 2853 808 2938 perturbatur,
826 2874 891 2917 eam
913 2857 1102 2930 sententiam,
1125 2871 1211 2935 quam
1229 2852 1265 2913 ris

142 2960 316 3044 postulabat,
336 2964 467 3023 restitui:
491 2980 559 3023 cum
578 2964 811 3024 vetustissimum
835 2963 976 3043 oppidum
1001 2962 1079 3043 apud
1100 2960 1223 3023 Graecos
1237 2960 1266 3019 sit

142 3066 269 3152 Thebae,
293 3070 322 3129 in
347 3087 418 3148 agro
437 3068 568 3130 Romano
587 3068 688 3151 Roma,
708 3072 737 3131 in
761 3069 826 3152 hoc,
850 3069 879 3131 b.
893 3088 918 3130 e.
938 3072 968 3131 in
991 3069 1049 3131 hoc
1069 3067 1187 3151 oppido,
1204 3083 1266 3128 nnuc

114 3182 117 3191 “
143 3175 280 3256 danique,
304 3194 363 3236 non
387 3185 450 3237 tum
478 3195 545 3238 cum
570 3175 684 3238 Ennius
713 3179 845 3258 scripsit,
868 3177 927 3237 dici
954 3183 1054 3255 potest
1082 3175 1267 3255 septingentos

144 3282 205 3342 iere
229 3301 293 3344 esse
318 3302 419 3358 annos,
442 3291 600 3364 postquam
623 3282 713 3344 Roma
738 3283 855 3344 condita
881 3292 940 3363 est;
964 3281 1085 3344 Thebae
1108 3289 1205 3344 autem
1223 3278 1266 3341 cir·

141 3390 217 3449 citer
240 3388 299 3451 diro
323 3390 401 3450 milia
424 3408 569 3452 annorum
592 3401 622 3452 et
645 3398 764 3452 centnm
788 3399 867 3452 surrt

131 3540 133 3544 -
230 3494 252 3556 4
283 3496 436 3556 Maiores
459 3499 576 3557 nostri
599 3515 639 3557 cx
665 3497 750 3558 urbe
779 3499 813 3557 in
842 3497 941 3577 agris
968 3494 1183 3575 redigebant
1200 3508 1266 3555 snos

142 3603 242 3661 ciues
266 3600 357 3679 quod
382 3609 420 3662 et
441 3604 476 3663 in
504 3622 590 3682 pace
618 3622 634 3664 a
662 3605 814 3665 rusticis
845 3603 1002 3664 romanis
1031 3600 1219 3664 alebantur
1240 3604 1267 3658 ct

142 3709 177 3766 in
202 3705 295 3766 bello
319 3707 359 3768 ab
384 3708 439 3769 his
462 3708 665 3787 alebantur]
691 3713 727 3771 ln
747 3728 840 3786 apros
859 3711 1097 3794 oedipodant—
1113 3711 1192 3770 etia
1208 3707 1267 3769 deda

142 3815 182 3873 ab
205 3817 251 3874 dis
275 3817 438 3878 tuebantur
461 3826 490 3878 et
514 3819 676 3877 alebantur
696 3816 816 3899 Merula,
840 3821 870 3878 in
894 3820 981 3894 cyris
1004 3818 1186 3893 radicabunt
1200 3819 1267 3872 -et

142 3926 173 3983 in
197 3925 271 3985 dallo
295 3925 333 3983 ab
357 3926 404 3984 dis
429 3926 594 3985 tuebuntur
612 3922 772 4005 iucundus,
791 3942 879 4003 quem
904 3923 1012 4003 reliqui
1035 3923 1169 3985 editores
1190 3919 1267 3983 sacnti

141 4037 218 4090 sunt.
264 4032 311 4090 dis
338 4049 371 4091 se
400 4033 564 4092 tuebantur
592 4030 753 4111 Madvigius
780 4030 894 4092 advers.
918 4029 989 4092 nii
1012 4050 1041 4111 p.
1062 4027 1130 4094 180
1151 4027 1269 4092 coniecit

142 4140 172 4196 in
196 4155 289 4211 apros
312 4134 501 4198 scribendum
526 4154 593 4198 esse
617 4122 818 4200 Schneiderus
841 4140 965 4200 monuit
1011 4138 1123 4200 deinde
1152 4141 1184 4200 ia
1207 4136 1268 4198 datin

142 4244 180 4301 cd
211 4244 257 4300 iuis
286 4244 477 4304 ducebantur
505 4246 625 4327 scripsi,
654 4263 831 4325 quamquam
861 4264 899 4307 ne
929 4244 986 4306 hoc
1019 4243 1144 4324 quidam
1172 4249 1270 4306 certum

141 4364 207 4404 essa
236 4348 305 4406 scio.
352 4366 418 4410 nans
446 4353 476 4411 in
505 4352 665 4432 archetypo
692 4353 854 4433 genuinum
883 4349 1007 4412 verbnm
1039 4369 1134 4431 prava
1162 4348 1272 4432 repetiit

143 4450 232 4512 verbo
257 4456 418 4516 alebantur
440 4458 579 4534 perierat
