2874 4994
283 332 333 386 DE
351 331 440 387 nont
458 332 631 388 CVLTVRA
650 334 791 389 LIBRVM
810 334 839 391 C.
854 334 982 392 57-61
1161 329 1204 394 95

57 495 125 546 erat
158 489 397 563 Ouadruntnlio,
426 487 503 567 quod
533 492 632 550 minus
660 497 797 552 accurate
820 490 983 552 Politianus
1011 492 1046 552 ad
1071 512 1104 552 ea
1128 513 1203 572 quae

55 595 244 674 praecedunt
265 600 374 658 sumito
398 615 510 673 aquam
533 602 684 659 marinam
708 617 734 675 q.
748 618 771 660 s.
785 618 808 660 s.
823 619 847 662 c.
872 599 1017 679 adposuit.

150 702 366 783 Sculpooias
390 704 501 765 bonas
524 705 677 766 alternis
702 709 805 767 annis
829 707 912 767 dare
936 703 1093 786 oportet]
1120 707 1203 768 Scul-

55 827 172 888 poneae
191 813 222 871 iu
242 813 426 872 vestimentis
445 830 599 873 servorum
619 814 804 893 appellantur
825 811 897 894 135,
918 813 947 896 1,
969 814 1046 894 apud
1066 813 1202 875 Plautum

10 978 12 985 ,
55 915 156 977 Casio.
184 913 250 979 495
278 919 391 980 Soleae.
427 950 465 961 —
504 922 576 995 Qui,
608 938 734 998 creoceo,
760 925 861 997 potius
893 941 984 998 quam
1015 925 1203 999 sculponeae,

60 1025 124 1096 Qui
145 1043 178 1086 os
201 1027 361 1086 laetantur
383 1028 453 1106 tihi,
482 1045 578 1088 senex
600 1031 809 1103 nequissem?
832 1037 864 1090 et
886 1030 963 1109 apud
988 1028 1148 1088 Varronem
1172 1031 1202 1088 in

55 1130 189 1193 Serrano
208 1130 282 1192 Non.
302 1152 329 1212 p.
350 1130 423 1213 164,
442 1130 486 1193 20
504 1137 619 1211 espicio
642 1134 852 1211 Triptolemum
870 1141 1096 1213 sculponcatum
1116 1138 1202 1210 bipes

53 1243 146 1314 sequi
167 1248 321 1302 cornutos,
367 1240 424 1300 luit
447 1250 545 1300 autem
569 1258 664 1320 gentis
687 1241 834 1320 quoddam
863 1243 1066 1304 calceamenti:
1099 1242 1201 1302 lsidor.

55 1348 134 1425 orig.
157 1343 361 1427 X1X34,13
386 1349 520 1409 Perones
544 1356 574 1408 et
594 1352 777 1426 saumonem
799 1354 918 1411 rustico
941 1354 1150 1412 calciamenta.

147 1490 200 1549 LX
228 1489 315 1551 Feni
343 1489 459 1568 pondo
487 1488 593 1575 bxxl,
625 1492 720 1551 ocini
749 1491 848 1552 labae
877 1453 974 1571 lolXX]
1002 1492 1073 1553 Post
1103 1502 1201 1552 notam

55 1599 177 1657 numeri
192 1598 213 1658 I
227 1606 356 1676 utroque
375 1596 440 1657 loco
460 1598 489 1656 in
511 1597 671 1678 archetypo
690 1598 789 1660 addita
809 1609 872 1659 erat
897 1598 1011 1680 lineola,
1031 1618 1105 1678 quas
1120 1599 1208 1659 abiis

55 1706 108 1783 qui
124 1704 291 1784 apographa
308 1704 443 1765 lecerunt
458 1707 538 1764 vario
553 1704 639 1765 modo
655 1723 794 1784 expressa
805 1714 859 1786 est,
874 1707 1046 1787 L7XXIA,
1061 1707 1176 1790 LJXX,
1189 1706 1207 1766 i.

55 1811 152 1871 LXX
170 1809 230 1892 hm,
261 1811 391 1872 LIXXI
406 1830 431 1872 c.
461 1811 548 1887 foeni
570 1815 673 1888 pondo
702 1813 814 1873 LXXI
837 1813 916 1873 edita
945 1823 1012 1875 ante
1041 1812 1204 1874 Victorium

55 1917 246 1999 exemplaria,
266 1918 354 1994 foeni
370 1921 472 1995 pondo
497 1919 628 1979 mm
657 1917 806 1979 Victorius
830 1930 860 1980 et
883 1919 993 1981 deinde
1014 1920 1121 2000 reliqui
1146 1921 1205 1980 edi-

55 2034 153 2107 torcs;
187 2024 279 2086 voluit
307 2034 405 2085 autern
438 2027 538 2104 potius
562 2021 685 2086 mxxc.
732 2026 768 2086 de
792 2026 899 2104 pabulo
924 2026 1013 2086 boum
1037 2029 1205 2087 accuratius

56 2135 213 2212 praecepit
235 2132 396 2194 Columella
420 2131 456 2193 Vl
476 2130 496 2194 3
515 2141 545 2193 et
564 2131 603 2192 lll
623 2131 652 2214 2,
672 2130 714 2193 99
735 2152 799 2213 sqq.
828 2135 898 2212 quid
918 2133 989 2195 Cato
1010 2136 1204 2214 praeceperit,

56 2259 116 2300 uon
140 2248 273 2321 constat3
297 2240 347 2300 sed
373 2258 475 2299 vorum
500 2240 617 2301 videtur
640 2255 706 2299 esse
727 2238 816 2315 faeni
834 2244 935 2316 portato
959 2242 1060 2302 DXX.
1098 2241 1205 2301 deinde

54 2351 160 2425 ocyma·
190 2350 365 2408 tantundem
398 2341 472 2429 (non
502 2343 648 2426 totidem),
678 2346 773 2422 [abac
805 2351 919 2408 modios
949 2349 1015 2407 XX
1045 2347 1204 2408 iucundus

53 2474 216 2517 numerum
240 2455 385 2516 excidisse
408 2453 574 2534 ponderum
599 2456 677 2514 ocini
702 2453 902 2515 Schneiderus
926 2454 1082 2515 adnotavit.

145 2580 337 2641 Praeterea
370 2581 540 2659 granatui
573 2580 696 2641 oideto
729 2581 783 2640 uti
814 2576 904 2640 satis
938 2582 1055 2640 uiciac
1089 2578 1201 2658 seras]

55 2691 216 2750 Granatut'
238 2688 404 2767 apographa
433 2696 462 2748 et
491 2707 526 2748 er
554 2687 713 2766 archetypo
737 2685 899 2761 Victorius,
926 2691 1097 2762 poneretim
1126 2688 1203 2748 edita

51 2805 124 2858 ante
149 2795 312 2856 Victorium
342 2795 533 2874 exemplaria,
567 2793 618 2855 ubi
645 2793 809 2855 Politianus
841 2797 870 2854 in
901 2797 1031 2874 margine
1059 2797 1204 2874 principis

51 2903 197 2964 editionis
223 2904 378 2963 Granatui
399 2903 564 2981 adscripsit.
609 2906 760 2977 precatui
781 2921 885 2963 serere
908 2901 1066 2963 Turnebus
1090 2903 1202 2962 advers

52 3009 83 3092 6,
104 3007 150 3072 23
179 3009 336 3089 explicarit
363 3006 511 3088 ‘granatui
543 3010 667 3090 seritur,
700 3009 778 3088 quod
807 3028 866 3069 uon
894 3011 1018 3090 seritur,
1049 3020 1081 3070 ut
1108 3009 1202 3069 viride

50 3116 197 3197 pabulum
222 3119 422 3177 iumentorum
446 3116 633 3196 subsecctur,
656 3116 708 3176 sed
733 3127 766 3176 ut
790 3116 824 3176 ad
849 3134 972 3194 granum
996 3118 1149 3196 perveniat
1173 3125 1203 3176 et

51 3219 194 3305 lrugem'.
246 3233 413 3302 propterea
447 3244 502 3304 pro
531 3232 697 3301 praeterea
730 3222 920 3283 scribendum
954 3242 1019 3284 esse
1052 3223 1202 3283 Gesnerus

50 3334 192 3393 coniecit

145 3458 213 3517 LXI
238 3464 253 3517 1
281 3457 371 3528 Ouid
396 3467 451 3518 est
475 3474 596 3535 agrum
620 3454 710 3516 bene
734 3454 855 3515 colere
879 3453 968 3515 bene
992 3472 1093 3514 arare
1118 3456 1201 3533 qnid

50 3565 255 3626 secundum
287 3583 388 3624 arare
421 3563 505 3643 quid
540 3565 651 3623 tertio
683 3561 905 3640 stercorare]
933 3560 1202 3622 Plin.xv111174
1244 3630 1247 3635 .

51 3675 91 3735 In
122 3675 246 3733 arando
274 3690 458 3748 mapnopere
484 3674 669 3732 servandum
696 3678 739 3731 est
766 3672 888 3731 Catonis
916 3674 1088 3746 oraculum,
1117 3665 1205 3745 ‘quid

51 3787 99 3841 est
131 3781 207 3840 bene
239 3798 349 3854 aprum
382 3781 503 3840 colere?
535 3781 610 3839 dene
642 3796 745 3838 erare.
783 3781 858 3853 quid
888 3781 1074 3837 secundum?
1108 3796 1203 3838 crore

53 3881 167 3969 (arare
189 3889 220 3947 in
245 3886 398 3948 codicibus
422 3888 565 3947 omissum
590 3894 644 3966 cst,
668 3885 733 3946 add.
757 3877 910 3965 editores).
957 3887 1032 3959 quid
1061 3888 1202 3944 tertium?

55 4002 242 4055 stercorare.
271 3997 356 4054 sulco
380 3996 467 4054 vario
490 4012 529 4054 ne
553 4010 632 4067 ores,
656 3984 831 4070 tempestive
844 3985 935 4051 orcs'.
963 3990 1040 4070 apud
1061 3990 1200 4050 Catonem

58 4103 132 4175 quid
153 4104 275 4161 tertium
299 4099 450 4161 iucundus
474 4118 510 4160 ex
532 4098 628 4159 Plinio
651 4101 792 4160 restituit.

145 4224 211 4296 Qui
230 4224 363 4285 oletum
383 4225 596 4304 saepissime
615 4231 650 4283 et
670 4223 866 4283 altissimas
882 4223 1022 4283 radices
1038 4222 1201 4283 exarabit

68 4331 202 4393 simale
231 4331 349 4392 arabit
375 4331 518 4393 radices
547 4348 666 4390 susum
694 4330 845 4391 adibunt
878 4332 1078 4390 crassiores
1111 4329 1201 4390 licut

72 4445 99 4496 et
117 4441 157 4516 in·
172 4440 317 4501 radices
340 4441 440 4500 uires
464 4438 563 4500 oleae
587 4436 749 4515 abibunt]
774 4436 861 4497 Plinii
880 4445 1019 4518 excerpta
1039 4438 1075 4497 de
1094 4437 1200 4498 oliveto
