2874 4994
309 323 356 377 DE
375 323 464 379 AGRI
484 324 656 380 CVLTVRA
676 327 815 380 LlBRVM
835 325 864 381 (l.
880 324 1011 382 37-38
1192 318 1233 382 73

86 481 206 542 monuit
224 497 284 540 nou
303 478 339 540 de
359 481 471 542 liscinis
486 480 559 542 haec
579 481 751 563 praescribi,
769 482 822 542 sed
841 482 981 542 lasclnam
1000 501 1016 542 a
1032 483 1110 543 lasce
1126 482 1234 543 dictam

87 607 165 670 esse,
189 605 368 667 quamquam
391 587 428 649 ab
447 587 511 649 aliis
530 589 559 649 id
579 587 754 650 vocabulum
773 597 950 668 usurpatum
969 608 1028 650 non
1048 597 1102 651 est.
1135 591 1234 669 itaque

87 714 142 775 per
168 694 297 755 hiemem
325 711 361 754 ex
392 695 487 755 vineis
511 704 540 755 et
563 695 693 757 arbustis
715 706 783 775 post
806 699 990 776 putationem
1013 705 1161 757 sarmenta
1185 697 1235 757 de-

87 802 220 882 gerenda
247 810 330 863 strat:
358 820 393 862 ex
422 802 469 862 bis
498 803 607 863 lascina
636 803 768 864 iacienda
797 811 855 884 est,
883 806 958 864 vites
981 813 1080 865 autem
1104 813 1134 865 et
1157 804 1235 882 ligna

87 909 217 970 licrdnea
241 918 271 969 et
293 907 421 970 codicilli
444 912 475 969 in
500 928 587 970 usum
606 910 719 971 domini
737 912 767 971 in
787 929 925 972 acervum
944 911 1137 990 conponenda
1157 919 1236 991 sunt,

88 1020 128 1079 de
151 1021 241 1078 uluec
265 1024 295 1079 et
317 1019 481 1078 arboribus
500 1023 617 1096 putatis
639 1026 795 1080 sarmento
819 1022 931 1094 decere
950 1028 978 1080 et
993 1017 1147 1094 [oscinum
1163 1018 1236 1094 sace
1328 1003 1334 1014 ’

88 1134 118 1187 et
142 1128 213 1185 uites
230 1132 260 1185 et
278 1126 362 1199 tiana
382 1128 413 1185 iu
433 1128 584 1185 cuminum
600 1129 718 1198 ficulna
737 1132 766 1187 et
784 1128 939 1187 codicillos
958 1129 1077 1187 domiuo
1097 1129 1128 1185 in
1147 1143 1236 1187 ocer-

89 1250 159 1294 uum
185 1249 329 1308 conpone.
375 1231 512 1292 similiter
535 1228 627 1314 50,2
651 1234 704 1293 ubi
724 1236 843 1293 uincam
867 1236 1069 1311 deputaveris,
1093 1250 1235 1294 aceruum

89 1344 244 1416 liquorum
266 1341 484 1414 corporumque
504 1338 610 1414 facito.

179 1443 380 1507 XXXVIIII
410 1444 677 1525 Fornacemque
705 1445 795 1507 bene
823 1448 956 1507 struito
986 1447 1096 1508 tacito
1120 1447 1236 1508 lortax

91 1561 204 1614 totam
223 1552 404 1613 fornacem
424 1553 582 1614 lnlimam
601 1553 877 1634 complectatur]
888 1556 1057 1615 Fornacem
1072 1556 1147 1615 bene
1160 1557 1240 1615 strui

87 1659 198 1736 facito,
218 1659 308 1736 soros
331 1668 424 1723 totum
443 1660 605 1737 sornucem
629 1663 762 1734 infimam
786 1664 1004 1737 complectatur
1026 1660 1151 1742 Merula,
1171 1661 1238 1738 sor·

90 1785 201 1829 necem
224 1770 299 1828 bene
321 1769 430 1827 struite
451 1766 626 1842 sarcitoque
645 1766 742 1843 sorus,
766 1776 800 1828 ut
817 1774 909 1829 totum
926 1767 1086 1843 fornacem
1105 1771 1238 1842 infimam

91 1878 314 1952 complectatur
333 1873 493 1934 Iucundos,
531 1868 648 1934 ‘Facito
673 1874 766 1934 lortax
787 1883 877 1934 totam
897 1875 1046 1935 fornacem
1066 1884 1135 1936 ete:
1158 1874 1238 1935 llaec

91 1991 139 2043 est
167 1983 287 2060 antiqua
315 1979 416 2059 lectio,
445 1998 532 2059 quam
560 1980 608 2041 bic
636 1983 833 2060 reposuimus.
878 1999 1065 2041 communem
1094 1983 1173 2042 enirn
1196 1984 1239 2042 in-

91 2107 180 2149 anem
205 2089 501 2166 commenticiamque
524 2089 700 2166 putavimus.
748 2087 826 2148 illins
850 2091 928 2148 enim
953 2091 983 2149 in
1006 2107 1094 2149 manu
1119 2089 1239 2168 scriptis

91 2194 249 2256 codicibus
277 2196 433 2272 restIgium
458 2190 588 2255 nullum’
614 2193 771 2255 Victorius.
817 2194 927 2255 dicitur
950 2203 1047 2255 autem
1072 2195 1165 2255 lortax
1190 2213 1238 2275 ap·

91 2311 216 2384 paratus
244 2301 363 2380 quidam
391 2303 422 2361 in
446 2304 502 2361 ima
527 2302 646 2361 fornace
671 2302 779 2381 lactus,
807 2304 838 2361 in
862 2321 920 2381 quo
943 2300 1056 2379 lapides
1079 2309 1241 2381 portantur,

92 2421 127 2472 ut
157 2408 293 2471 subiecto
320 2411 388 2487 igne
418 2416 597 2487 coquantur,
625 2411 744 2495 nomiae
772 2427 788 2468 a
818 2427 925 2486 graeco
949 2405 1240 2490 vocabuloepdpruss

92 2518 196 2579 ducto.
246 2515 386 2595 Hesyebii
414 2514 540 2593 glossam
568 2513 688 2597 ταρρὸς
716 2513 813 2588 λίθος
840 2511 858 2576 d
885 2511 973 2575 κάτω
1000 2509 1175 2595 τιθέμενος
1203 2511 1240 2577 ἐν

90 2629 140 2709 τῷ
166 2621 250 2706 ἰπνῷ
275 2618 312 2684 ἐν
329 2629 400 2695 τοῖς
418 2623 634 2703 peartaneu
653 2622 812 2684 Turnebus
832 2623 944 2683 advers.
966 2618 1074 2701 11,13
1093 2623 1239 2700 adposuit.

186 2729 207 2790 2
236 2731 272 2790 Si
299 2728 438 2790 duobus
466 2730 673 2809 praelurnis
701 2725 847 2810 coques]
873 2728 1057 2805 Praesurnts
1085 2732 1114 2788 in
1139 2729 1240 2789 arche-

91 2848 166 2919 typo
190 2838 335 2916 scriptum
359 2845 423 2897 erat
446 2845 476 2896 et
499 2833 586 2915 64,2
610 2839 705 2897 modis
728 2854 782 2915 pro
805 2840 925 2910 modies,
949 2837 1028 2915 ‹prrod
1051 2839 1177 2897 correxi.

186 2944 353 3023 Lapidem
386 2943 514 3004 bonum
546 2946 580 3003 in
609 2944 789 3004 fornacem
818 2962 919 3022 quam
947 2943 1240 3004 candidissimum

92 3070 198 3133 quam
217 3053 359 3112 minime
379 3052 515 3110 varium
534 3049 662 3128 indito]
684 3053 780 3123 Quom
799 3054 997 3111 diutissimum
1012 3049 1132 3129 Merula,
1151 3068 1241 3125 quum

90 3163 290 3221 durissimum
322 3156 489 3236 Iucundos,
522 3174 611 3232 quum
645 3160 838 3218 durissimum
870 3176 960 3232 quum
992 3160 1239 3218 candidissimum

90 3264 244 3345 Angelius.
300 3263 451 3343 archetypi
489 3263 645 3324 lectionem
682 3282 773 3339 quum
810 3265 1058 3325 candidissimum
1092 3263 1239 3324 Victorius

89 3373 235 3434 restituit
272 3370 346 3431 Plio.
366 3369 484 3430 xxxvl
502 3369 564 3431 174
587 3375 702 3433 calcem
724 3390 742 3432 e
761 3374 847 3430 uario
867 3373 968 3447 lupide
991 3371 1063 3430 Coto
1083 3376 1239 3432 censorius

90 3480 251 3557 inprobat,
275 3496 316 3538 ex
338 3478 407 3539 albo
429 3481 543 3539 melior.

186 3584 207 3648 3
226 3585 263 3645 Si
281 3601 404 3663 parum
422 3584 529 3645 altam
546 3585 726 3644 fornacem
741 3584 890 3656 babebis
905 3584 966 3645 ubi
981 3585 1092 3645 lacius
1106 3583 1240 3644 lateres

91 3710 265 3755 summam
284 3692 437 3752 statuite
456 3700 516 3751 aut
535 3693 708 3752 cementis
727 3710 804 3752 cum
824 3692 898 3752 luto
919 3710 1084 3752 summam
1104 3693 1239 3752 extrin-

91 3817 203 3862 secus
222 3793 389 3878 oblinito]
414 3799 471 3858 Ubi
483 3798 584 3875 socies
604 3803 715 3860 luteres
735 3817 772 3858 m.
800 3803 828 3859 sl
841 3817 954 3875 porum
973 3803 1065 3859 ultum
1081 3799 1240 3875 fornacem

90 3908 230 3980 babebis,
249 3908 303 3966 ubl
317 3906 417 3981 facies
436 3910 556 3982 luteres,
574 3924 719 3986 summum
738 3909 862 3966 statuito
881 3913 935 3965 cut
953 3910 1083 3966 cementi
1097 3925 1241 3967 summum

90 4031 167 4076 cum
185 4017 248 4074 luto
267 4017 458 4074 extrinsecus
477 4015 600 4074 oblinito
619 4012 740 4074 Merula.
772 4030 917 4073 summum
936 4016 1059 4073 statutio
1079 4012 1241 4072 Politianns

90 4137 166 4181 cum
193 4119 384 4198 apographis:
412 4137 479 4180 nam
508 4118 580 4179 lalso
609 4119 760 4179 Gesnerus
787 4137 932 4180 summum
955 4117 1100 4178 Politiano
1127 4117 1241 4178 tribuit.

89 4225 203 4287 deinde
235 4242 380 4286 summam
412 4230 603 4287 extrinsecus
636 4227 733 4285 omnia
766 4225 946 4304 apographa:
978 4227 1073 4284 errori
1106 4224 1241 4284 Politiani

90 4332 290 4395 tribuendum
317 4342 376 4414 est,
409 4333 487 4412 qatod
516 4334 547 4393 in
575 4331 750 4411 corrigenda
778 4331 904 4392 lectione
932 4333 1075 4411 principis
1103 4332 1242 4392 editionis

91 4456 270 4514 commemo.
291 4447 359 4501 ante
373 4444 564 4502 extrinsecus
578 4458 614 4499 ex
629 4438 731 4500 codice
747 4439 903 4499 adnotavit.
936 4440 1007 4500 item
1023 4441 1119 4499 errori
1134 4439 1242 4520 tribuo,
