2874 4994
140 313 205 381 268
481 321 672 378 COMMENT.
690 321 730 377 IN
749 319 938 378 VARRONIS

40 537 43 557 ,
142 477 225 561 haec,
247 480 358 541 similes
382 477 469 556 socie
491 487 521 540 et
540 477 626 556 sacia
653 480 919 560 incontaminatae,
941 477 973 538 in
996 491 1086 538 unam
1107 476 1247 539 mntentbn

144 585 279 665 copulata
303 594 395 647 erant.
500 660 504 665 Ι
886 648 888 651 .
1114 602 1116 606 ’

233 691 272 755 17
305 693 436 755 Contra
467 700 606 755 montes
636 692 797 773 ligusens
830 692 1053 757 intimlnlum
1084 688 1189 753 album
1210 693 1248 753 in·

141 797 309 880 gaunum]
346 802 522 862 Intimilium
554 800 755 862 Mommsenus
787 798 865 862 cit
897 797 997 862 nvn
1020 817 1049 881 p.
1068 794 1139 861 900.
1169 799 1248 860 Aban

142 909 314 983 Ingaunum
338 907 470 969 defendit
498 908 576 969 idem
599 927 627 988 p.
647 903 722 969 894.
766 909 885 968 nomina
914 914 1015 968 autem
1045 886 1166 986 duorum
1190 907 1248 986 oppi-

142 1013 248 1076 dorum
267 1015 413 1076 adsitum
433 1015 546 1077 insulae
562 1017 729 1077 accuratius
744 1013 945 1076 definiendum
958 1012 1060 1076 addite
1077 1020 1152 1075 sunt
1173 1000 1249 1095 putei

142 1121 290 1203 adscripta
313 1131 343 1184 et
368 1122 463 1184 alieno
486 1122 552 1184 loco
576 1125 686 1184 inserta
706 1141 772 1184 esse
791 1124 910 1183 nomina
933 1119 1058 1203 putabat
1076 1119 1249 1183 Schneiderss

230 1228 300 1290 Alii
336 1229 376 1291 ab
412 1229 468 1291 bis
505 1229 685 1292 nillaticis
721 1231 879 1293 inuectis
911 1246 929 1290 n
960 1230 1084 1291 nautis
1114 1225 1161 1290 ibi
1187 1228 1251 1289 ieris

142 1335 249 1398 iactis
286 1337 509 1417 procreatis]
549 1326 735 1400 &ocreatus
772 1341 874 1400 uolunt
904 1335 927 1399 Ι.
950 1335 983 1398 F.
1006 1335 1169 1397 Gronovius
1196 1333 1251 1415 apud
1296 1372 1297 1377 κ

144 1442 369 1510 Schneiderum.
414 1445 462 1506 alii
486 1464 502 1506 a
526 1443 660 1506 villaticis
684 1442 813 1526 gallinis,
837 1461 952 1524 quaen
984 1443 1086 1504 nautis
1106 1442 1138 1502 in
1156 1439 1251 1502 insulan

141 1551 274 1611 invectae
298 1551 399 1633 ibique
424 1552 503 1612 lenae
528 1552 620 1613 iactae
644 1558 674 1613 et
697 1559 869 1632 procreatae
893 1557 1008 1633 essent,
1030 1547 1156 1610 insulam
1181 1547 1253 1629 appel·

143 1655 230 1718 latam
255 1677 321 1720 esse
345 1658 455 1721 dicunt

234 1763 273 1828 18
309 1767 473 1829 Gibbcrioe
502 1768 532 1827 in
561 1767 721 1847 archetypo
752 1766 821 1848 iuit,
848 1769 997 1843 gibberae
1019 1764 1176 1827 Iucundus.
1202 1762 1255 1824 Plln.

142 1869 168 1930 X
189 1868 231 1933 74
254 1876 346 1934 simili
367 1876 453 1936 modo
472 1881 614 1951 pugnant
636 1876 836 1949 metenartaes
861 1876 892 1934 in
915 1874 1056 1935 Boeotia:
1080 1871 1200 1949 Africae
1216 1871 1258 1930 boc

143 1987 188 2041 cst
217 1983 404 2056 gallinarum
434 1999 532 2057 penus
561 1983 722 2058 gibborum
754 1985 850 2042 unnim
883 1997 1025 2056 sparsum
1053 1982 1175 2057 plumt's:
1201 1994 1260 2053 auct

142 2088 323 2148 novissimae
345 2093 416 2148 sunt
430 2090 669 2165 percarinarum
692 2090 792 2148 avium
815 2090 846 2148 in
865 2104 984 2149 mensas
1003 2093 1147 2163 receptae
1159 2091 1261 2163 proptu

145 2196 300 2269 inaratam
323 2197 415 2257 airus.
461 2212 565 2255 acrum
589 2196 743 2271 Meleagri
764 2198 895 2256 tumulus
917 2194 1032 2255 modius
1056 2209 1109 2255 eas
1127 2191 1206 2268 [ecit

231 2300 324 2363 Haec
357 2303 578 2364 nobissimae
611 2305 645 2363 in
679 2302 881 2364 triclinium
913 2301 1104 2381 genunium
1135 2298 1263 2360 introis·

146 2407 243 2487 runt]
271 2410 457 2472 Ganearium
481 2409 558 2471 edita
582 2410 651 2471 inde
674 2409 710 2471 ab
734 2409 837 2471 Aldina
860 2408 990 2471 editione
1019 2406 1208 2487 attemptarit,¹
1224 2408 1263 2465 tri·

142 2521 266 2579 oliniam
291 2536 406 2580 coenae
437 2521 537 2579 avium
560 2515 719 2578 Turnebus
747 2516 859 2578 advers.
880 2512 930 2598 19,
948 2512 1006 2596 28,
1030 2517 1195 2591 annianum
1213 2512 1265 2572 Soa·

142 2623 225 2707 liger,
244 2628 487 2702 alieniacnarum
511 2624 675 2687 Pontedera
694 2644 722 2705 p.
736 2620 810 2686 453.
846 2626 1016 2700 pancarius
1035 2641 1052 2683 a
1070 2638 1162 2702 ganea
1179 2620 1265 2700 legitur

144 2733 175 2791 in
190 2732 297 2811 glossis
311 2731 530 2811 graeco-latinis
551 2752 575 2793 r.
591 2731 617 2792 ll
631 2752 659 2812 p.
674 2727 749 2812 249,
764 2729 807 2795 30
825 2722 955 2803 ἄσωτος
969 2733 1141 2806 pancarius
1158 2731 1266 2790 lasciuus

143 2842 328 2899 luxuriosus.
374 2838 426 2899 sed
451 2857 546 2918 neque
570 2840 741 2919 gausarium
765 2836 926 2899 triclinium
957 2836 993 2898 de
1017 2839 1100 2898 cenis
1123 2836 1264 2898 luxurioso·

144 2964 212 3006 rum
241 2944 393 3008 hominum
425 2945 483 3007 dici
513 2954 643 3027 poterat,
667 2964 763 3025 neque
795 2944 831 3006 de
860 2945 977 3007 luxuria
1006 2943 1081 3005 baec
1111 2962 1128 3004 a
1156 2941 1263 3003 Varrone

146 3054 257 3132 scripta
289 3062 373 3135 sunt,
405 3052 457 3114 sed
489 3052 526 3114 de
564 3072 619 3114 usu
653 3071 801 3114 cenarum.
849 3071 940 3132 quare
978 3053 1086 3132 scripsi
1123 3052 1263 3113 triclinium

145 3164 327 3222 cenantium.

234 3265 274 3330 19
317 3268 432 3351 Mptus
468 3286 589 3330 earum
631 3276 665 3329 et
701 3266 760 3328 lux
796 3264 1068 3348 pinguitudinis
1106 3260 1262 3340 uindicta]

143 3375 259 3437 Earum
284 3377 380 3436 omnia
405 3375 585 3458 apographa,
609 3392 712 3437 eorum
736 3374 826 3436 editio
856 3377 1035 3456 princepsa
1060 3372 1200 3435 Politiano
1218 3387 1261 3432 nnn

142 3489 286 3543 correcta.
329 3485 541 3559 pinguitudini
572 3484 697 3543 inimico
730 3481 807 3543 edita
839 3481 908 3556 inde
940 3501 956 3543 a
988 3482 1125 3562 principe
1157 3479 1260 3542 editiom

144 3587 330 3668 exemplaria.
370 3588 521 3670 archetypi
546 3589 703 3651 lectionem
722 3608 738 3650 a
758 3588 887 3650 Victoria
911 3587 1070 3650 indicatam
1090 3587 1261 3650 defenderunt

142 3694 301 3755 Turnebus
329 3695 442 3757 advers.
463 3695 512 3778 19,
532 3695 574 3760 28
607 3705 638 3758 et
665 3696 808 3778 Scaliger,
838 3698 889 3777 qui
919 3696 1079 3758 vindictam
1108 3688 1259 3776 ἀφαίρεσιν

142 3803 364 3883 interpretatur.
402 3806 500 3866 iocose
519 3813 619 3865 motus
642 3812 673 3866 ct
696 3804 745 3866 lux
769 3806 854 3885 quasi
878 3803 1005 3864 vindicta
1029 3805 1158 3865 existere
1175 3803 1259 3863 dicitur

141 3908 265 3992 gallinis,
285 3930 342 3991 qua
362 3911 427 3972 illae
451 3931 466 3973 a
490 3912 698 3993 pinguitudine
716 3912 904 3974 vindicantur
923 3920 954 3974 et
972 3912 1003 3973 in
1026 3910 1153 3973 liberum
1174 3916 1257 3971 statun

144 4020 353 4080 restituuntur.

233 4126 347 4186 Tbetim
371 4129 471 4189 tlteit'm
496 4130 638 4191 dicebant
660 4127 787 4208 plurima
806 4126 981 4208 apographa.
1019 4128 1119 4189 minus
1140 4129 1258 4196 amunte,

142 4242 175 4293 ut
200 4230 329 4313 ridetur,
354 4232 530 4317 Politianus,
554 4254 621 4297 eum
651 4238 682 4296 in
706 4237 839 4315 principe
864 4235 994 4296 editione
1022 4237 1118 4296 tbctin
1145 4232 1258 4296 dicebant

141 4356 315 4418 expressum
339 4350 427 4423 essct,
450 4346 544 4404 ibelim
567 4342 687 4404 addidit.
725 4344 818 4405 tactim
842 4345 945 4404 ibelim
968 4359 1005 4402 ex
1029 4340 1134 4402 Aldina
1155 4338 1257 4401 miton

108 4481 111 4487 ·
141 4444 297 4508 Victorius.
344 4448 534 4510 scribendum
563 4451 663 4530 potius
691 4457 755 4510 erat
782 4449 886 4511 lbetin
914 4450 1020 4512 Telim:
1042 4447 1126 4510 Varr.
1151 4447 1183 4508 de
1203 4442 1257 4518 lint·
1294 4490 1298 4572 ,
