2874 4994
144 330 209 394 160
433 367 437 377 ·
504 338 694 394 couniunt.
714 339 755 393 IN
774 337 931 394 CATONIS

139 496 295 570 promittet
308 511 414 574 parum
429 502 496 573 apte
512 494 666 556 bekkorus
680 493 698 554 l.
714 513 738 554 c.
754 512 781 573 p.
792 491 858 557 433
875 492 1018 555 deiendit.
1052 511 1121 554 nam
1136 494 1168 553 in
1181 494 1277 571 irriguo

143 609 242 681 prato,
271 609 427 681 antequam
457 603 545 661 vieini
574 620 680 681 aquam
704 604 735 661 in
759 609 842 681 prata
865 602 1050 681 inmiserint,
1078 598 1187 681 pabulo
1205 598 1278 659 dece·

143 706 272 768 deudum
293 717 345 769 est.
377 711 476 789 itaque
492 709 674 788 redemptori
690 717 817 791 ternpus,
836 726 896 788 quo
910 706 1019 787 pabulo
1034 707 1184 769 decedere
1196 704 1279 787 debet,

142 816 336 876 constituitur
360 818 389 875 in
415 827 499 894 prato
525 818 613 897 sicco,
637 816 756 896 quando
780 818 865 894 pirus
888 814 996 875 llorere
1020 816 1132 895 coepit,
1155 815 1185 874 iu
1206 821 1278 893 prato

142 922 270 1002 inriguo,
293 923 411 1002 quando
436 925 534 1004 vicini,
558 925 611 1002 qui
635 932 717 1002 prata
737 921 914 1002 irrigabunt,
936 921 1124 1003 permittent,
1147 919 1193 981 vel
1209 930 1280 982 certa

142 1029 260 1090 diesin
285 1040 412 1110 utroque
436 1049 546 1108 genere
570 1041 722 1110 pratorum
747 1030 898 1091 definitur.

231 1135 252 1197 2
281 1137 401 1199 Bubus
429 1138 573 1198 domitis
602 1137 708 1198 bimis
737 1136 926 1198 cantherio
953 1137 1030 1197 uini
1053 1153 1134 1197 cum
1156 1143 1281 1216 emptor

142 1251 267 1323 pascet
290 1245 430 1304 domino
454 1263 603 1323 pascere
628 1246 816 1324 recipitur.
853 1242 990 1304 boleris
1013 1245 1204 1323 asparagis
1224 1241 1281 1322 lig-

143 1353 198 1410 nis
222 1369 311 1430 aqua
335 1353 467 1412 itinere
487 1359 567 1412 actu
587 1352 721 1412 domiui
740 1353 860 1412 usioni
878 1348 1074 1431 recipitur]
1095 1351 1184 1412 Bittis
1200 1348 1282 1410 codex

142 1457 292 1518 blediceus
316 1477 344 1518 nr
369 1470 399 1518 et
422 1459 500 1518 edita
525 1466 591 1518 ante
618 1456 779 1519 Victorium
804 1456 991 1535 exemplaria.
1033 1459 1123 1517 bimis
1146 1454 1283 1517 Victorius

140 1583 176 1624 ux
206 1564 308 1625 codice
336 1574 506 1643 receperat,
535 1568 614 1626 binis
642 1564 818 1644 Sylburgius
846 1567 876 1624 in
905 1563 1036 1624 editione
1062 1562 1284 1625 Commeliuiam

142 1673 282 1732 restituit.
320 1676 459 1733 colatorio
483 1676 539 1733 unt
556 1672 676 1733 llevula.
714 1672 822 1732 deinde
844 1675 965 1734 domino
980 1689 1116 1748 poscere
1139 1672 1285 1748 reeipitor,

142 1781 233 1839 oleris
261 1782 424 1856 asparagis
453 1782 543 1854 lionis
571 1798 653 1854 aquo
680 1782 790 1839 itinere
813 1786 886 1840 octo
910 1781 1030 1840 domiuo
1054 1780 1124 1839 usto
1148 1778 1285 1853 recipitur

142 1884 163 1946 l.
191 1884 223 1944 F.
252 1884 419 1945 Gronovius
452 1887 482 1945 in
512 1885 616 1946 Scuec.
645 1885 754 1946 consol.
783 1884 828 1945 ad.
857 1883 946 1945 blare.
975 1902 1001 1946 c.
1027 1881 1069 1947 10
1103 1881 1285 1945 scribendum

143 1992 283 2071 coniecit,
308 1999 341 2052 ut
369 2010 437 2052 cum
466 1995 586 2053 nomino
610 1996 676 2054 usto
700 1991 846 2053 ablativus
869 2009 957 2052 casus
985 1992 1029 2052 sic
1052 2000 1088 2051 ut
1111 2010 1183 2053 cum
1207 1988 1286 2051 verbo

144 2101 191 2159 uti
207 2100 450 2181 coniungeretur,
470 2095 604 2179 ‘perinde
625 2119 658 2160 ae
678 2102 703 2160 si
723 2100 838 2160 diceret
856 2099 976 2159 domino
991 2096 1128 2159 oleribus
1142 2107 1174 2159 et
1189 2098 1286 2159 ceteris

144 2207 188 2266 uti
206 2201 370 2285 recipitor'.
406 2209 437 2267 in
457 2208 625 2268 venditione
645 2206 746 2287 pabuli
765 2206 884 2267 domino
904 2205 988 2266 iundi
1003 2207 1200 2285 exceptiones
1214 2204 1287 2284 fiunt,

143 2315 272 2392 primum
295 2322 329 2374 ut
352 2322 429 2395 tum,
457 2334 524 2375 cum
549 2324 665 2394 emptor
689 2324 806 2395 pascet,
834 2312 932 2374 bubus
956 2312 1079 2372 domitis
1103 2311 1198 2391 binis,
1221 2310 1248 2371 b.
1266 2328 1287 2370 e.

144 2419 261 2481 duobus
285 2423 362 2499 iugis
387 2421 485 2501 boum,
510 2431 540 2482 et
563 2420 716 2483 eantherio
741 2424 793 2482 uni
812 2438 956 2500 pascuum
975 2417 1168 2500 praebeatur,
1192 2416 1287 2480 deinde

144 2537 178 2587 ut
196 2527 293 2587 aditus
312 2538 410 2607 pateat
429 2529 463 2588 ad
484 2528 594 2609 holera,
613 2545 781 2609 asparagos,
800 2527 887 2609 ligna,
906 2546 1022 2608 aquam,
1041 2528 1115 2587 item
1134 2525 1173 2587 ad
1193 2526 1287 2586 itinera

145 2642 175 2693 ot
203 2644 299 2713 aetus,
327 2637 357 2694 iu
386 2634 496 2713 quibus
520 2645 550 2695 et
573 2635 708 2695 homiues
732 2634 883 2694 ambulare
907 2643 938 2694 ct
961 2652 1070 2695 currus
1095 2632 1142 2693 vel
1167 2634 1288 2694 iumenta

144 2741 192 2817 agi
220 2742 343 2818 possint.
394 2759 462 2801 uam
490 2741 659 2803 nominibus
692 2745 804 2802 leoleris
837 2744 1000 2818 osporopis
1028 2758 1096 2819 sqq.
1124 2739 1288 2801 indicantur

145 2865 202 2927 ros,
226 2847 334 2926 quibus
359 2848 488 2909 efficitur
508 2858 541 2909 ut
560 2850 751 2926 exceptiones
770 2847 806 2907 ad
825 2866 913 2908 usum
933 2846 1044 2907 domini
1064 2846 1148 2907 fiant.
1187 2848 1289 2909 ltolerb

144 2972 199 3033 pro
228 2952 380 3036 holeribus
408 2953 520 3014 dictum
544 2955 710 3015 Gronovius
739 2954 871 3015 delendit
899 2954 1050 3033 adscripto
1074 2952 1189 3015 Lucilii
1211 2970 1288 3013 versu

144 3058 222 3139 apud
246 3058 373 3119 Nouium
397 3078 424 3138 p.
443 3057 518 3141 490,
533 3059 575 3121 22
600 3063 780 3122 Holerorum
801 3079 860 3137 pro
883 3064 1036 3121 dolorum:
1058 3061 1204 3121 Lucilius
1224 3061 1288 3120 soti·

145 3184 251 3226 rurum
267 3168 315 3225 tto.
327 3167 392 3225 ΧΓ
403 3161 661 3229 ‘Ttrrtiaaobutum
681 3170 765 3229 obest
784 3170 856 3228 ltine
873 3171 1085 3245 surpiculique
1099 3161 1287 3229 bolerorum’.

145 3273 269 3333 candem
292 3275 422 3350 genetivi
445 3274 568 3334 sormam
588 3273 720 3334 liovliius
744 3293 840 3336 exerc.
864 3276 930 3335 crit.
953 3277 983 3335 in
1003 3277 1094 3353 prisc.
1113 3282 1197 3355 poet
1215 3274 1288 3335 Rom

145 3372 278 3461 (Bouuac
302 3398 326 3440 a.
353 3374 453 3463 1851)
477 3399 504 3459 p.
526 3378 567 3441 15
592 3381 705 3441 Lucilio
729 3379 835 3441 tribuit
857 3381 934 3460 apud
959 3380 1090 3441 Nonium
1114 3400 1145 3461 p.
1167 3376 1290 3465 tuoto

142 3490 234 3563 pleno
258 3505 330 3546 aoso
350 3490 510 3547 uterorum.
549 3488 585 3547 de
605 3488 765 3549 indicativo
784 3490 951 3566 praesentis
970 3490 1118 3566 temporis
1137 3492 1290 3567 receptu,

145 3612 200 3673 pro
225 3612 282 3671 quo
302 3592 468 3653 Gronovius
491 3605 618 3674 utroque
637 3594 702 3656 loco
726 3596 934 3674 imperativum
958 3598 1110 3671 recipitur
1133 3595 1290 3673 substituit,

146 3700 177 3758 in
201 3699 247 3758 bis
271 3701 478 3779 exueptiouum
503 3701 637 3762 turmulis
661 3701 856 3762 dubitandum
880 3718 940 3761 non
964 3710 1036 3762 erat
1080 3720 1152 3763 nam
1178 3705 1209 3764 in
1229 3700 1289 3762 reli·

147 3806 214 3884 quis
238 3805 326 3865 luvius
350 3807 428 3866 modi
453 3811 620 3887 praeceptis
639 3808 710 3869 Galo
735 3807 780 3868 vel
804 3808 904 3868 iuturo
929 3817 1064 3889 tempore
1088 3828 1167 3871 usus
1189 3818 1234 3871 est
1250 3806 1290 3869 vel

146 3914 320 3992 imperativo
345 3923 375 3973 et
398 3917 596 3977 eorviuuctivo.

236 4020 361 4099 Siquid
386 4032 524 4100 emptor
547 4032 607 4083 aut
630 4032 794 4101 pastores
819 4032 879 4082 aut
902 4040 1012 4101 pecus
1036 4027 1216 4104 emptoris
1236 4024 1290 4084 do·

148 4128 240 4186 rninu
264 4128 380 4187 damni
403 4127 546 4190 dederit
568 4128 698 4190 boniua
723 4128 899 4207 resoluat]
922 4130 1043 4192 Bonitm
1062 4136 1210 4209 resoluat,
1232 4132 1250 4191 i.
1266 4148 1287 4189 e.

147 4236 219 4292 lutari
242 4251 268 4292 u.
293 4253 321 4292 u.
346 4230 430 4315 (boni
458 4238 512 4296 viri
541 4232 702 4317 arbitratu)
730 4241 878 4309 resoluat,
906 4238 937 4297 iu
964 4238 1127 4320 archetypo
1152 4243 1286 4321 scriptum

148 4347 220 4400 erat.
267 4338 428 4402 l‘nlitiauus
451 4343 486 4403 ad
512 4342 669 4404 lectionem
692 4346 839 4424 principis
863 4344 1004 4405 editionis
1027 4347 1103 4407 boni
1122 4350 1188 4408 oiri
1203 4348 1285 4409 resol-

150 4456 199 4504 uut
223 4447 252 4507 iu
272 4449 403 4526 visurgiuo
419 4470 458 4511 atat
474 4453 679 4531 superscripto
699 4460 731 4511 ut
749 4451 912 4529 adnotavit,
935 4450 986 4512 ubi
1006 4460 1040 4513 ut
1058 4461 1112 4515 aut
1128 4454 1283 4516 recentiore
