2874 4994
232 329 294 394 170
588 337 778 394 COMMENT.
797 337 838 391 IN
857 335 1015 391 CATONIS

228 512 303 573 quae
326 496 397 554 vitio
416 493 663 554 Commelinianae
687 493 826 554 editionis
850 498 989 572 corrupta
1009 497 1081 571 erat,
1104 487 1278 569 corrigenda
1291 495 1352 569 erat,

228 605 282 662 ubi
304 606 434 678 accipiet
452 601 589 682 seruere,
609 605 768 679 paulisper
791 603 949 680 demittite,
973 608 1003 660 ei
1025 601 1098 659 item
1118 604 1225 674 posteo
1246 597 1295 657 ubi
1310 613 1352 657 oe·

227 712 318 785 cipiet
337 706 473 785 seruere,
494 712 652 785 paulisper
672 712 826 769 demittite.
863 726 898 768 ex
918 706 1016 767 tribus
1035 705 1184 766 brassicae
1204 701 1365 784 manipulis,

227 818 279 896 qui
302 816 371 876 iacti
390 824 469 896 sunt,
493 818 698 895 unumquisque
717 834 771 894 per
790 815 879 875 breve
899 822 1015 893 tempus
1033 815 1064 873 in
1083 829 1189 892 aquam
1209 811 1371 871 ferventem

227 922 405 1005 demittitur,
438 943 496 1002 quo
526 924 558 984 lit
586 932 619 984 ut
647 942 721 1002 aqua
751 924 864 983 lervere
893 908 1015 982 desinat.
1066 919 1189 1001 deinde,
1217 918 1268 979 ubi
1292 936 1384 998 aqna

226 1029 323 1090 denuo
347 1030 461 1090 fervere
486 1033 592 1110 eoepit,
616 1033 686 1090 item
705 1049 759 1109 per
779 1029 868 1091 breve
887 1037 1014 1110 tempus,
1034 1045 1130 1108 usque
1148 1027 1221 1088 dum
1239 1028 1395 1106 quinque

227 1145 409 1212 numeretur,
432 1141 462 1197 in
487 1156 591 1216 aquam
616 1137 796 1219 demittitur3
820 1147 882 1198 tum
907 1138 1055 1198 eximitur.

316 1277 336 1340 3
355 1279 482 1341 Postea
503 1282 662 1341 conicito
682 1279 894 1341 contundite
912 1281 996 1339 item
1011 1279 1158 1339 eximito
1173 1279 1209 1337 in
1224 1275 1401 1337 linteum

228 1394 401 1465 exurgeto
421 1406 543 1448 sucum
565 1389 666 1466 quasi
685 1387 858 1448 heminam
878 1389 912 1447 in
932 1385 1101 1466 pocillum
1117 1378 1248 1465 fictile]
1263 1379 1401 1444 Postea

228 1497 351 1555 eeimiio
376 1502 405 1554 et
428 1498 603 1556 contirndito
627 1503 657 1555 et
671 1515 730 1572 per
748 1499 870 1555 linteum
890 1502 1020 1569 exupeto
1038 1510 1163 1555 succum
1182 1509 1247 1570 sqq.
1266 1489 1401 1551 lucun-

226 1602 295 1682 dus,
320 1610 426 1678 postea
455 1606 592 1678 eximite,
625 1606 766 1663 coniicito
790 1606 836 1676 (in
864 1603 1014 1672 scutram)
1043 1608 1072 1662 et
1099 1601 1289 1672 contundite,
1311 1616 1402 1675 per

226 1713 350 1770 linteum
383 1717 531 1783 exurpete
563 1729 689 1770 succum
719 1729 782 1789 sqq.
812 1709 1021 1769 Schneiderus.
1072 1712 1142 1769 item
1170 1708 1305 1778 eximito,
1333 1708 1399 1765 in

226 1819 349 1876 linteum
369 1819 473 1891 indito,
493 1824 642 1891 caereus
662 1816 731 1876 olim
752 1819 874 1877 conieci.
912 1836 980 1877 nam
999 1819 1039 1877 ita
1059 1817 1205 1894 scriptum
1225 1819 1271 1873 est
1288 1831 1312 1872 e.
1325 1808 1396 1872 87

226 1922 261 1982 de
281 1922 378 1983 amulo
399 1923 542 2005 iaciendo,
561 1927 595 1984 id
612 1928 643 1984 in
660 1928 783 1985 linteum
797 1942 905 1985 novum
921 1927 1025 1985 indito.
1063 1925 1213 2001 scriptura
1227 1919 1397 1980 librorum

225 2048 313 2090 manu
343 2032 524 2108 scriptorum
553 2035 676 2092 eximito
705 2035 735 2091 in
760 2035 883 2092 linteum
907 2032 933 2090 si
956 2049 1024 2091 sera
1048 2038 1106 2109 est,
1135 2027 1260 2089 eandem
1283 2025 1396 2086 babet

225 2137 343 2197 dicendi
367 2137 555 2218 brevitatem,
580 2156 654 2216 quae
678 2147 724 2198 est
749 2134 860 2219 1123
885 2138 921 2197 de
945 2140 1039 2199 acinis
1063 2154 1188 2197 uvarum
1213 2138 1395 2212 decerpite

225 2247 263 2304 de
289 2248 431 2321 scopioae
460 2247 489 2305 ia
519 2247 598 2306 idem
626 2249 746 2306 dolium.
792 2246 843 2305 sed
869 2248 1007 2325 quoniam
1031 2245 1067 2305 de
1091 2242 1257 2304 eximendis
1280 2242 1390 2302 mani-

224 2350 303 2429 pulis
332 2351 479 2412 brassicae
504 2353 730 2430 supradictum
755 2361 831 2432 erat,
859 2372 962 2431 parum
987 2360 1054 2431 apte
1079 2350 1241 2412 decadem
1266 2368 1310 2430 re,
1338 2356 1392 2408 ut

224 2459 354 2540 videtur,
387 2461 509 2520 iternm'
525 2461 647 2537 ponitur
675 2462 744 2519 item
773 2461 904 2519 eximito.
955 2458 1001 2518 bis
1029 2460 1135 2538 igitur,
1163 2475 1240 2537 quae
1269 2458 1389 2517 vitiose

225 2566 363 2626 videntur
387 2568 512 2643 repetita
537 2584 611 2647 esse,
635 2564 740 2626 deletis
763 2569 863 2643 potius
886 2564 1077 2626 scribendum
1100 2574 1147 2625 est
1162 2574 1271 2642 posteo
1289 2566 1387 2626 coni-

224 2676 284 2732 cito
309 2676 339 2731 in
363 2676 495 2747 linteum,
519 2676 705 2753 1011100ιί110,
728 2681 876 2747 exurpcto
899 2690 1014 2732 sucum.
1051 2671 1195 2751 manipuli
1216 2680 1381 2752 postquam

223 2796 259 2836 ex
289 2797 364 2856 aqua
392 2781 522 2856 exempti
550 2788 631 2860 sunt,
661 2783 689 2839 in
718 2778 841 2839 linteum
870 2782 1060 2840 coniciuntur
1083 2787 1113 2839 et
1136 2779 1378 2858 contunduntur,

223 2903 315 2945 susus
338 2887 368 2944 in
393 2884 533 2964 pocillum
553 2886 642 2946 fictile
662 2895 831 2965 exurgetur.
870 2890 1009 2961 conicite,
1034 2889 1058 2946 si
1078 2886 1153 2947 fides
1172 2886 1304 2965 habenda
1322 2894 1373 2945 est

224 2990 381 3070 Politiaoo,
415 3003 568 3070 praeterea
600 2996 629 3053 io
659 2994 817 3073 archetypo
847 2997 992 3072 seriptum
1020 3003 1084 3054 erat
1114 2991 1187 3073 157,
1214 2990 1268 3073 15,
1298 2996 1368 3053 item

225 3103 420 3160 conicientur
443 3097 540 3179 31,1,
564 3104 666 3162 conici
688 3097 789 3180 54,1;
814 3103 865 3161 sed
886 3102 1004 3179 saepius
1023 3104 1133 3162 coicite
1153 3099 1207 3181 33,
1222 3098 1252 3162 5.
1274 3096 1366 3177 3l,2.

225 3202 342 3286 115,1.
369 3204 441 3288 156,
456 3206 489 3287 5,
514 3206 542 3268 7.
568 3205 641 3287 157,
660 3205 690 3288 9,
714 3218 744 3267 et
767 3212 887 3269 coicere
911 3205 962 3288 83,
987 3212 1100 3269 reiciat
1127 3204 1189 3269 117
1196 3230 1204 3289 3
1228 3211 1294 3268 item
1313 3223 1364 3267 co-

225 3314 330 3374 addito
354 3311 406 3393 40,
421 3312 455 3395 2,
479 3325 647 3390 coaequato
671 3325 700 3375 et
724 3323 893 3390 coaequato
917 3312 969 3376 91.
995 3312 1067 3375 129.

312 3454 359 3515 Eo
384 3458 499 3517 indito
523 3456 610 3517 salis
634 3459 756 3517 micam
782 3461 884 3537 quasi
907 3476 1032 3518 eruum
1056 3468 1090 3519 et
1113 3461 1250 3520 cumini
1267 3455 1369 3520 1110ῑί

224 3570 360 3623 tentum
394 3562 485 3641 quod
519 3563 625 3640 oleat]
661 3568 747 3637 (iered
776 3567 806 3625 in
838 3565 980 3643 exemplis
1008 3565 1127 3626 ablativi
1155 3586 1244 3628 casus
1268 3565 1386 3645 posuit-

225 3668 369 3746 lierglrius
393 3669 514 3749 symbol.
539 3673 567 3730 in
592 3689 713 3749 gramm.
737 3671 817 3732 latin.
837 3691 864 3751 p.
881 3668 934 3754 58,
959 3680 991 3733 nt
1011 3682 1090 3733 esset
1108 3670 1239 3734 ‘tantum
1257 3665 1397 3733 cirmini

224 3775 327 3856 indito,
351 3785 384 3835 ut
407 3777 475 3836 inde
500 3773 596 3838 oleat'.
635 3781 723 3840 immo
747 3789 861 3840 tantum
886 3782 998 3841 cumini
1021 3780 1190 3842 addendum
1210 3791 1263 3863 est,
1283 3767 1400 3841 utic!

224 3900 292 3943 cum
316 3883 445 3944 brassica
470 3887 594 3945 mixtum
618 3886 708 3947 odore
731 3889 845 3966 percipi
869 3890 971 3966 possit.

311 4025 333 4088 4
366 4027 429 4088 Ubi
462 4028 575 4090 libido
606 4032 727 4090 ueniet
751 4033 875 4090 nausia
904 4031 1153 4110 apprehendet
1180 4026 1399 4094 decumbat

223 4142 423 4212 purgetque
452 4134 545 4213 sese]
570 4137 687 4196 Nausia
715 4136 806 4196 codex
831 4135 981 4197 biediceus
1005 4155 1034 4197 m
1063 4147 1093 4198 et
1121 4138 1284 4219 apographa
1303 4134 1385 4195 ltr‘

223 4238 329 4317 lorum,
353 4244 460 4302 nasica
484 4260 560 4303 corr.
584 4260 700 4303 nauseo
723 4242 877 4304 Parisinus
900 4245 936 4324 Α,
960 4249 1089 4306 senariae
1112 4245 1281 4327 Politianus,
1299 4252 1375 4304 nto

224 4349 378 4421 persicae,
396 4356 428 4406 ut
443 4347 593 4409 Gesnerus
607 4349 764 4429 adnotavit,
779 4349 905 4411 lectione
920 4353 1064 4430 principis
1080 4353 1220 4414 editionis
1232 4358 1365 4415 nauseae

224 4457 254 4511 et
272 4454 477 4528 apprehendet
495 4473 555 4516 non
575 4457 645 4516 satis
664 4466 810 4537 accurate,
829 4464 863 4518 ut
882 4457 1007 4540 ridetur,
1026 4467 1172 4521 correcta.
1203 4454 1356 4522 1111717110
