2874 4994
143 309 209 374 284
485 315 676 372 comiteur.
695 317 735 370 IN
752 316 940 373 VARRONIS

144 471 316 552 ligurriunl,
341 473 420 533 sicut
442 489 575 550 muscae,
604 489 673 551 quo,
690 471 719 532 b.
738 490 764 532 e.
782 479 907 551 propter
925 489 1015 551 quam
1034 488 1123 550 apum
1144 479 1252 557 notorem,

146 581 180 640 m
202 589 236 639 ut
260 597 346 639 nemo
370 597 420 639 eas
442 579 541 639 videat
563 581 592 639 in
617 597 706 640 carne
729 577 928 640 considentes.

233 686 315 746 ldeo
346 685 446 746 modo
475 686 669 746 considunt
692 689 727 747 in
752 703 903 766 quorum
925 702 1033 766 sapor
1051 683 1185 765 dulcis]
1205 689 1253 750 ldeo

146 795 233 854 modo
257 793 354 852 omnia
378 792 554 874 apographa,
578 796 646 854 ideo
669 796 756 854 modo
779 810 815 855 οο
832 791 997 854 Politianue
1020 793 1052 853 in
1071 793 1197 873 principe
1214 792 1254 855 cdi·

145 902 226 960 tione
250 916 310 959 non
334 901 473 961 correxit.
520 903 550 959 tn
573 918 632 975 qno
657 907 702 960 est
728 917 822 976 sapor
844 902 943 960 dubie
971 897 1050 959 edita
1077 897 1147 960 indc
1166 917 1181 960 a
1199 901 1255 980 prin·

143 1008 209 1085 cipe
238 1004 368 1065 editione
400 1003 586 1085 exemplaria.
633 1008 665 1065 in
698 1021 732 1065 eo
762 1007 850 1066 modo
881 1006 1045 1066 concidunt
1073 1003 1257 1086 Soboettgcme

143 1112 221 1192 apud
251 1111 415 1172 Gesnerum
445 1113 580 1171 coniecit.
627 1115 694 1172 ideo
722 1113 809 1172 modo
842 1112 1006 1172 considunt
1032 1113 1065 1172 in
1093 1114 1136 1173 eir
1160 1129 1259 1188 ouorm

144 1238 238 1296 οαμον
265 1221 364 1279 dulcis
393 1220 507 1297 scripsi.
555 1219 720 1279 reflectitur
749 1219 828 1279 enim
856 1219 950 1278 oratio
973 1216 1011 1278 ad
1038 1235 1075 1279 ea
1102 1236 1174 1296 quae
1197 1227 1260 1280 auter

135 1319 256 1406 ‘scripta
280 1334 374 1404 eraut,
398 1329 501 1401 ltaque
523 1328 606 1386 nullu
630 1328 741 1386 borum
764 1328 878 1386 adsidet
901 1328 932 1385 in
956 1327 1022 1387 locu
1046 1328 1207 1402 inquinato.

234 1431 251 1511 l
285 1432 383 1501 Quod
409 1430 545 1493 nullius
569 1450 657 1511 opus
680 1431 857 1492 uellicans
882 1431 970 1492 lacit
989 1430 1156 1493 deterius
1173 1449 1261 1512 neque

143 1542 271 1620 ignaua
288 1549 325 1599 ut
346 1557 413 1599 non
433 1541 493 1617 qui
508 1540 585 1599 cius
605 1547 757 1600 conetur
774 1537 984 1600 disturbare
1004 1540 1155 1599 resistat
1173 1557 1262 1616 neque

143 1656 260 1707 tamen
284 1647 406 1706 nescia
432 1663 516 1706 suae
545 1644 832 1723 imbecillitatis]
862 1646 937 1705 Eius
959 1644 1125 1706 Politianus
1149 1663 1164 1705 e
1186 1644 1263 1704 codice

145 1771 205 1813 non
233 1753 383 1814 adnotavit
410 1750 538 1813 lectione
566 1753 709 1831 principis
737 1751 876 1812 editionis
904 1756 935 1812 ei
960 1756 1014 1827 qui
1036 1758 1163 1813 conetur
1184 1769 1264 1831 parum

143 1866 282 1920 accurate
316 1866 458 1919 correcta.
509 1863 539 1919 οι·
569 1863 623 1934 qni
649 1863 714 1920 cius
742 1877 816 1935 opus
844 1865 971 1919 conetur
1001 1877 1039 1919 er
1067 1858 1169 1919 codice
1196 1860 1265 1918 min

144 1965 276 2026 lldiuam
301 1965 462 2027 editionem
485 1973 640 2046 receptum
664 1974 693 2026 et
718 1966 824 2026 deinde
848 1965 884 2025 ad
908 1965 1039 2045 reliquas
1058 1965 1202 2028 editiones
1218 1984 1266 2045 pro

142 2059 281 2153 pagatum
301 2080 372 2132 erat.
416 2075 535 2134 restitui
554 2073 711 2134 lectionem
731 2072 891 2154 archetypi,
906 2075 935 2132 in
957 2090 1064 2151 quaer
1085 2071 1267 2153 superioribus

143 2197 251 2241 nomen
276 2197 349 2256 epus
373 2182 468 2259 repeti
494 2181 612 2259 poterit.
659 2177 763 2240 similis
794 2178 912 2244 dicendi
939 2178 1070 2240 brevitas
1094 2188 1140 2240 cst
1165 2175 1267 2258 11,10

143 2291 181 2348 de
204 2287 346 2362 Μαροαὶο
375 2290 508 2363 dempsit.
556 2294 689 2346 ceterum
719 2286 755 2346 dc
784 2295 889 2347 natura
920 2304 1008 2365 apum
1038 2285 1124 2366 plura
1150 2285 1268 2365 leguntm

143 2396 173 2454 in
197 2394 367 2473 geopouicis
392 2392 442 2452 XV
461 2390 495 2472 3,
514 2390 549 2473 5,
579 2383 655 2453 οὔτε
684 2391 877 2473 λυμαίνεται
905 2382 983 2466 τοὺς
1013 2382 1127 2453 ἄλλων
1154 2387 1268 2469 πόνους,

141 2491 305 2580 ἀμύνεται
338 2496 451 2579 μέντοι
485 2495 683 2580 ἰσχυρότατα
716 2494 794 2572 τοὺς
827 2498 1049 2579 λυμαίνεσθαι
1077 2495 1158 2572 τοὺς
1184 2494 1269 2578 αὐτῆς

144 2601 424 2687 ἐπιβαλλομένους
456 2599 592 2679 πόνους.
649 2604 758 2668 είδυῑα
795 2598 833 2668 δέ
869 2598 931 2687 τὴν
968 2597 1072 2687 αὐτῆς
1108 2598 1268 2668 ἀσθένειαν

144 2705 262 2785 στενὰς
285 2706 450 2773 ποιεῖταί
475 2706 537 2774 οὐκ
560 2710 607 2786 είς
631 2704 717 2774 εὐθὺ
735 2708 934 2793 τεταγμένας
956 2707 1016 2786 τὰς
1040 2711 1087 2786 είς
1104 2705 1165 2774 τὸν
1187 2706 1269 2791 αὐτῆς

144 2812 239 2882 οἷκον
263 2814 424 2891 εἰσόδους.
461 2811 540 2892 τοὺς
559 2804 622 2880 οὖν
642 2813 942 2901 εἰσπορευομένους
961 2803 1137 2901 έπίᾈλοὶβῃ
1156 2818 1269 2891 πλείους

142 2930 338 3008 περιστᾶσαι
368 2921 492 3009 ῥᾳδίοις
519 2924 733 3005 καθαιροῦσι.
783 2920 897 3005 θέλγει
930 2919 967 2988 δὲ
998 2924 1099 2988 τοῦτο
1131 2919 1169 2988 τὸ
1202 2926 1270 3010 ζῷον

141 3027 196 3096 καί
219 3027 397 3094 κάλλιστον
420 3025 528 3113 μέλος,
553 3023 637 3094 ὅθεν
666 3031 701 3095 ol
718 3026 953 3115 μελισσουργοί
974 3027 1270 3115 διασκορπιζομένας

142 3133 245 3215 αὐτὰς
263 3139 520 3221 κυμβαλίζοντας
538 3129 558 3220 ἢ
573 3132 632 3213 τὰς
646 3148 757 3221 χεῖρας
777 3130 955 3221 εὐρύθμως
973 3138 1172 3220 κροτοῦντες
1189 3130 1271 3200 σαντ’·

142 3261 271 3328 νουσιν.
318 3248 396 3309 unde
421 3246 547 3307 Ursinus
576 3265 610 3306 ca
639 3266 713 3326 quae
744 3266 759 3307 a
783 3265 889 3326 graeco
918 3250 1064 3326 scriptore
1094 3246 1190 3307 addito
1216 3251 1274 3306 sunt

144 3355 212 3415 olim
233 3356 310 3434 apud
331 3354 490 3415 Varronem
507 3373 625 3434 quoque
641 3357 751 3433 scripta
773 3355 864 3415 luisse
885 3356 1010 3434 putavit3
1030 3352 1152 3413 lacunae
1172 3355 1275 3432 signum

143 3471 210 3541 post
235 3464 439 3522 inbecillitatis
463 3469 630 3538 posuerunt
653 3460 804 3521 Gesnerus
828 3468 858 3521 et
882 3460 1092 3520 Sclmeiderus.

233 3568 328 3639 Quae
361 3584 438 3626 cum
471 3586 575 3627 causa
609 3586 789 3628 musarum
823 3585 901 3627 esse
935 3566 1062 3627 dicunt
1093 3562 1276 3641 uolucres]

145 3676 300 3734 Dicuntur
328 3672 404 3732 edita
429 3673 497 3733 inde
530 3693 545 3734 a
578 3675 712 3754 principe
745 3674 874 3734 editione
908 3670 1095 3752 exemplaria.
1142 3674 1278 3734 dicuntur

144 3780 264 3859 scripsi:
288 3797 354 3839 uam
379 3782 560 3841 coniunctivi
583 3780 663 3840 modi
687 3780 766 3841 nulla
786 3783 860 3841 ratio
885 3788 938 3840 est.
976 3797 1044 3840 cum
1063 3798 1161 3841 causo
1180 3779 1279 3858 legitur

144 3885 220 3965 apud
245 3885 404 3947 Varronem
428 3887 440 3947 l
462 3885 512 3968 17,
531 3885 553 3948 4
577 3895 606 3947 et
629 3887 666 3948 de
690 3887 759 3965 ling.
778 3887 825 3947 lat.
846 3886 885 3946 tx
904 3883 946 3947 68
966 3895 996 3946 et
1015 3886 1093 3965 apud
1113 3886 1279 3947 Ciceronem

143 3992 178 4053 ad
203 3992 303 4064 Quint.
323 3994 405 4058 lratr.
424 3993 435 4053 l
456 3992 485 4075 2,
500 3991 551 4073 26,
571 3997 689 4073 saepius
713 4012 772 4054 non
795 3998 861 4054 sine
884 4012 989 4073 causo,
1008 3990 1034 4050 ll
1054 3992 1146 4072 prael.
1169 3989 1280 4073 1.1,4.

142 4099 181 4159 lll
204 4097 284 4181 1,4;
308 4096 339 4163 br

233 4202 268 4263 Si
301 4205 440 4281 quaudo
473 4205 689 4285 displicatae
723 4218 805 4268 sunt
835 4204 1006 4286 cymbalis
1036 4214 1071 4266 et
1099 4205 1280 4284 plausibus

143 4327 293 4371 numero
325 4311 530 4374 redducunt
559 4316 593 4374 in
626 4313 741 4373 locum
776 4312 894 4390 unum]
928 4315 1109 4389 disputatae
1136 4313 1278 4375 Gesnerus

143 4416 279 4477 coniecit.
316 4418 459 4495 displicet
481 4411 687 4482 ἀναπτύσσει
705 4419 793 4498 gloss.
813 4421 1015 4499 latino-grace.
1035 4438 1060 4480 r.
1079 4417 1106 4480 ΙΙ
1124 4440 1155 4500 p.
1168 4415 1277 4502 tica
