2874 4994
329 276 458 331 RERVM
477 275 715 331 uvsmcnnvu
734 277 801 330 Llss.
821 277 832 329 Ι
854 274 937 329 1-2
1183 266 1202 329 9

55 439 230 508 sequuntur
252 437 352 494 ultera
376 436 428 493 illo
452 434 524 506 duo,
553 429 670 512 139,3
699 435 737 494 dc
763 435 890 508 sinuatis
920 432 1010 491 rebus
1033 432 1205 504 uidendum,

56 558 140 615 uuae
168 558 286 616 quoque
313 547 446 616 tempore
473 544 597 615 iocoque
621 539 737 615 sacius,
769 535 888 619 117,ss
916 541 1027 599 eisdem
1054 539 1145 598 rcbus
1172 540 1203 598 iu

56 651 210 725 emptione
241 650 392 708 dominam
420 655 549 722 mutant,
582 655 615 707 ut
642 650 674 708 iu
703 647 815 708 Manili
841 647 1011 707 actionibus
1038 653 1108 705 suat
1133 664 1202 721 per-

54 758 186 832 scriptu.

151 860 216 924 111
251 863 399 924 aeditimo
422 871 452 922 et
475 862 581 922 deinde
607 864 744 923 aeditimi
765 859 833 921 olim
858 862 974 942 scripsi,
998 868 1031 920 ut
1054 858 1204 937 archetypi

56 971 211 1049 scriptura
242 977 526 1050 repraesentaretur.
563 972 715 1030 aeditamo
742 977 773 1030 et
800 969 946 1029 aeditumi
971 985 1042 1027 usus
1066 964 1205 1026 Varronis

57 1076 238 1157 postulabat,
261 1076 273 1137 l
294 1073 381 1158 2,12
404 1080 486 1138 uenit
504 1079 681 1150 aeditumus,
701 1073 753 1155 69,
768 1072 789 1136 2
807 1078 934 1137 libertus
952 1076 1105 1147 aeditumi,
1127 1072 1204 1151 apud

55 1183 188 1246 Gellium
216 1183 283 1265 Xll,
304 1181 346 1246 10
374 1184 415 1244 M.
447 1184 545 1245 Varro
576 1187 606 1245 in
635 1186 712 1245 libro
740 1187 873 1246 secundo
896 1185 939 1244 ad
960 1183 1141 1242 Marcellam
1170 1183 1207 1242 de

55 1295 157 1354 latino
179 1309 317 1353 sermone
336 1293 520 1353 aeditumum
540 1294 605 1352 dici
621 1299 762 1368 oportere
780 1299 882 1353 censet
900 1294 997 1366 mauis
1015 1305 1105 1364 qaam
1124 1289 1206 1346 acdi-

57 1412 155 1475 taum,
174 1399 210 1458 de
225 1398 293 1478 ling.
309 1398 357 1459 lat.
373 1396 422 1457 Vll
440 1396 480 1460 12
499 1402 630 1459 tueri-
643 1418 663 1458 a
677 1417 736 1473 qrco
753 1402 843 1460 etiam
862 1401 984 1473 quietam
1000 1400 1106 1458 dicant
1123 1397 1206 1456 oedi-

56 1515 154 1580 tuum,
177 1523 238 1567 nou
262 1508 452 1579 aeditumum,
476 1504 539 1564 Vlll
559 1503 611 1586 61,
631 1504 680 1565 ubi
700 1508 869 1567 aeditumus
891 1507 920 1565 in
941 1504 1043 1565 lacuna
1063 1505 1206 1582 scriptum

58 1616 134 1696 tuit,
161 1623 191 1674 et
218 1609 303 1676 v50
331 1621 361 1674 ct
390 1608 433 1675 52
458 1615 488 1673 in
517 1612 666 1674 scleribus
696 1612 829 1673 formulis
860 1615 1038 1674 aeditumas.
1083 1610 1206 1671 aliorum

57 1723 243 1801 scriptorum
267 1728 296 1781 et
320 1722 546 1800 inscriptionum
575 1720 707 1799 exempla
736 1719 943 1799 blarquardtus
971 1719 1139 1797 composuit
1171 1716 1206 1775 de

56 1827 178 1889 duabus
201 1827 334 1888 vocabuli
357 1827 460 1888 formis
479 1827 635 1906 disputans
662 1830 692 1887 in
717 1826 843 1906 epistula
873 1827 907 1886 ad
933 1825 1148 1910 Mommseuum
1171 1823 1207 1882 de

57 1936 263 1997 Romanorum
286 1934 412 1995 aedituis
431 1953 455 1995 a.
478 1932 571 1997 1887.

153 2045 278 2102 Aeriam
304 2042 359 2101 luit
382 2043 413 2100 in
437 2040 608 2121 archetypo,
627 2043 698 2101 item
721 2044 833 2102 Acrius
852 2039 872 2117 ξ
889 2040 928 2102 11
953 2051 982 2101 et
1004 2037 1043 2101 lt
1068 2047 1098 2099 et
1120 2035 1208 2119 44,3

57 2148 165 2229 semel,
183 2151 296 2224 Aurius
315 2147 439 2226 reliquis
457 2146 538 2210 locis.
575 2150 657 2227 Agrii
676 2166 782 2208 nonren
798 2150 875 2209 sicut
894 2147 1020 2227 plurima
1037 2145 1207 2225 colloquen-

56 2259 137 2318 tium
152 2257 268 2315 nomina
282 2257 312 2314 io
327 2254 374 2314 his
387 2253 470 2315 libris
485 2254 519 2314 ad
536 2273 584 2315 res
598 2255 634 2315 dc
650 2254 757 2333 quibus
772 2254 939 2333 disputatur
953 2254 1206 2315 accommodatum

56 2382 129 2424 esse
143 2370 210 2443 post
220 2362 385 2423 Gesnerum
400 2362 491 2442 praei.
507 2361 568 2441 p.V
583 2363 697 2423 monuit
708 2360 916 2424 Schleioherus
927 2361 1073 2421 melotem.
1086 2360 1207 2424 Varron.

58 2471 184 2532 Bonnae
202 2489 226 2532 a.
248 2467 342 2532 1846.

151 2575 172 2639 3
200 2577 356 2638 Primum
376 2595 452 2637 cum
471 2576 569 2637 orbis
593 2585 714 2637 terrae
734 2575 873 2637 divisus
893 2578 941 2637 sit
968 2579 1002 2637 in
1022 2574 1109 2636 duas
1129 2593 1206 2654 par·

57 2696 119 2748 tes
141 2684 183 2745 ab
202 2683 444 2745 Eratosthene
469 2703 626 2746 maxume
646 2684 841 2745 secundum
862 2692 1026 2744 naturam
1044 2684 1083 2743 ad
1105 2684 1208 2743 meri·

56 2793 155 2853 diem
181 2811 309 2853 uersus
332 2801 366 2852 ct
390 2791 428 2851 sd
454 2790 747 2872 septemtriones]
773 2792 875 2852 Asiam
899 2794 942 2852 od
963 2794 1119 2852 meridiem
1142 2809 1206 2850 ocr-

56 2919 128 2974 sus,
152 2909 181 2961 ct
203 2901 359 2977 Europam
389 2903 433 2960 act
453 2903 671 2976 septentriones
690 2898 816 2959 Ursinus
835 2898 899 2958 coll.
919 2898 1001 2959 Varr.
1020 2898 1056 2957 de
1077 2897 1144 2976 ling.
1160 2895 1207 2956 lat.

58 3004 142 3068 v31
169 3014 202 3068 ut
219 3011 314 3069 omnis
337 3015 451 3068 notura
477 3010 509 3067 iu
532 3011 649 3068 cociam
674 3015 703 3067 ei
721 3014 836 3068 terram
860 3009 958 3065 diuisa
982 3014 1039 3084 cst,
1062 3008 1106 3064 sic
1130 3007 1210 3065 cocl'

59 3117 241 3191 rarioribus
260 3123 347 3176 terra
371 3118 401 3175 iu
426 3117 528 3174 Asiam
551 3123 580 3175 ct
605 3114 768 3190 Europum.
806 3111 1010 3172 Eratosthenis
1034 3110 1207 3170 divisionem

59 3223 164 3302 posuit
183 3220 289 3281 Strabo
309 3220 334 3280 ll
354 3241 381 3301 p.
404 3219 475 3302 111,
494 3221 639 3281 καλεῖται
659 3212 696 3281 bl
714 3227 781 3280 τῶν
805 3210 1029 3299 ἡμισφαιρίων
1054 3212 1208 3297 ἑκάτερον

58 3335 131 3389 τῶν
162 3348 196 3389 τε
228 3323 397 3409 οὐρανίων
429 3322 484 3389 aul
513 3334 579 3389 τῶν
608 3321 662 3389 ἐπὶ
689 3329 747 3406 γῆς
775 3323 812 3387 τὸ
840 3317 900 3406 ptv
928 3323 1078 3406 βόρειον,
1106 3321 1143 3383 τὸ
1172 3318 1208 3384 δὲ

60 3434 186 3498 νότιον.

153 3539 176 3603 4
208 3541 249 3604 m
276 3545 352 3603 sine
386 3541 495 3603 dubio
529 3543 693 3621 qnoniam
727 3540 910 3601 salubrior
942 3558 1023 3621 pars
1056 3548 1208 3616 septem-

61 3649 233 3710 trionalis
266 3658 321 3710 est
353 3668 457 3730 quam
489 3649 686 3709 meridiana
723 3661 757 3708 et
790 3667 878 3728 qnae
912 3646 1115 3708 salubriora
1149 3644 1208 3703 illa

62 3757 313 3817 fructuosiora
336 3755 525 3817 dicendum
549 3755 672 3836 ibique
697 3753 834 3815 ltaliam
863 3758 971 3834 magis
994 3773 1066 3814 earn
1095 3753 1208 3813 luisse

61 3873 277 3943 oportunam
301 3864 341 3925 ad
366 3863 552 3925 colendum
577 3882 678 3943 quam
704 3861 837 3939 Asiam]
862 3864 901 3921 Et
923 3865 989 3922 siue
1012 3864 1111 3933 (lubio,
1135 3879 1209 3934 quo-

61 3974 149 4032 niam
171 3973 326 4033 salubrior
346 3989 421 4048 pars
443 3973 696 4048 septentrionalis,
720 3988 809 4046 qaam
833 3971 1013 4029 meridiana.
1061 3968 1098 4025 Et
1130 3983 1209 4041 qrrac

61 4079 232 4153 salubrior,
270 4079 322 4138 illo
355 4075 558 4153 fructuosior,
596 4079 758 4138 dicendum
794 4079 891 4151 mauis
924 4076 1078 4150 Europam
1113 4073 1209 4149 saissa

62 4192 265 4261 opportunam
289 4188 332 4245 act
353 4186 519 4256 colendam,
538 4201 628 4258 quum
647 4185 758 4256 Asiam,
783 4185 883 4257 ibique
904 4183 1025 4242 ltaliam
1048 4179 1208 4241 lucundus.

64 4310 100 4352 ex
135 4307 224 4351 manu
261 4294 379 4370 scriptis
407 4290 491 4351 libris
523 4299 552 4351 et
586 4308 665 4365 quac
700 4292 875 4351 salubriora
912 4292 964 4350 ilia
997 4288 1209 4364 fructuosiora

64 4396 209 4478 Angelius
232 4406 263 4459 et
285 4396 391 4458 deinde
419 4401 517 4476 mapis
544 4415 610 4459 eom
636 4397 733 4474 fuisse
755 4396 904 4459 Victorius
928 4398 1135 4477 restituerunt,
1164 4413 1208 4457 re-
