2874 4994
269 341 333 406 278
607 346 798 404 counitur.
817 347 858 402 IN
876 345 1066 403 VARRONIS

271 503 441 581 Varronem,
465 512 498 565 ut
522 501 724 564 Schneiderus
747 501 909 584 adnotavit,
936 500 1016 582 quod
1039 502 1161 563 nornine
1183 519 1242 565 non
1262 503 1374 584 appelata
1430 532 1432 555 ι

271 610 402 688 intellegi
434 628 492 670 nou
522 610 646 689 poterat.
697 613 821 685 inquom
857 626 917 670 non
952 615 1064 671 mutata
1100 626 1229 689 persona
1261 608 1375 691 loquentis
1429 560 1432 685 l

271 721 416 798 scriptum
440 714 609 796 est18,l.
633 712 712 798 9,1.
750 715 787 777 de
811 715 904 777 iundo
927 713 1097 778 Tusculano
1122 734 1141 777 a
1163 713 1287 779 Varrone
1304 727 1376 798 enpto
1429 708 1432 793 ἵ

272 827 383 887 dictum
408 833 471 885 erat
494 841 586 901 supra
608 820 648 882 lll
667 819 698 904 3,
717 821 746 885 8.
1429 822 1432 895 Ξ

360 934 575 1008 Effuderetur,
602 929 682 1009 quod
710 948 746 990 ex
775 929 876 990 codice
903 928 1070 991 Politiouus
1095 928 1258 1012 adnotavit,
1281 932 1308 991 in
1329 948 1379 1011 apo
1430 936 1432 941 '

273 1040 393 1121 graphia
416 1057 476 1099 non
499 1039 606 1099 inveni.
1430 1020 1432 1127 ξ

361 1144 381 1206 2
406 1144 680 1224 blagistragicos
695 1144 779 1204 fieri
795 1141 886 1220 uidi]
903 1141 1006 1218 Manis
1018 1146 1158 1219 tropicos
1171 1142 1261 1206 cdltio
1274 1146 1381 1225 princeps
1428 1156 1432 1227 j

273 1274 289 1316 a
312 1252 457 1315 Politiano
484 1269 543 1311 non
572 1257 706 1310 correcta
736 1259 765 1310 et
793 1268 828 1310 ex
852 1267 941 1311 manu
970 1251 1092 1330 scriptis
1119 1248 1206 1311 libris
1228 1249 1382 1312 Florentiola
1429 1232 1432 1341 J

273 1371 303 1422 et
318 1361 472 1439 Caeseuas,
496 1359 728 1432 mouistrocicos
744 1356 777 1437 B,
801 1359 1016 1433 mooc'strut‘cos
1033 1355 1103 1419 Am.
1139 1360 1238 1434 monis
1254 1360 1383 1439 τραγικός
1430 1416 1432 1427 ,

274 1467 433 1529 lucundus.
470 1483 524 1545 pro
548 1464 605 1524 hoc
627 1466 725 1538 mauis
747 1460 918 1547 θρᾳκικῶς
941 1464 1058 1543 scripsi.
1095 1480 1164 1525 nour
1179 1461 1288 1545 Orphei
1305 1469 1383 1525 cantur

274 1575 465 1654 significatur,
489 1589 548 1631 non
572 1588 620 1631 ars
644 1569 864 1648 tragoedorum.

362 1677 667 1757 Therotropbium
690 1672 940 1757 appellabant]
967 1677 1148 1754 Appellodot
1170 1695 1208 1737 ex
1230 1676 1325 1738 Aldina
1342 1675 1386 1737 eli·

272 1790 353 1849 tione
381 1794 535 1864 receptum
564 1793 617 1845 est.
663 1802 731 1844 nam
761 1803 820 1845 uon
848 1785 1015 1845 communis
1042 1786 1191 1866 omnium,
1221 1784 1272 1846 sed
1297 1785 1387 1864 propria

274 1893 426 1955 Hortensii
450 1891 567 1952 ridetur
591 1909 624 1951 ea
649 1891 804 1970 appellatio
828 1891 931 1952 luisse.

363 1999 427 2060 Ubi
451 1998 631 2060 tricilinio
655 2001 774 2076 posito
795 1996 1011 2059 cenabamus
1030 1997 1124 2078 quod
1144 1998 1278 2079 orphea
1294 1998 1389 2060 uocari

275 2103 403 2188 iussit]
434 2108 530 2179 Quasi
551 2107 666 2183 orpbeo
690 2123 727 2166 m.
770 2107 898 2179 Quintus
926 2106 1048 2182 Orpheo
1074 2109 1183 2167 vocari
1205 2109 1291 2168 tussit
1309 2104 1390 2202 luepo-

274 2216 339 2277 dus.
372 2233 431 2290 quo
455 2214 576 2289 Orpheo
595 2216 704 2273 vocari
722 2215 808 2273 iussit
827 2213 942 2294 scripsi,
957 2210 985 2273 b.
1001 2230 1026 2273 e.
1046 2213 1076 2272 in
1095 2230 1166 2274 eum
1184 2211 1390 2290 loconiaco

275 2321 438 2384 triclinium
460 2321 591 2400 positum
615 2328 687 2380 erat.

363 2427 384 2490 3
414 2427 481 2498 Qui
504 2444 581 2487 eum
604 2445 643 2486 eo
663 2427 828 2487 uenisset
851 2445 929 2487 eum
947 2424 1041 2487 stola
1059 2432 1096 2486 et
1113 2424 1256 2487 cithara
1273 2432 1391 2487 cantare

275 2541 373 2597 esset
400 2535 526 2594 iussus
555 2530 685 2593 bucina
714 2532 863 2594 inilauit
889 2542 928 2594 ut
955 2540 1094 2594 tantum
1125 2531 1392 2595 circumfinxerit

275 2661 338 2703 nos
357 2657 550 2701 ceruorum
569 2657 742 2718 aprorum
766 2648 800 2699 et
823 2648 1025 2701 ceterarum
1050 2639 1311 2720 quadripedum
1326 2636 1392 2700 nul·

277 2743 413 2822 titudo]
437 2745 557 2806 Bocioo
592 2744 659 2804 libri
684 2763 772 2806 manu
800 2748 917 2828 scripti,
950 2749 1092 2808 bucinam
1120 2745 1283 2807 Politianus
1311 2761 1393 2826 paron

275 2859 413 2914 accurate
437 2857 572 2911 correcta
596 2850 723 2912 lectione
747 2853 891 2932 principis
915 2852 1053 2913 editionis
1072 2853 1245 2914 mortuom.
1280 2855 1330 2929 qui
1342 2866 1393 2912 coa

274 2977 310 3022 eo
333 2961 461 3021 venisset
483 2974 552 3018 eum
575 2961 652 3019 stolo
676 2966 705 3019 et
727 2960 852 3021 cithero
875 2966 905 3021 et
927 2966 1057 3021 camare
1080 2965 1158 3021 esset
1182 2963 1289 3035 iussos,
1314 2959 1393 3020 dccci

275 3085 346 3130 nom
370 3068 494 3140 insinuit,
518 3066 573 3125 ubi
595 3072 681 3126 tanto
706 3069 915 3142 circumfluxit
935 3099 973 3109 -
994 3068 1153 3127 multitudo
1181 3065 1262 3128 edita
1288 3061 1394 3126 iaded

274 3173 379 3235 Aldina
403 3172 532 3233 editione
557 3172 742 3251 exemplaria.
789 3174 966 3254 scripturam
995 3172 1148 3252 archetypi
1175 3191 1194 3232 a
1224 3172 1394 3234 victoriato

276 3280 401 3340 dicatam
435 3286 467 3340 ut
495 3284 611 3339 tontum
644 3283 889 3355 circumflexerit
920 3278 1050 3359 Scaliger
1082 3277 1219 3357 probavit
1251 3288 1282 3340 et
1311 3275 1396 3340 deinde

275 3389 434 3447 multitudo
463 3384 577 3446 delevit.
625 3393 711 3446 teoto
740 3388 859 3467 scripsi,
888 3388 918 3447 in
947 3386 1069 3467 reliquis
1101 3395 1236 3448 veterem
1262 3387 1395 3449 lectionem

276 3494 403 3572 restitui,
427 3495 481 3566 qui
502 3510 570 3554 cum
594 3511 629 3556 eo
652 3497 780 3556 venisset
803 3513 872 3556 oum
894 3499 972 3558 stota
995 3503 1025 3557 et
1047 3497 1172 3557 cithara
1196 3505 1324 3559 cantore
1337 3502 1397 3558 atet

277 3604 385 3672 ircosus,
405 3600 518 3659 bucina
537 3603 662 3681 inflavit,
677 3609 710 3660 ot
725 3609 811 3662 loreto
831 3604 1309 3678 circumflexerit-multitudo.
1336 3609 1397 3684 post·

276 3723 365 3783 quam
394 3713 497 3765 cantor
525 3706 598 3766 stola
631 3708 753 3768 indutus
787 3710 867 3769 venit
895 3718 924 3771 et
952 3707 1065 3770 cithara
1093 3727 1202 3772 canere
1235 3713 1332 3773 luscus
1358 3716 1398 3787 cst,

277 3809 454 3873 Hortensius
478 3812 522 3872 vel
547 3815 610 3891 ipse
634 3821 737 3874 cantor·
756 3817 873 3894 signum
893 3815 943 3877 dat
961 3814 1079 3898 bucina,
1096 3816 1134 3878 ad
1152 3816 1234 3897 quod
1252 3817 1329 3879 ferae
1345 3833 1399 3877 con

276 3920 411 3999 veniunt,
442 3925 475 3978 ut
502 3929 620 3980 cantum
649 3920 777 3982 audiant.
823 3931 857 3982 ut
883 3926 1129 3998 circumfinxerit
1160 3933 1260 3987 autem
1289 3924 1400 3986 breritu
1430 3944 1432 3963 ¹

275 4025 388 4086 dietum
412 4034 458 4085 est
481 4044 535 4102 pro
560 4045 595 4086 eo
623 4027 701 4107 quod
731 4030 900 4090 accuratius
927 4028 1086 4091 dicendum
1114 4038 1179 4091 erat
1206 4026 1281 4111 'quo
1308 4032 1397 4093 lactum

276 4140 322 4191 est
345 4139 378 4191 ut
402 4129 660 4194 circumduxerit'.

364 4233 465 4296 XIVI
501 4238 609 4300 Axius
639 4248 717 4300 tiras
740 4250 863 4319 partes
889 4243 1010 4321 inquit
1038 4241 1248 4307 subleuauit
1268 4239 1394 4323 appius]

276 4342 391 4419 Appius
416 4342 482 4404 libri
509 4363 596 4406 manu
620 4348 732 4427 scripti,
756 4349 851 4425 Apios
874 4350 904 4408 in
934 4350 1071 4429 principe
1101 4349 1234 4413 editione
1255 4349 1391 4410 Politiaous

276 4467 335 4510 non
363 4453 501 4511 correxit.
539 4451 740 4532 neglegentiae
769 4457 916 4516 sermonis
945 4454 1138 4519 tribuendum
1164 4466 1224 4544 cot,
1248 4455 1319 4539 qnod
1341 4470 1386 4515 nou
