2874 4994
141 304 207 369 262
480 309 669 365 COMMENT.
688 310 728 366 IN
747 308 934 366 VARRONIS

141 465 227 547 tusi]
257 468 345 541 Quod
366 468 613 527 animadvertunt
636 484 672 526 cx
695 461 813 527 ‘vetere
835 459 953 527 codice’
979 462 1118 545 Ursinus,
1137 465 1183 541 aui
1199 467 1247 526 oni·

140 579 373 637 madvertuatur
395 572 545 634 Gesnerus
568 572 666 634 verbis
689 591 793 653 parum
817 581 884 654 apte
906 575 939 635 in
961 571 1044 635 hunc
1065 570 1179 633 modum
1195 590 1247 634 oon·

141 684 265 763 iunctis,
293 677 400 761 ‘gallos
432 680 544 742 salaces
576 679 665 761 eligat
696 687 827 764 oportet,
855 682 908 762 qui
934 679 1248 763 animadvertuntur,si

141 798 212 852 sunt
238 783 401 851 lacertosi'.
446 792 511 864 qui,
540 788 618 868 quod
647 787 717 849 olim
746 787 868 871 inclusi,
892 789 917 848 si
945 792 1051 849 'verum
1074 793 1132 871 est,
1150 804 1197 868 pro
1214 785 1249 850 at

143 896 244 958 verbio
267 895 435 957 habendum
459 903 514 976 est,
537 906 570 956 ut
593 898 631 956 sit
654 891 769 976 ‘aliquo
792 891 905 957 modo'.

230 1000 250 1065 6
283 1000 443 1082 Melicos]
467 1002 604 1064 Medicas
631 1003 710 1064 edita
736 1002 807 1064 inde
833 1002 870 1065 ab
893 1001 998 1091 Aldine
1024 1001 1153 1064 editione
1175 1019 1250 1063 uem

141 1110 241 1192 plaria.
287 1108 406 1172 Melicas
439 1108 560 1190 gallinas
593 1109 665 1170 laiso
698 1108 840 1190 appellari
871 1128 947 1190 quae
977 1107 1109 1171 Medicee
1139 1106 1251 1172 dioeodu

141 1226 243 1280 essent
270 1216 361 1279 Varro
390 1217 540 1278 adnotavit
568 1217 643 1277 inlro
672 1217 692 1294 ξ
714 1214 764 1279 19.
809 1236 907 1298 neque
932 1225 1037 1279 ¹tamen
1063 1233 1168 1278 nomeu
1190 1215 1254 1296 vulgo

143 1334 319 1406 usurpatum
344 1326 471 1386 Melicos
497 1325 658 1385 mutavisse
682 1323 813 1407 videtur,
837 1324 926 1405 quod*
944 1324 1016 1386 iecit
1038 1322 1192 1385 Columella
1209 1321 1255 1383 llll

143 1431 173 1515 2,
190 1431 224 1512 4,
246 1436 416 1510 praecipue
442 1432 647 1507 Tauapricum
672 1451 770 1507 penus
792 1440 823 1494 et
844 1433 998 1494 Rhodium
1016 1432 1199 1512 proludant,
1216 1447 1256 1491 aec

13 1531 21 1548 ”
143 1544 242 1601 minus
268 1542 476 1601 Chalcidicum
499 1546 530 1600 et
552 1540 721 1620 Medicum,
743 1542 826 1615 quod
847 1542 886 1602 ad
910 1542 1049 1617 imperito
1072 1542 1160 1614 ruma
1179 1541 1257 1599 littam

143 1654 260 1708 mutata
284 1648 426 1714 Melicum
450 1650 631 1723 appellatur.
660 1645 801 1706 Varronis
825 1645 990 1708 doctrinam
1013 1645 1138 1706 Verrius
1163 1652 1259 1706 mcutos

143 1763 216 1835 erat,
234 1751 314 1814 Paul.
335 1771 398 1813 exc.
417 1752 495 1814 Fest.
514 1771 542 1831 p.
565 1750 637 1835 124,
658 1750 699 1814 10
718 1754 850 1814 Melicae
866 1757 1012 1829 pollinae,
1031 1756 1115 1829 quod
1131 1756 1161 1814 in
1178 1752 1259 1814 Medio

144 1865 177 1923 id
205 1880 302 1937 penus
334 1863 434 1952 auium
463 1863 601 1936 corporis
628 1864 805 1937 amplissimi
827 1864 897 1935 siat,
921 1864 934 1921 l
959 1863 1064 1923 littera
1088 1878 1148 1938 pro
1169 1863 1190 1922 d
1211 1861 1260 1921 sei

142 1972 256 2029 stituta.

237 2073 273 2134 Si
305 2074 485 2136 ducentos
518 2073 614 2135 alere
647 2073 752 2152 uelis]
781 2076 938 2136 Ducentos
960 2092 997 2134 ex
1025 2073 1130 2136 Aldina
1157 2073 1263 2135 editione

143 2189 298 2260 receptum
322 2190 394 2242 erat.

234 2287 327 2349 Duae
355 2306 487 2350 caueae
513 2322 551 2331 -
578 2296 752 2368 utraeque
780 2290 813 2349 in
842 2286 1111 2368 longitudinem
1138 2291 1264 2351 circiter

145 2396 264 2457 decem
289 2396 417 2476 pedum
440 2395 634 2458 latitudine
663 2395 810 2457 dimidio
838 2398 994 2457 minores
1018 2415 1120 2477 quam
1149 2398 1183 2457 in
1204 2395 1264 2457 alti·

146 2503 272 2565 tudine
296 2503 401 2584 paulo
424 2505 638 2567 hirmiliores
662 2514 815 2583 utraque
835 2504 995 2565 lenestra
1019 2503 1090 2565 lata
1114 2499 1264 2585 tripedali

145 2620 180 2672 et
212 2630 251 2671 eo
284 2613 373 2690 pede
394 2611 568 2690 altiores]
598 2613 774 2673 latitudine
803 2614 927 2672 dimidio
955 2615 1100 2686 minores,
1128 2614 1265 2674 altitudine

142 2721 236 2793 paulo
264 2719 447 2780 humiliores.
492 2723 630 2794 utrisque
653 2718 810 2796 fenestrae
837 2721 999 2780 latitudine
1026 2722 1173 2796 tripedali
1195 2726 1220 2781 et
1239 2735 1264 2778 eo

144 2825 224 2900 pede
248 2826 372 2885 altiores
391 2823 550 2886 iucundus.
587 2834 718 2887 veterem
736 2825 893 2887 lectionem
913 2825 991 2886 haud
1011 2824 1101 2887 dubie
1119 2833 1263 2906 corruptam

147 2930 295 2991 Victorius
314 2930 404 2993 dedit.
440 2950 530 3008 quam
550 2937 789 2995 multitudinem
809 2932 949 3013 Scaliger.
985 2937 1148 2996 latitudine
1165 2934 1262 2995 dimidio

146 3041 286 3114 minoren,
306 3043 337 3101 in
361 3042 522 3101 altitudine
541 3045 645 3117 paullo
669 3044 851 3102 lvumiliores.
888 3044 1027 3116 utrisque
1045 3039 1200 3118 fenestrae
1212 3041 1260 3101 loti·

146 3148 253 3206 tudine
276 3148 428 3222 tripedali,
452 3164 512 3208 uno
532 3151 612 3224 pede
635 3151 760 3209 altiores
784 3146 994 3209 Schneiderus.
1035 3150 1067 3210 in
1091 3147 1260 3229 descriptione

147 3252 272 3313 duarum
292 3271 457 3333 cavearum,
477 3272 550 3332 quae
575 3252 689 3333 gallinis
713 3253 937 3315 constituendae
962 3263 1041 3336 sunt,
1059 3257 1186 3336 primum
1203 3251 1260 3315 modi

146 3361 277 3439 ipsarum
302 3359 452 3443 cellarum,
473 3361 579 3422 deiude
593 3362 803 3444 fenestrarum,
823 3380 898 3443 quac
916 3364 947 3424 in
965 3364 1003 3424 iis
1022 3371 1101 3439 suut,
1120 3362 1259 3424 indicantur

148 3469 177 3528 in
202 3466 281 3528 hunc
301 3467 431 3548 modum,
449 3476 599 3544 utraeque
618 3473 648 3530 in
667 3473 884 3546 lonpitudinem
903 3473 1031 3532 circiter
1049 3473 1153 3533 decem
1167 3471 1259 3549 pedum

147 3577 309 3636 latitudine
332 3577 455 3637 dimidio
478 3580 619 3651 minores,
643 3581 805 3639 altitudine
823 3581 918 3654 paulo
939 3580 1131 3640 dumiliores:
1154 3581 1183 3639 iu
1198 3581 1258 3637 udo·

147 3699 205 3755 qne
230 3679 368 3757 fenestra
396 3685 459 3742 lata
487 3686 658 3760 tripedalis,
689 3691 718 3744 et
744 3703 800 3745 eae
823 3687 903 3762 pede
930 3688 1064 3747 altiores.
1109 3704 1174 3747 uam
1194 3695 1259 3760 pam

150 3790 179 3846 iu
204 3790 377 3863 altitudine,
401 3787 479 3868 quod
504 3788 560 3849 luit
583 3791 613 3849 in
637 3789 804 3872 archetypo,
827 3788 960 3870 intellegi
983 3793 1089 3870 nequit
1113 3800 1143 3852 et
1167 3790 1199 3851 ab
1216 3784 1258 3847 edi·

147 3893 261 3955 toribus
284 3903 453 3957 correctum
482 3906 536 3958 est
574 3896 680 3958 deinde
703 3898 734 3958 io
759 3904 885 3978 utraque
909 3916 996 3959 cavea
1015 3907 1062 3960 est
1085 3900 1205 3960 fenestra
1219 3894 1258 3954 nn

146 4002 307 4085 tripedalis,
327 4012 357 4064 et
376 4022 426 4063 eae
447 4002 521 4064 dirae
545 4003 692 4065 fenestrae
716 4020 776 4065 uno
794 4005 869 4084 pede
889 4004 1010 4067 altiores
1029 4017 1109 4068 suut.
1141 4014 1259 4077 orreum

147 4119 246 4170 autem
269 4107 377 4187 plurali
404 4128 528 4171 numero
552 4111 588 4172 de
617 4111 732 4173 duabus
756 4114 853 4173 caveis
876 4113 989 4175 dictum
1017 4123 1063 4176 est
1090 4121 1203 4194 pmpter
1223 4103 1258 4166 td·

55 4285 58 4291 Α
147 4216 225 4276 ditos
249 4215 352 4275 eodem
384 4235 507 4278 numero
536 4223 751 4300 comparativus
778 4224 910 4283 minores
936 4229 967 4282 et
993 4225 1175 4284 humiliores.
1209 4227 1257 4276 nim

148 4323 179 4380 iu
203 4319 325 4400 reliquis
346 4324 487 4404 exemplis
510 4344 675 4405 pronomen
694 4335 823 4403 uterque
840 4328 995 4408 pluraliter
1013 4328 1126 4390 dietum
1144 4321 1257 4388 almio-

149 4445 212 4486 rem
237 4446 393 4491 numerum
418 4432 561 4494 refertur:
584 4432 597 4493 l
618 4429 668 4514 16,
683 4430 711 4495 6.
734 4432 783 4515 li,
798 4430 827 4496 2.
847 4432 899 4519 32,
913 4433 942 4497 2.
965 4434 992 4496 Π
1011 4431 1041 4518 5,
1055 4432 1085 4498 9.
1105 4420 1254 4519 6,2.10,1·
