2874 4994
258 309 261 312 ’
288 325 337 380 ns
356 325 445 381 ism
464 325 637 382 ommes
655 327 796 381 smmis
815 326 844 382 c.
866 325 994 383 72—75
1156 317 1217 383 105

72 477 140 562 2,5
163 498 244 557 quoe
266 485 386 558 reliquo
409 500 504 559 opero
526 486 597 543 sint*
611 502 726 544 curare
749 486 795 544 uti
813 486 1026 560 perficiantur,
1050 480 1080 566 5,
1098 482 1120 546 4
1143 503 1217 561 opus

74 593 226 650 rusticum
254 607 340 651 omne
372 598 460 651 curet
492 594 539 650 uti
567 594 648 651 sciet
675 589 800 666 facere,
834 588 949 671 143‚2
981 593 1080 652 cibum
1108 594 1164 652 tibi
1190 599 1219 652 ct

70 697 214 774 familiae
233 705 322 759 curet
339 701 386 757 uli
403 704 522 758 coctum
540 700 659 777 babeat,
682 694 787 778 155,1
808 717 919 775 equom
938 702 1085 760 diducere
1104 702 1134 759 in
1153 703 1218 759 cios

71 814 100 868 et
124 813 256 881 scoetem
280 824 395 867 curare
418 814 534 882 oportet
553 809 599 866 oti
617 808 705 881 timot.
734 805 858 867 aliorum
878 807 1058 885 scriptorum
1078 805 1219 886 exempla,

71 917 103 974 in
128 912 241 993 quihus
256 913 341 974 idem
366 912 489 973 verbum
513 932 582 974 cum
605 915 793 974 coniunctim
819 913 904 974 modo
927 916 990 974 sine
1010 916 1218 975 coniunctione

72 1023 205 1100 positum
242 1029 306 1103 est,
342 1019 550 1082 Lachmannus
586 1022 617 1081 in
654 1020 774 1082 Lucrel.
806 1040 834 1100 p.
868 1019 933 1082 362
971 1029 1001 1081 et
1037 1031 1104 1101 post
1140 1021 1219 1081 huuc

73 1126 105 1188 C.
121 1127 154 1188 F.
169 1127 216 1188 W.
235 1128 395 1189 Muellerus
419 1126 535 1189 observ.
559 1131 624 1189 erit.
648 1130 679 1188 in
707 1130 859 1207 prosaicos
883 1128 989 1189 latmos
1012 1127 1218 1207 Landsbergse

72 1254 99 1298 a.
121 1232 209 1298 1865
236 1255 263 1315 p.
285 1233 326 1298 12
359 1235 512 1296 dederunt„
560 1236 664 1296 eodem
694 1236 780 1297 modo
808 1235 879 1296 Calo
908 1239 1106 1297 considerare
1135 1235 1218 1314 (lixit,

73 1341 104 1424 5,
127 1342 147 1404 2
166 1347 339 1405 consideret
357 1363 436 1419 quoe
455 1347 591 1405 domimus
611 1347 806 1421 imperaverit
821 1348 907 1418 fient,
928 1354 957 1404 el
975 1345 1093 1422 saepius
1109 1342 1219 1418 facere

73 1460 105 1511 et
125 1455 235 1512 sinere.
272 1451 396 1512 aliorum
416 1450 574 1512 verborum
599 1451 730 1530 exempla
755 1454 852 1512 notavi
876 1450 958 1531 haec,
980 1448 1033 1530 43,
1052 1449 1072 1511 2
1095 1454 1123 1511 si
1140 1454 1219 1510 cotes

74 1562 166 1619 vineo
194 1563 253 1619 cito
277 1567 410 1632 crescat,
439 1556 535 1639 46,2
562 1563 591 1620 si
617 1562 695 1619 voles
723 1563 783 1620 cito
806 1563 920 1620 semino
944 1566 1098 1632 crescent,
1127 1554 1216 1636 54‚1

70 1675 247 1743 poscantur
268 1670 364 1727 sotios
388 1669 456 1740 erit,
480 1662 521 1727 69
546 1672 646 1743 tepeo!
667 1669 743 1727 sotis
765 1675 817 1741 cst,
844 1663 885 1728 83
909 1683 975 1727 com
998 1685 1062 1726 rem
1086 1667 1219 1725 divinam

74 1777 125 1834 ocl
144 1793 250 1834 sertus
274 1778 321 1835 vel
348 1776 427 1834 liber
449 1775 551 1834 licebit
570 1773 684 1853 sociat,
714 1770 790 1853 158,
809 1771 830 1834 2
853 1775 955 1834 licebit
978 1775 1075 1853 bibas,
1107 1769 1179 1853 161,
1198 1770 1219 1833 3

73 1883 180 1941 licebit
202 1885 308 1962 velles,
338 1879 393 1962 14,
413 1879 429 1941 1
452 1881 546 1957 saber
568 1884 646 1942 boec
665 1881 767 1957 societ
789 1889 913 1958 oportet,
940 1878 992 1963 21,
1010 1876 1031 1941 5
1056 1882 1133 1940 idem
1157 1888 1218 1939 tra-

71 1995 178 2064 petum
201 1995 318 2065 oportet
340 1991 543 2049 accommodet

168 2095 294 2155 LXXIV
317 2094 440 2155 Manus
460 2096 744 2174 mortariumque
764 2093 851 2177 bene
871 2090 1004 2175 leuato]
1028 2097 1143 2155 Loooto
1163 2094 1219 2155 hoc

76 2199 145 2263 loco
174 2201 231 2263 fuit
259 2205 289 2262 in
318 2202 493 2282 archetypo,
521 2205 591 2263 item
618 2198 735 2281 157,3
763 2220 846 2277 aquo
869 2205 972 2263 calido
995 2206 1089 2262 multo
1112 2206 1220 2276 locato,

74 2310 198 2386 saepius
225 2312 317 2370 lovito
345 2306 397 2371 25.
421 2306 477 2388 65,
500 2308 526 2370 l.
550 2294 615 2390 9ss
626 2307 655 2369 2.
681 2306 827 2391 157,10.
870 2327 936 2369 nam
965 2309 1078 2388 reliqua
1107 2311 1219 2388 primae

76 2418 297 2494 coniugationis
316 2426 394 2499 sunt,
416 2413 546 2498 157,10
564 2421 592 2477 si
609 2421 690 2478 loves
710 2418 898 2478 coniunctim
917 2417 1013 2496 modo,
1040 2434 1098 2476 uon
1119 2416 1219 2476 fulmo

75 2532 213 2604 tempore
237 2524 359 2606 dictum,
382 2527 453 2585 item
477 2521 528 2586 86.
555 2511 627 2605 156,
646 2521 675 2584 3.
701 2520 835 2604 157,13
865 2529 944 2586 lavet
967 2521 1056 2606 23,1
1082 2528 1221 2586 loventot·

75 2641 108 2692 et
132 2632 277 2695 infinitivo
301 2630 331 2713 2,
350 2629 371 2694 3
393 2636 501 2692 locari.

169 2738 332 2799 Farinam
366 2740 398 2799 in
429 2741 635 2799 mortarium
668 2739 783 2799 indito
817 2757 926 2818 aquae
959 2740 1129 2819 paulatim
1162 2739 1219 2799 ad-

76 2845 172 2924 dito]
207 2848 265 2907 Aul
301 2854 369 2906 nota
401 2864 558 2907 mensurae
590 2855 658 2926 posl
689 2864 789 2922 oquoc
825 2847 950 2927 excidit,
986 2855 1019 2908 ut
1051 2845 1221 2907 Eussnerus

77 2973 108 3033 p.
127 2950 194 3014 304
218 2963 247 3014 el
271 2952 554 3013 Schoendoerllerus
579 2953 614 3014 de
639 2956 765 3032 genuina
789 2953 849 3016 Cat.
869 2954 905 3014 de
928 2957 1016 3034 agric.
1036 2953 1103 3014 libri
1127 2955 1220 3014 torma

77 3082 107 3141 p.
121 3057 166 3122 48
186 3063 388 3142 coniecerunt,
407 3071 466 3142 aul,
485 3064 624 3141 quoniam
643 3080 680 3121 ne
701 3063 809 3122 ferinae
830 3062 949 3140 quidem
970 3071 1085 3123 certum
1104 3061 1221 3140 pondus

77 3169 243 3230 indicatum
277 3177 335 3248 esl,
368 3186 467 3243 aquae
496 3171 654 3244 [toolcclom
686 3167 877 3228 scribendum
910 3178 963 3229 est.
1011 3173 1160 3246 paulatim
1190 3171 1220 3229 in

78 3276 184 3338 eadem
213 3295 245 3337 66
274 3254 383 3355 legito}
407 3273 461 3358 76,
485 3274 498 3335 1
522 3275 649 3350 sorinoe
676 3280 694 3336 l.
719 3277 793 3336 IIII
813 3279 962 3353 [oculatim
990 3279 1094 3337 addito
1123 3286 1152 3336 et
1179 3273 1220 3337 86

79 3390 162 3447 locte
185 3386 280 3445 oddot
300 3386 458 3460 paulatim.
492 3386 652 3460 paululum
674 3402 742 3443 eum
766 3385 901 3461 genetivo
925 3384 1037 3443 dictum
1062 3392 1107 3443 cst
1129 3381 1181 3462 40,
1201 3381 1221 3444 2

78 3496 220 3553 borenoe
244 3493 415 3567 paululum,
447 3487 557 3571 156,5
581 3500 611 3551 et
634 3487 652 3550 7
682 3494 797 3551 cumini
814 3495 985 3568 paululum,
1016 3487 1125 3570 157,9
1149 3494 1222 3550 salis

74 3602 246 3676 paululum,
265 3606 296 3658 et
310 3601 437 3676 paulum
456 3616 524 3658 cum
544 3599 680 3676 genetivo
695 3617 720 3658 c.
731 3595 773 3661 92
789 3602 951 3676 palearum
963 3602 1097 3677 paulum,
1120 3594 1220 3678 157,8

76 3710 153 3767 solis
172 3710 307 3783 peselum.

171 3815 278 3874 LXXV
306 3812 429 3874 Libum
459 3812 524 3873 hoc
551 3813 653 3874 modo
681 3813 810 3893 facito]
839 3813 873 3874 ln
897 3814 1016 3874 rubrica
1039 3817 1222 3894 praescripta

77 3924 173 3982 libum
200 3924 245 3982 sic
269 3919 368 3996 facito
396 3914 505 3981 habent
532 3921 713 4002 apographa,
741 3921 792 3982 sed
824 3923 915 3981 libum
938 3925 995 3983 boc
1019 3926 1104 3982 modo
1125 3921 1223 3997 socito

77 4029 173 4090 editio
201 4029 340 4107 princeps
370 4026 554 4088 aPolitiano
578 4047 637 4089 non
662 4039 798 4090 correcta
821 4037 851 4089 el
874 4028 964 4088 editio
988 4027 1123 4109 Victorii;
1151 4031 1221 4088 item

79 4136 235 4198 in.indioe
260 4134 456 4215 capitulorum
480 4145 510 4197 et
533 4137 563 4195 in
588 4145 729 4199 contextu
753 4135 910 4196 verborum
934 4154 1045 4196 omnes.
1087 4136 1223 4196 simililer

78 4243 122 4306 84
146 4247 284 4305 cavillum
312 4246 368 4304 boc
392 4246 478 4304 modo
499 4243 609 4319 facito,
635 4235 692 4304 'sed
720 4245 751 4304 in
775 4243 893 4304 rubrica
918 4251 947 4303 et
970 4245 1002 4303 in
1024 4243 1121 4305 indice
1146 4245 1223 4323 capi·

78 4352 211 4414 tolosum
235 4353 372 4410 cavillum
395 4354 441 4412 sic
460 4350 558 4427 socito
583 4353 728 4429 scriplum
752 4360 805 4411 est.

169 4459 280 4520 LXXV
308 4457 344 4517 Si
372 4457 473 4519 uoles
501 4460 665 4520 tenerius
694 4477 775 4520 esse
804 4458 972 4519 selibram
1005 4458 1223 4539 similaginis
