2874 4994
10 40 57 199 1
376 113 507 169 RERVM
524 109 767 169 RVSTIOARVM
785 114 851 169 LIB.
871 115 898 168 11
919 113 936 170 7
1161 108 1222 171 191

79 272 200 347 tempus
222 273 299 331 anni
320 273 445 346 uenerit,
469 270 514 329 dis
538 271 595 347 die,
624 286 712 330 mana
735 277 764 330 et
787 287 918 346 uespere,
939 288 997 346 per
1020 273 1152 346 oriaam:
1180 274 1225 332 sic

70 380 255 452 appellatur
277 380 332 453 qui
353 380 493 438 admittit.

174 481 218 542 Eo
242 484 336 543 enirn
355 482 541 544 adiutante
566 502 654 562 eque
678 483 825 563 alligata
848 482 1010 544 celerius
1030 483 1223 545 admittun-

59 585 165 665 tur]
186 589 291 666 Equae
314 593 461 665 attipatoe
480 593 611 652 celerius
635 593 838 652 admittuntur
856 591 976 672 Merula,
1000 610 1078 666 equa
1097 596 1224 667 altipeta

53 694 213 757 celerius
235 699 408 758 admittitur
430 697 589 759 lucundus.
631 696 761 758 Merulae
785 699 986 759 coniecturam
1008 698 1156 759 Victorius
1179 718 1223 759 re·

49 811 208 875 ceperat„
244 805 363 865 restitui
386 801 543 865 lectionem
567 803 728 884 archetypi.
766 822 833 865 nam
852 805 1003 867 adiutaute
1022 807 1132 885 auriga,
1155 824 1221 866 curn

48 919 161 981 equa
182 908 295 989 alligata
319 919 374 991 est,
399 909 527 972 celerius
551 912 621 990 eqni
644 909 850 974 admittuntur.

172 1012 191 1077 9
224 1016 307 1078 Cum
330 1036 446 1098 equus
465 1027 615 1080 matrem
635 1017 745 1079 salire
765 1037 842 1080 eum
861 1018 990 1081 adduci
1010 1038 1080 1080 non
1099 1030 1223 1100 posset

46 1130 162 1183 oum
191 1126 310 1204 capite
347 1123 521 1186 obuoluto
561 1126 687 1204 auriga
724 1124 938 1187 adduxisset
975 1134 1010 1188 et
1041 1129 1222 1207 coegisset

47 1233 227 1291 matrem
254 1232 350 1293 inire
379 1251 455 1294 cum
483 1232 724 1294 descendenti
753 1232 946 1294 demsisset
973 1232 1014 1294 ab
1043 1232 1160 1296 oculis
1188 1244 1222 1296 et

49 1323 139 1392 ille
170 1338 339 1417 impetum
364 1339 469 1418 lecit]
494 1343 656 1402 Demsisset
677 1342 717 1419 A,
741 1343 880 1402 descisset
907 1339 1000 1401 codex
1024 1340 1222 1423 Florentinus,

53 1436 246 1506 demisisset
263 1445 285 1505 B
305 1453 337 1507 et
355 1446 509 1508 Caesenas.
548 1448 693 1527 principis
712 1447 852 1509 editionis
871 1447 1029 1509 lectionem
1044 1468 1222 1526 cumeanus

62 1555 206 1612 matrem
229 1561 264 1613 nt
285 1557 392 1615 saliret
410 1556 527 1615 adduci
543 1542 602 1615 non
616 1561 727 1631 posset,
746 1571 814 1616 cum
834 1559 935 1633 eapite
953 1557 1089 1618 obuoluto
1108 1561 1221 1633 aurien

10 1656 21 1669 ''
68 1649 258 1720 adamant
280 1666 310 1721 et
328 1664 477 1736 coepisset
493 1668 620 1722 matrem
640 1663 728 1735 inire,
748 1678 815 1721 curn
835 1664 1032 1725 descendenti
1049 1641 1222 1741 dempsisset

77 1755 117 1816 ib
151 1769 259 1841 oculu,
291 1770 341 1829 ille
369 1771 510 1844 impetum
538 1765 618 1842 fecit
651 1766 855 1846 neglegentius
888 1771 1019 1830 correxit
1049 1768 1221 1852 Politiauns,

30 1882 43 1889 ·
82 1878 149 1932 cerm
174 1877 269 1935 salire
296 1892 365 1935 cum
392 1892 447 1953 pro
476 1878 583 1936 saliret
610 1883 641 1935 et
669 1892 735 1935 eum
764 1892 819 1953 pro
848 1893 918 1935 cum
945 1885 1012 1937 ante
1042 1881 1143 1953 capite
1172 1877 1220 1938 ad-

85 1984 202 2061 loures,
222 1978 335 2059 reliqua
356 1979 548 2060 relinqueret.
586 2000 655 2043 cum
674 1999 769 2057 equas
787 1989 915 2044 matrem
935 1991 967 2043 ut
984 1987 1092 2045 saliret
1107 1987 1224 2045 adduci

83 2091 140 2146 nan
161 2097 262 2164 posset
290 2097 318 2149 et
342 2106 408 2150 mem
437 2093 539 2166 capite
566 2091 702 2149 obuoluto
722 2092 871 2165 perarida
899 2093 1079 2152 adduxisset
1102 2098 1130 2151 at
1153 2110 1219 2152 coe-

10 2236 29 2289 Ι
80 2194 171 2261 uisset
186 2202 315 2255 matrem
334 2199 422 2277 inire,
446 2214 514 2256 cum
534 2198 731 2256 descendenti
748 2198 844 2256 aetum
867 2199 1041 2272 dempsisset
1060 2200 1097 2257 ab
1117 2202 1220 2272 oculis,

10 2292 18 2355 ζ’
81 2300 129 2361 ille
151 2303 292 2378 impetum
311 2299 389 2376 fecit
413 2300 573 2363 lucuudns.
610 2300 813 2381 perturbatam
837 2304 867 2361 in
890 2301 1049 2383 archetypo
1075 2307 1220 2384 composi-

10 2406 12 2411 ’
79 2407 189 2468 tionem
211 2407 371 2469 verborum
396 2410 576 2487 transposito
605 2408 641 2468 ab
675 2410 760 2469 initio
784 2411 948 2471 sententiae
977 2428 1046 2471 eum
1069 2423 1100 2471 et
1123 2411 1220 2474 deleto

74 2521 105 2576 et
132 2524 201 2577 ante
229 2519 279 2578 ille
307 2515 473 2596 emendavi,
506 2535 600 2592 epuns
633 2522 760 2577 matrem
787 2519 883 2577 salire
917 2534 985 2579 cum
1012 2520 1130 2580 adduci
1159 2537 1219 2580 non

69 2628 182 2699 posset,
205 2641 274 2684 cum
298 2642 365 2685 enm
389 2627 490 2701 capite
512 2625 649 2684 obuoluto
678 2627 791 2698 auriaa
819 2626 999 2685 adduxisset
1022 2631 1052 2686 et
1074 2630 1221 2702 coepisset

69 2739 203 2791 matrem
222 2734 310 2806 inire,
329 2748 398 2792 cum
417 2733 613 2792 descendenti
630 2733 805 2807 dempsisset
823 2733 862 2790 ab
881 2734 985 2804 oculis,
1011 2734 1060 2793 iile
1079 2737 1219 2810 impetum

65 2835 157 2913 fecit.
196 2856 262 2898 nam
286 2840 403 2899 adduci
425 2856 492 2898 cnm
521 2839 665 2897 infinitivo
693 2839 886 2897 coniunctum
916 2836 1045 2897 editores
1069 2840 1218 2900 offendere

66 2961 135 3005 non
159 2943 293 3006 debebat.
332 2948 453 3006 demere
476 2951 575 3005 aretem
595 2961 654 3003 nou
678 2942 776 3002 addita
796 2960 838 3022 re,
859 2959 914 3021 qna
939 2951 1028 3021 capnt
1047 2943 1218 3006 obvolutum

67 3059 148 3131 erat,
172 3050 282 3112 dictum
307 3061 362 3134 est,
386 3059 419 3112 nt
443 3050 534 3112 multa
557 3052 587 3111 in
611 3049 667 3110 hoc
691 3065 800 3128 genere
831 3046 997 3111 verborum.
1036 3068 1099 3110 rem
1125 3054 1218 3130 ipsam

64 3157 131 3220 alio
155 3165 279 3220 auctore
302 3162 432 3221 narravit
454 3157 569 3219 Plinius
593 3157 610 3218 l.
631 3176 665 3237 c.,
689 3156 816 3218 similem
839 3155 1014 3217 Aristoteles
1039 3156 1107 3218 hist.
1131 3161 1217 3217 anim.

64 3263 112 3327 lX
135 3262 189 3326 47.

165 3371 288 3453 ltaque
303 3375 338 3434 in
353 3372 508 3434 stabulis
523 3381 557 3433 et
572 3391 693 3433 {rmore
708 3371 905 3452 prohibere
920 3380 1065 3450 oportet
1086 3370 1216 3449 remum]

67 3481 186 3557 Itaque
212 3485 245 3542 in
271 3482 398 3542 stabulis
428 3482 466 3542 alr
495 3483 620 3542 ltumore
650 3480 815 3557 prohibere
841 3485 959 3555 oportet
985 3480 1106 3540 dumam
1139 3458 1220 3538 edita¹

66 3587 144 3650 inde
172 3586 209 3647 ab
237 3586 340 3648 Aldina
368 3589 497 3648 editione
527 3587 715 3667 exemplaria.
761 3594 791 3647 et
818 3604 922 3646 umore
951 3588 1082 3665 restitui,
1111 3585 1162 3645 nbi
1190 3594 1218 3647 et

65 3713 127 3776 pro
158 3693 398 3774 erismatorum,
427 3693 585 3774 prohibere
614 3702 713 3755 antem
742 3711 809 3754 cum
833 3692 958 3754 ablativo
982 3711 1053 3754 casu
1077 3694 1216 3754 coniunc-

64 3811 138 3864 tum
162 3810 217 3862 est.

165 3906 205 3970 11
240 3907 400 3970 Alternis
423 3911 484 3989 qni
508 3909 703 3969 admittant
726 3908 980 3968 diuturniores
1009 3923 1120 3985 equos
1149 3924 1216 3966 me·

65 4016 187 4079 liores
214 4016 332 4097 pullos
362 4017 448 4077 lieri
478 4015 602 4077 dieunt
630 4018 751 4095 itaque
780 4023 818 4076 ut
852 4012 1040 4075 restibiles
1074 4024 1216 4093 segetes

65 4132 173 4187 esset
201 4133 396 4186 exuctores
424 4126 477 4185 sio
505 4123 596 4202 quod
625 4125 728 4184 anuis
755 4141 844 4203 quae
872 4123 1080 4202 praegnatis
1109 4120 1216 4199 liant]

64 4232 162 4294 Esset
184 4232 214 4292 in
238 4231 397 4311 archetypo
422 4231 513 4291 luisse
538 4246 684 4290 consensu
708 4229 945 4308 apographorum
969 4235 1092 4308 constat,
1120 4236 1217 4288 esseut
