2874 4994
366 336 496 390 RERVM
514 336 754 392 nvsutctnvu
771 338 839 393 LIB.
859 339 898 393 111
920 338 959 395 16
1174 333 1239 398 285

104 507 225 550 numero
257 508 292 551 ea
325 491 538 570 significatione
572 491 685 553 dictum
717 501 776 574 est,
809 510 897 572 quam
925 491 1032 555 Festus
1060 512 1088 573 p.
1113 492 1178 556 170
1210 506 1241 557 et

104 596 209 658 ionius
232 615 261 676 p.
281 593 347 660 352
372 597 587 660 adnotaverunt
610 607 640 659 et
664 598 807 679 exemplis
826 609 961 661 veterum
980 601 1238 683 confirmaverunt,

104 721 221 765 temero
257 707 414 779 sipoificct
449 709 522 780 cito,
561 707 641 768 item.
665 705 754 785 gloss.
781 706 890 768 Placid.
922 725 949 786 p.
976 704 1019 769 68
1052 709 1097 770 ed.
1122 707 1239 770 lleuerl.

104 829 222 873 ιαηιινο
249 830 383 889 propere
414 816 566 875 velociter.
617 812 686 874 olim
720 832 755 874 ex
788 815 960 893 geopouicis
987 812 1005 876 l.
1030 832 1055 876 ο.
1079 818 1239 892 plausibus

104 922 264 980 2nmerosis
287 918 479 980 scribendum
498 921 692 981 coniecerarn.
731 919 837 981 deiude
857 928 885 982 et
903 923 950 982 lois
969 923 1027 982 diis
1045 924 1163 984 helicon
1183 923 1240 983 luit

104 1044 120 1086 u
146 1025 319 1108 archetypo,
343 1034 372 1086 et
394 1035 428 1087 ut
450 1030 497 1087 λιιι
521 1030 569 1088 dis
587 1028 734 1088 Helicona
758 1029 865 1107 scripsi
888 1046 924 1087 ex
943 1030 1077 1108 principe
1100 1027 1238 1090 editione.

184 1129 205 1193 8
238 1130 480 1211 lmpectantes
503 1133 544 1194 ab
563 1152 601 1194 se
621 1136 762 1194 eiciunt
779 1133 899 1211 lucos]
921 1136 1099 1212 impetentes
1118 1134 1239 1216 Merula,

104 1239 175 1318 {uod
200 1238 335 1318 probavit
359 1238 575 1321 Schneiderus,
602 1249 637 1300 ut
660 1248 739 1301 esset
762 1242 906 1320 impetum
935 1242 1084 1302 iacientes.
1131 1246 1238 1320 impec-

105 1353 190 1408 entes
214 1364 229 1406 a
253 1346 401 1426 pectendo
425 1347 536 1420 dictum
561 1347 606 1408 vel
630 1351 825 1425 imponantes
843 1367 860 1407 a
879 1349 1095 1427 frequentativo
1111 1358 1239 1425 pectere

105 1452 230 1514 telendit
247 1453 407 1514 Turnebus
427 1455 540 1515 advers.
560 1452 590 1535 8,
608 1453 637 1536 8,
657 1463 689 1515 ut
708 1462 788 1516 esset
807 1455 997 1517 verberantes
1017 1456 1061 1517 vel
1081 1455 1238 1517 verberare

105 1563 262 1640 tupieutes.
299 1578 428 1640 quorum
451 1561 524 1621 nihil
548 1561 669 1640 probari
692 1581 780 1641 posse
804 1571 934 1642 apparet.
972 1561 1024 1622 sed
1042 1571 1125 1623 reete
1145 1560 1240 1622 Victo·

105 1670 160 1729 ius
184 1667 352 1728 emendavit
376 1671 567 1730 insectantes.
613 1667 649 1728 ab
668 1668 826 1729 Aristotele
852 1668 932 1750 haec,
956 1670 1035 1729 sicut
1058 1669 1112 1729 alia
1136 1670 1167 1728 iu
1185 1667 1239 1728 hac

105 1782 180 1836 carte
203 1773 240 1834 de
264 1772 379 1855 apibus,
402 1774 540 1835 videntur
563 1777 655 1854 petita
679 1794 745 1836 csse
767 1774 834 1836 hist.
854 1778 942 1838 anim.
961 1773 1074 1858 1x40,
1094 1771 1157 1836 179
1180 1772 1242 1836 τοῦ

105 1873 132 1942 tt
157 1873 273 1960 φωρὸς
294 1874 351 1941 καὶ
374 1877 526 1961 κηφῆνος
549 1877 740 1962 γενομένων
765 1873 866 1944 οὐδέν
889 1877 981 1944 ἐστιν
1003 1880 1114 1961 ἔργον,
1139 1872 1178 1942 τὰ
1203 1874 1241 1942 δὲ

105 1992 162 2050 τῶν
180 1979 293 2048 ἄλλων
311 1981 526 2066 βλάπτουσιν.
562 1979 779 2068 ἁλισκόμενοι
799 1983 837 2051 δὲ
858 1981 1070 2071 θνῄσκουσιν
1087 1977 1154 2050 ὑπὸ
1172 1984 1241 2050 τῶν

105 2097 248 2175 χρηστῶν
271 2090 444 2174 μελιττῶν,
468 2094 507 2155 ib.
526 2092 589 2156 201
616 2089 831 2170 ἐξελαύνουσι
855 2089 971 2157 δὲκαὶ
993 2087 1052 2168 τὰς
1076 2085 1182 2176 ἄρνας
1205 2091 1243 2155 αλ

106 2197 241 2264 ιέλιτται
263 2195 317 2262 καλ
342 2193 401 2274 τὰς
424 2194 468 2282 μὴ
493 2199 704 2282 φειδομὲνας.
749 2202 890 2264 Varronis
913 2201 1003 2264 verba
1027 2209 1240 2280 expresserunt

106 2311 256 2388 :eopouica
276 2307 295 2369 l.
314 2326 339 2368 c.
359 2305 379 2369 9
403 2316 519 2388 στυγεῖ
541 2302 578 2370 di
601 2301 743 2389 μάλιστα
765 2300 845 2382 τοὺς
863 2301 996 2389 ἀργούς.
1035 2298 1088 2369 διὸ
1107 2301 1163 2369 καλ
1180 2301 1240 2380 τὰς

106 2406 212 2497 λρνεῖν
244 2410 512 2496 προαιρουμένοις
543 2409 599 2477 καὶ
632 2409 832 2490 dendroides
864 2408 901 2478 τὸ
934 2408 1087 2496 ιιονηθλυ
1118 2418 1241 2488 κοινῶς

106 2513 308 2604 ἱναιροῦσιν.

184 2629 291 2691 Extra
315 2631 447 2690 ostium
471 2630 566 2691 aluei
592 2639 765 2710 opturaut
789 2633 904 2691 omnia
928 2648 993 2710 qun
1018 2633 1120 2691 uenit
1142 2632 1241 2692 iuter

106 2745 200 2799 'auos
231 2739 386 2816 spiritus
418 2756 519 2817 quam
554 2737 741 2798 erithaceu
773 2736 958 2819 appellant
993 2736 1134 2817 graeci]
1172 2740 1240 2799 Aioi

106 2843 288 2906 cribeudum
312 2863 379 2906 esse
402 2845 463 2905 dixi
482 2842 521 2904 ΙΙΙ
540 2842 570 2926 2,
592 2843 642 2905 11.
679 2864 742 2906 rem
763 2846 932 2906 accuratius
951 2845 1111 2924 descripsit
1129 2845 1240 2905 Aristo·
1359 2883 1361 2886 >

106 2951 170 3011 eles
193 2950 262 3013 hist.
280 2954 368 3013 anim.
388 2949 428 3010 tx
446 2946 500 3031 40,
524 2947 584 3013 169
603 2945 678 3030 ιτερλ
703 2944 740 3012 δὲ
763 2943 800 3013 τὸ
825 2944 931 3031 στόμα
954 2949 1015 3012 τοῦ
1034 2943 1184 3031 σμήνους
1199 2944 1240 3013 ’τό

106 3051 155 3119 ιὲν
183 3054 317 3138 πρῶτον
349 3055 408 3137 τῆς
434 3049 615 3130 εἰσδόσεως
647 3049 901 3136 περιαλήλιπται
932 3055 1031 3136 μίτοι.
1076 3060 1175 3117 τοῦτο
1205 3047 1237 3117 d'

107 3158 164 3227 ’στὶ
184 3159 288 3245 μέλαν
308 3161 445 3242 λκανῶς,
469 3154 579 3243 ῶσπερ
603 3153 817 3242 ἀποκάθαρμ’
839 3153 954 3233 αὐταῖς
972 3158 1032 3221 τοῦ
1050 3158 1167 3239 κηροῦ,
1182 3157 1238 3222 καὶ

107 3262 157 3351 τὴν
170 3261 278 3350 ὀσμὴν
288 3269 400 3353 δριμύ,
414 3262 592 3350 φάρμακον
607 3259 641 3330 δ’
655 3261 723 3328 ἐστὶ
736 3259 916 3348 τυμμοὶτων
926 3262 981 3328 καὶ
992 3263 1060 3327 τῶν
1075 3264 1239 3330 τοιούτων

107 3372 326 3458 μιτνημοῖτοιν.
350 3368 370 3456 ἡ
385 3369 423 3437 δέ
437 3366 578 3455 συνεχὴς
591 3366 715 3454 ἀλοιφὴ
731 3365 838 3457 τούτῳ
852 3365 1066 3455 πισσόκηρος,
1081 3365 1238 3454 ἀμβλύτε-
1359 3431 1364 3440 ,

107 3502 159 3545 ιον
177 3475 232 3543 καὶ
255 3466 356 3562 ἦττον
375 3478 596 3562 φαρμακῶδες
614 3477 672 3561 τῆς
694 3480 818 3562 μίτυος.
856 3480 1007 3543 erithaceu
1026 3491 1238 3542 commemorat

107 3590 175 3651 dem
199 3589 267 3650 hist.
285 3590 373 3649 anim.
393 3571 485 3668 V'22,
507 3585 570 3649 119
594 3584 690 3670 φέρει
713 3581 751 3649 δέ
773 3581 879 3669 κηρὸν
906 3581 968 3669 μέν
995 3582 1051 3650 καλ
1074 3579 1237 3669 έριθάκην

107 3690 171 3780 ιερλ
198 3702 268 3770 τοῖς
295 3690 438 3772 σκέλεσι,
465 3686 502 3756 τὸ
532 3688 569 3756 δέ
601 3694 673 3776 μέλι
701 3691 773 3775 έμεῑ
798 3693 845 3768 εἰς
871 3688 933 3756 τὸν
955 3688 1121 3777 κύτταρον
1145 3704 1175 3756 et
1198 3693 1238 3755 tx

107 3803 148 3886 20,
168 3801 233 3865 202
260 3796 317 3864 καλ
344 3799 382 3863 αλ
401 3794 464 3883 μὲν
491 3794 597 3883 κηρὸν
621 3796 827 3884 ἐργάζονται,
855 3798 893 3862 αλ
913 3794 951 3862 δέ
973 3794 1007 3862 τὸ
1031 3797 1121 3881 μέλι,
1145 3798 1183 3862 αἱ
1205 3793 1236 3862 d’

107 3903 270 3992 ριθάκην.
317 3909 417 3971 cibum
441 3927 499 3989 quo
523 3927 593 3988 apes
617 3916 780 3988 pascuntur
804 3908 955 3969 erithaceu
978 3907 1105 3987 appellat
1123 3899 1237 3968 Plinius

107 4015 211 4099 {1173
235 4015 291 4099 35;
313 4015 366 4079 42.
413 4016 504 4078 Varro
533 4035 627 4096 genus
655 4016 802 4096 quoddam
830 4034 916 4076 cerac
944 4012 989 4074 vel
1012 4013 1135 4094 glutinis
1157 4015 1238 4095 dicit,

108 4133 166 4185 tem
190 4131 293 4204 postea
315 4123 336 4202 ξ
355 4122 398 4186 23
422 4126 582 4187 erithaceu
604 4131 715 4186 vocant
736 4142 795 4200 qno
816 4122 904 4198 soros
927 4129 1078 4184 extremos
1103 4123 1184 4183 inter
1205 4141 1238 4184 se

108 4233 314 4307 ronolntinont.

184 4333 204 4397 9
238 4334 281 4397 tn
304 4336 470 4398 colonias
490 4340 637 4399 mittunt
656 4339 752 4416 iique
771 4335 881 4399 duces
900 4336 1111 4399 conficiunt
1130 4354 1235 4416 quae·

108 4444 171 4504 lam
192 4443 232 4505 ad
256 4462 380 4507 uocem
404 4452 443 4506 ut
464 4445 667 4506 imitatione
691 4444 802 4506 tubae
830 4452 904 4505 tum
930 4442 966 4504 id
989 4443 1130 4505 iaciunt
1159 4462 1237 4506 cum
