2874 4994
156 310 198 375 10
513 318 703 374 ΟΟΜΜΕΝΤ.
721 319 761 374 ΙΝ
779 317 936 374 CATONIS

241 472 310 535 Ili
341 474 375 534 Si
400 492 466 534 non
491 474 611 535 eodem
635 474 691 535 die
715 475 754 535 ad
778 471 970 553 postridie]
996 475 1108 536 Eodem
1132 477 1182 535 eiie
1204 476 1295 535 editio

152 585 292 662 princeps
320 602 337 642 a
359 581 503 642 Politiano
531 601 590 643 non
618 590 751 644 correcta
779 590 809 642 et
836 581 1002 661 apographa
1031 580 1076 642 vel
1099 581 1226 660 plurima
1249 582 1296 642 uel

154 691 263 751 omnia:
291 707 358 749 uam
386 688 422 749 de
446 688 579 750 Parisino
607 690 709 751 codice
733 698 762 750 ot
785 690 822 751 lle
846 689 1005 751 Caesenate
1029 688 1141 749 dubito.
1186 708 1221 750 eo
1245 692 1296 750 die

153 799 268 876 primus
291 796 384 857 edidit
408 795 563 878 Victorius,
586 798 665 878 quod
685 797 791 858 deinde
815 799 845 857 in
869 796 998 876 reliquas
1021 798 1166 856 editiones
1189 814 1295 875 propa-

152 914 251 985 gatum
276 914 330 965 est.

242 1011 384 1073 Satisne
426 1015 576 1091 temperi
617 1032 723 1092 opera
759 1014 830 1073 siet
866 1011 1043 1090 conlecta]
1086 1011 1223 1089 Temperi
1257 1031 1294 1071 cx

152 1120 311 1200 archetypo
330 1118 492 1181 Politianus
511 1120 668 1200 adnotavit,
687 1123 815 1198 tempori
832 1118 1007 1209 apographa.
1040 1115 1105 1197 3‚4
1123 1121 1151 1179 si
1168 1122 1298 1195 temperi

149 1226 249 1302 socies
279 1236 398 1305 praeter
426 1234 563 1306 excerpta
591 1226 728 1287 Politiani
756 1228 844 1287 etiam
872 1228 902 1286 in
931 1225 1080 1286 nonnullis
1108 1225 1296 1305 apographis,

151 1335 254 1395 codice
278 1333 410 1395 Parisino
434 1343 463 1395 et
482 1333 650 1415 Caesenate,
675 1336 818 1414 scriptum
842 1345 897 1395 est.
933 1337 1061 1411 tempori
1082 1341 1209 1413 utroque
1228 1334 1295 1394 loco

151 1424 325 1503 eclitfiinde
353 1461 368 1501 a
397 1444 531 1521 principe
559 1443 688 1503 editione
716 1441 901 1520 exemplaria.
949 1460 1050 1501 verum
1078 1460 1144 1502 osso
1167 1446 1296 1519 temperi

151 1548 331 1609 llitsclrelius
359 1551 389 1609 in
418 1552 466 1610 rit.
494 1549 612 1612 Terent.
637 1549 717 1610 Suet.
747 1551 848 1628 lragm.
872 1549 917 1609 ed.
941 1547 1152 1609 lleillerscheid
1176 1568 1203 1628 p.
1227 1546 1292 1610 507

151 1650 267 1739 (opusc.
290 1677 316 1718 r.
334 1655 374 1716 lll
397 1676 424 1736 p.
445 1649 525 1740 244)
553 1657 772 1719 demonstravit
795 1689 839 1699 -
862 1675 956 1734 opera
979 1660 1058 1718 sient
1080 1658 1220 1730 confecta
1245 1656 1293 1716 lo·

151 1763 275 1825 condus.

239 1869 260 1932 2
279 1870 374 1931 Dicit
394 1871 527 1933 uilicus
546 1872 710 1933 sodolosa
725 1871 870 1950 iecisse]
886 1874 1030 1934 Sedoloso
1041 1870 1153 1948 secisse
1167 1871 1294 1950 plurima

149 1978 328 2059 apographa,
355 1982 460 2041 sedulo
485 1998 518 2041 se
541 1979 653 2055 secisse
680 1981 710 2039 in
733 1982 868 2059 principe
893 1980 1021 2040 editione
1045 1979 1207 2039 Politianus
1232 1998 1293 2038 uon

150 2086 288 2145 correxit.
334 2087 364 2145 in
392 2085 551 2166 archetypo
581 2087 696 2148 ridetur
723 2089 860 2149 sedeloco
888 2089 1033 2166 scriptum
1057 2087 1162 2165 inisse,
1190 2095 1293 2165 postea

149 2200 316 2254 correctum
330 2195 434 2254 sedulo
447 2212 487 2254 se.
515 2188 562 2252 Ὗ.
573 2194 604 2253 C.
617 2196 727 2274 sedulo,
742 2194 819 2271 quod
836 2193 952 2254 dnobus
965 2192 1061 2253 modis
1075 2195 1169 2271 accipi
1183 2201 1292 2273 potest,

149 2309 179 2360 et
192 2320 247 2379 pro
262 2299 364 2360 sedulo
375 2295 548 2381 ἆρχαικῶς,
564 2307 596 2359 ut
606 2299 712 2361 Consol
727 2299 909 2380 proconsul,
923 2309 953 2360 ot
967 2319 1022 2381 pro
1037 2303 1100 2360 sine
1111 2300 1187 2381 dolo,
1202 2311 1234 2362 ut
1245 2310 1293 2361 est

149 2409 180 2467 in
194 2408 367 2485 fragmentis
381 2407 478 2485 legum
493 2403 687 2468 vetustarum'
698 2406 832 2469 Ursinus,
855 2410 967 2469 rectius
977 2416 1092 2468 veteres
1106 2410 1292 2486 grammatici

149 2513 320 2574 adverbium
342 2516 446 2577 sedulo
470 2532 505 2573 ex
528 2532 561 2574 se
584 2516 652 2575 dolo
675 2522 773 2574 ortum
792 2533 857 2574 esse
877 2514 1071 2595 tradiderunt,
1096 2514 1173 2594 quod
1195 2533 1292 2594 nuper

148 2620 348 2682 buechelerns
362 2639 437 2681 mus.
475 2620 566 2681 eren.
581 2640 606 2681 a.
623 2617 710 2682 1880.
723 2640 749 2700 p.
765 2617 829 2683 629
845 2624 1036 2683 contirmavit.
1064 2621 1167 2682 dubito
1182 2631 1292 2704 tamen,

148 2747 219 2789 num
237 2747 270 2789 so
288 2731 355 2789 doio
374 2726 444 2788 Cato
463 2730 626 2807 scripserit.
662 2731 766 2790 sedato
785 2728 892 2807 legitur
908 2730 939 2788 in
957 2727 1042 2789 libris
1060 2748 1149 2790 manu
1169 2732 1291 2809 scriptis

147 2832 178 2915 5,
192 2834 212 2897 8
230 2844 349 2896 stercus
365 2837 470 2897 sedulo
484 2854 630 2898 conseruo
649 2844 679 2896 et
693 2832 735 2897 36
749 2844 867 2897 stereus
881 2854 967 2898 omme
979 2840 1083 2899 sedulo
1099 2845 1290 2909 conservam

148 2945 218 3004 item
248 2942 324 3020 apud
353 2942 518 3003 charisium
546 2962 574 3022 p.
598 2941 672 3023 222,
695 2941 739 3006 34
763 2942 805 3005 M.
827 2944 901 3004 Coto
928 2946 1046 3005 dierum
1074 2947 1227 3006 dictorum
1251 2949 1291 3006 dc

146 3054 383 3112 constrictorum
408 3082 446 3092 -
473 3053 589 3112 intereo
613 3053 774 3112 adsocies
797 3061 916 3112 nostros
938 3054 1042 3113 sedulo
1066 3055 1290 3129 dispertierom.

234 3155 299 3216 Ubi
331 3175 389 3227 eas
421 3157 581 3237 aliasque
614 3175 740 3218 causas
769 3156 896 3218 multas
925 3158 1017 3219 dixit
1045 3158 1084 3220 ad
1114 3161 1291 3220 rationem

147 3282 292 3343 operum
314 3283 573 3344 operarumque
593 3263 741 3326 uilicum
760 3261 903 3345 reuoca]
924 3267 1048 3326 Dixerit
1064 3265 1185 3346 Merula,
1209 3268 1289 3346 quod

146 3370 252 3431 ‹leimle
280 3373 311 3430 in
337 3371 466 3450 reliquas
489 3372 634 3432 editiones
657 3380 850 3450 propagatum
875 3381 946 3432 erat.
992 3390 1139 3434 revocare
1162 3375 1291 3434 coniecit

145 3476 314 3539 Eussnerus
334 3497 362 3557 p.
377 3475 450 3558 307,
474 3487 507 3538 ut
530 3478 602 3538 baec
623 3497 742 3558 qaroque
762 3480 796 3538 ad
817 3478 940 3539 verluun
959 3487 1076 3556 oportet
1095 3482 1289 3543 reserrentur.

231 3583 251 3647 3
281 3583 363 3645 Cum
391 3592 626 3662 tempestates
653 3585 799 3665 pluuiae
823 3566 960 3646 luerint
984 3604 1071 3665 quae
1095 3605 1201 3666 opera
1226 3607 1289 3667 per

141 3690 289 3752 imbrem
322 3694 405 3752 lieri
435 3691 635 3770 potuerint]
670 3693 741 3752 Cam
769 3698 956 3770 tempestates
979 3696 1139 3769 pluvioeve
1166 3693 1288 3756 ltlerula.

141 3817 210 3860 eum
229 3806 416 3876 tempestates
431 3801 590 3876 pluvioeoe
605 3797 733 3880 suerint,
755 3800 853 3860 videto
872 3807 944 3883 quot
963 3801 1035 3879 dier,
1058 3818 1173 3876 quaeue
1192 3820 1286 3878 opero

137 3925 196 3983 per
225 3908 348 3967 imbrem
372 3909 447 3980 fieri
469 3909 626 3982 potuerim
654 3905 817 3986 iucundus,
850 3905 902 3967 ubi
925 3906 1074 3967 Victorius
1098 3911 1222 3985 pluviae
1249 3929 1287 3970 ox

141 4013 243 4073 codice
267 4014 406 4092 restituit,
430 4014 461 4072 in
484 4012 608 4092 reliquis
632 4011 836 4091 interpolatam
861 4013 1018 4075 lectionem
1041 4034 1078 4074 ex
1097 4015 1199 4076 Aldina
1224 4017 1284 4077 edi-

141 4121 219 4180 tione
244 4121 390 4198 repetivit.

229 4225 464 4287 stercilinum
485 4222 582 4307 lieri]
598 4229 801 4306 stercilinum,
821 4228 899 4307 quod
920 4231 950 4288 in
970 4229 1072 4290 codice
1087 4231 1288 4293 l'lorcntinoi

140 4342 170 4393 et
193 4335 223 4393 in
243 4332 402 4392 Caesenatc
426 4343 455 4393 ot
478 4336 509 4393 in
532 4333 663 4394 Mediceo
686 4354 715 4394 m
740 4337 884 4414 scriptum
908 4344 962 4414 est,
985 4338 1015 4396 iu
1041 4339 1104 4416 ipso
1124 4338 1282 4419 archetypo

140 4442 285 4518 scriptum
305 4440 396 4500 luisse
416 4440 545 4501 Victorio
564 4441 746 4502 credendum
765 4450 824 4523 est3
847 4443 946 4503 minus
965 4454 1102 4506 accurato
1120 4444 1283 4508 Politianus
