2874 4994
310 115 441 173 33333
457 86 697 173 musmonem
719 115 788 172 ma.
807 114 846 171 m
867 112 950 172 r-s
1136 105 1199 172 257

60 271 334 336 eondiseashic
362 275 396 334 in
425 272 512 336 urbe
541 271 676 335 cotidie
704 271 844 334 lucrum
873 288 987 332 assem
1016 272 1201 332 semissem

60 381 216 444 condere
239 385 275 443 13
299 380 453 460 1333133]
477 383 628 456 Aedificas
650 381 770 443 Merula.
807 399 847 442 ex
869 399 937 442 osse
958 381 1108 441 semissem
1132 397 1201 440 con·

60 493 135 552 dere
158 489 317 551 lurcnndus.
363 476 394 551 et
415 497 577 566 antequam
601 491 745 563 aedifices
771 507 847 550 rure
868 504 1019 563 maantam,
1043 489 1203 548 condiscas

58 599 111 658 iric
133 601 166 658 in
189 599 266 659 arbe
287 600 421 673 quotidie
440 615 522 659 asses
541 599 673 659 condere
692 599 724 657 in
747 600 860 658 loculos
878 593 1013 657 Ursinus.
1052 588 1202 672 ‘antiquo-

58 723 127 766 rum
150 703 294 766 librorum
317 701 492 766 lectionem'
516 704 664 766 Victorius
687 705 829 766 restituit.
869 712 1031 779 antequam
1055 703 1203 774 aedificas

58 831 137 874 rare
165 831 321 890 maenam,
349 816 510 874 condiscas
539 811 748 874 Schneiderus.
795 810 984 873 scribendum
1012 811 1111 890 potius
1140 817 1203 868 erat

59 926 222 996 antequam
250 922 394 993 aedifices
422 938 510 995 rure,
540 936 682 994 maantam
710 921 870 980 condiscas
901 936 965 997 sqq.
1011 935 1077 977 nam
1108 915 1203 995 lepido

59 1043 199 1086 sermone
222 1044 294 1087 usus
317 1025 386 1087 Pica
409 1026 482 1086 Axio
506 1024 611 1087 suadet
641 1033 687 1107 ut,
711 1034 867 1105 antequam
896 1027 961 1086 ruri
989 1026 1205 1104 peristeronem

59 1131 209 1215 aedificet,
234 1135 266 1193 13
294 1132 369 1194 urbe
398 1133 549 1194 condiscat
575 1150 671 1193 assem
704 1134 857 1193 semissem
885 1141 1034 1212 tamquam
1066 1150 1204 1211 magnum
1263 1176 1277 1201 ,

59 1237 178 1300 lucrum
202 1241 231 1299 13
256 1238 368 1301 1333133
387 1241 524 1301 condere.
562 1242 706 1314 aedifices
724 1248 823 1301 autem
843 1247 923 1301 recte
943 1239 1065 1301 dederat
1084 1238 1204 1300 Merula.

60 1365 129 1408 eum
157 1346 315 1408 indicativo
343 1350 422 1408 euim
455 1355 617 1423 antequam
650 1366 708 1408 nnn
737 1349 857 1427 ponitur
890 1349 945 1407 3131
974 1348 1005 1408 13
1034 1346 1204 1407 delinitione

60 1455 217 1537 temperis,
245 1473 312 1516 eum
341 1457 528 1516 coniunctim
556 1473 645 1534 saepe
674 1456 705 1515 13
732 1456 900 1535 3333333113
927 1452 973 1514 331
1001 1472 1069 1515 eum
1100 1454 1203 1515 eodem

60 1560 148 1621 modo
172 1563 204 1622 in
227 1564 365 1642 primaria
388 1563 536 1622 sententia
561 1562 762 1622 coniunctum.

150 1667 236 1731 Tum
260 1669 397 1731 merula
417 1671 468 1730 sie
486 1686 595 1750 perge
613 1668 785 1749 deinceps
808 1666 871 1729 ille
890 1668 1097 1731 turturibus
1120 1671 1203 1730 item

59 1779 183 1857 {nquit
210 1776 326 1838 locum
353 1776 666 1850 constituendum]
691 1776 723 1837 ln
747 1779 882 1857 principe
906 1776 1035 1838 editione
1059 1780 1102 1838 sic
1125 1779 1204 1839 inter

60 1882 217 1964 loquentes
245 1882 401 1945 distributa
430 1892 515 1945 erant
545 1883 647 1966 verba,
674 1885 746 1945 Tam
770 1885 892 1946 Merula
915 1887 974 1959 sic,
999 1885 1098 1960 Peroe
1121 1888 1204 1946 dein·

60 2010 140 2069 ceps.
174 1993 238 2072 Ille,
256 1992 438 2053 Tartarilrns
456 1995 554 2068 inquit
571 1995 669 2053 locam
688 1995 937 2067 constituendum,
957 2011 1031 2072 quae
1051 1995 1081 2052 in
1101 1993 1204 2054 Aldina

60 2098 193 2160 editione
217 2101 247 2159 13
271 2098 351 2160 hune
374 2098 494 2171 modum
514 2107 623 2160 mutata
643 2108 723 2180 sunt,
742 2101 849 2173 Axios,
868 2107 900 2160 tu
920 2100 1042 2161 Merula
1063 2103 1205 2178 deinceps

54 2224 164 2285 perae.
210 2208 277 2280 Ille,
306 2207 487 2268 ditatoribus
511 2209 608 2282 inquit
636 2210 734 2268 locum
758 2209 1009 2269 constituendam.
1054 2208 1205 2288 archetypi

60 2313 221 2374 lectionem
240 2312 388 2375 Victorius
413 2315 552 2396 restituit,
576 2312 628 2374 sed
651 2317 697 2376 sic
719 2322 787 2394 post
811 2331 918 2375 nomen
942 2313 1071 2375 Merulae
1096 2318 1202 2376 omisit.

58 2420 270 2502 perturbatum
298 2440 363 2482 esse
392 2421 525 2482 ordinem
556 2439 765 2503 personarum,
792 2422 901 2502 quibus
929 2421 1020 2484 Varro
1049 2440 1202 2484 sermones

48 2525 269 2610 distribuerat,
293 2527 443 2590 iucundus
467 2527 660 2590 intellexerat.
707 2548 772 2591 nam
797 2548 864 2593 cum
889 2533 984 2591 omnis
1008 2529 1079 2591 hae'c
1104 2530 1205 2610 dispu-

60 2636 136 2695 13113
160 2633 195 2695 de
220 2634 355 2696 villaticis
377 2635 561 2717 pastionibus
585 2635 714 2698 Merulae
745 2636 855 2699 tributa
884 2641 935 2721 sit,
958 2638 1027 2699 huie
1056 2641 1142 2699 etiam
1172 2657 1205 2698 33

58 2759 132 2823 3333
155 2760 230 2821 qnae
254 2750 300 2804 est
323 2743 359 2804 de
388 2743 555 2805 turturibus
587 2743 712 2805 debetur
741 2764 837 2823 neque
866 2749 929 2807 sine
959 2754 1038 2806 certa
1063 2747 1223 2806 3333313·

57 2848 152 2920 alium
185 2851 339 2911 transferri
372 2853 476 2930 potuit.
523 2869 614 2929 quare
652 2853 759 2929 scripsi
789 2853 835 2927 iu,
868 2853 1003 2926 Merula,
1035 2855 1080 2911 sic
1109 2869 1205 2927 perpe

58 2959 213 3035 deinceps.
252 2958 315 3036 Ille,
338 2957 518 3018 Turturibus
541 2962 619 3039 item,
639 2961 743 3035 inquit,
762 2962 859 3020 locam
883 2960 1134 3031 constituendum,
1154 2955 1204 3017 ubi

59 3066 207 3141 deinceps
231 3066 399 3126 institutum
428 3064 636 3144 disputationis
664 3065 798 3126 ordinem
828 3066 980 3146 significat.
1027 3064 1093 3125 Pica
1118 3065 1205 3145 enim,

59 3173 116 3253 qui
137 3179 205 3251 post
228 3171 332 3232 rlxium
356 3189 524 3233 sermonem
547 3170 675 3232 Merulae
705 3170 956 3254 interpellaverat,
979 3173 1037 3233 iam
1068 3170 1206 3232 admonet

58 3278 147 3340 illum
165 3286 199 3340 ut
218 3278 253 3339 de
274 3279 465 3361 pastionibus
484 3281 563 3340 sicut
586 3280 763 3360 instituerat,
784 3279 935 3359 disputare
954 3288 1065 3361 pergat.
1094 3277 1205 3339 similes

59 3386 278 3448 admonitiones
307 3396 376 3448 sunt
399 3386 438 3447 lll
458 3383 488 3468 5,
507 3384 527 3449 8
551 3395 583 3448 ta
607 3390 666 3463 die,
690 3383 757 3470 9,1
783 3390 834 3449 dic
856 3391 956 3464 sodes,
982 3386 1070 3464 10,1
1096 3390 1204 3449 transi.

151 3490 262 3554 vind
298 3496 494 3556 dannatione
517 3492 568 3554 ΑΒ
601 3503 631 3555 31
663 3493 740 3555 edite
767 3494 836 3555 inde
868 3494 904 3556 ab
932 3495 1047 3558 Iuntina
1076 3495 1206 3557 editione

61 3600 250 3683 exemplaria,
269 3599 442 3664 canabinos
465 3601 554 3663 editio
578 3605 717 3683 princeps
740 3601 920 3664 al’olitiano
944 3622 1002 3664 non
1022 3614 1155 3665 correcta
1176 3612 1206 3663 et

62 3709 184 3772 codices
207 3728 237 3770 m
260 3708 450 3771 Florentinns
474 3709 628 3772 Caesenas.

153 3818 315 3880 lniimum
339 3817 668 3897 ordinem'npertet
689 3818 815 3879 abesse
839 3836 855 3879 a
875 3826 971 3880 terra
995 3835 1062 3877 non
1088 3817 1205 3876 minus

62 3937 139 3991 tres
163 3928 271 4008 pedes
294 3925 389 3986 inter
412 3923 574 4004 reliquos
603 3925 798 3987 dodrantes
821 3943 837 3985 a
861 3942 992 3985 summe
1021 3922 1062 3983 ad
1093 3941 1205 3984 cama·

62 4053 135 4097 ram
168 4033 207 4094 ad
241 4030 459 4111 semipedem
491 4049 602 4111 aeque
631 4032 739 4094 latum
767 4050 807 4093 ac
834 4031 996 4094 mutulus
1024 4051 1039 4092 3
1067 4032 1208 4112 pariete

63 4154 187 4206 extare
208 4149 330 4223 potest
347 4143 382 4202 in
402 4141 532 4221 quibus
552 4142 629 4203 dies
648 4148 846 4220 noctesque
869 4136 1084 4220 pascuntur]
1105 4142 1207 4215 Aeque

63 4245 125 4316 alte
152 4243 250 4313 mutili
275 4270 295 4312 a
319 4253 441 4330 pariete
468 4257 577 4314 extare
602 4255 728 4328 possunt
755 4247 913 4311 lucunrlus.
961 4245 1046 4327 plura
1070 4243 1206 4327 Ursinus,

118 4365 194 4410 Vsus.
209 4373 262 4406 nnn
277 4373 345 4405 3333.
372 4362 405 4406 11.
964 4354 993 4405 11
