2874 4994
148 329 214 399 270
489 337 679 396 COMMENT.
697 337 737 395 IN
755 336 943 396 VARRONIS

145 502 328 575 contentum,
349 496 406 558 sed
426 499 558 574 requirit
576 499 728 579 piscinas,
749 513 828 575 guas
848 498 923 574 guia
945 495 993 558 ibi
1011 511 1134 558 emeres
1155 497 1248 558 abutar

147 607 266 667 nomine
287 601 527 685 χηνοβοσκετον
551 608 710 683 appellatis
727 601 879 666 iucundus
914 605 982 666 sola
999 605 1073 665 uitia
1089 599 1204 665 uriom
1226 607 1248 665 is

146 713 256 788 quibus
278 713 333 773 ubi
354 729 479 774 anseres
501 730 537 772 ex
561 710 662 773 codice
681 711 831 774 Victorius
853 711 977 793 recepit,
994 706 1109 790 relique
1128 710 1175 792 sit,
1192 711 1249 772 utin

146 817 249 880 Aldine
263 819 393 880 editione
411 818 490 880 edite
508 828 601 903 erant,
615 820 771 901 expressit.
807 825 939 881 retorem
963 815 1125 880 verborum
1139 815 1250 899 omns

145 927 178 987 in
211 943 270 1006 quo
296 925 418 988 relativa
446 929 592 988 sententia
623 930 655 988 in
684 929 793 1004 quibus
819 944 884 1008 sqq.
916 943 933 989 e
963 943 1019 988 sno
1050 925 1164 987 nomine
1186 925 1250 986 luter

146 1035 252 1114 positis
271 1033 369 1095 verbis
388 1036 718 1112 guod-ampbibium
735 1018 885 1096 disiuncta
902 1041 957 1117 est,
975 1033 1106 1096 restitui.
1133 1039 1251 1113 medam

146 1145 209 1203 ulla
233 1140 329 1203 delevi
352 1148 382 1202 el
402 1158 519 1218 groeco
537 1143 657 1203 nomine
680 1143 798 1221 scripsi.
832 1159 900 1203 nem
918 1143 1001 1222 uida,
1019 1138 1101 1202 sient
1119 1145 1202 1221 terre,
1214 1155 1252 1220 per

147 1267 179 1309 se
203 1247 315 1311 dictum
339 1256 394 1329 est,
417 1265 477 1308 non
499 1251 563 1309 ullo
586 1251 665 1327 oilla,
689 1249 774 1328 quasi
796 1249 828 1310 in
850 1265 885 1310 ee
907 1265 942 1310 re
964 1245 1083 1310 diuersa
1104 1263 1202 1328 genera
1217 1243 1252 1306 rll

145 1352 241 1417 larum
266 1361 374 1417 essem.

235 1465 281 1525 De
304 1464 464 1525 anseribus
486 1460 637 1525 lucundus
660 1461 776 1525 delevit

235 1568 256 1631 2
290 1569 353 1632 Est
375 1571 468 1631 enim
491 1569 644 1632 alterum
668 1589 780 1651 genus
804 1571 941 1632 uarium
969 1570 1063 1651 quod
1091 1570 1197 1631 lerum
1214 1586 1255 1630 uo·

146 1684 249 1739 catur
271 1695 336 1738 nec
359 1694 436 1738 cum
459 1678 505 1738 iis
528 1676 686 1739 libenter
709 1688 976 1759 congregantur
998 1695 1064 1740 nec
1086 1695 1154 1740 non
1173 1694 1257 1757 seque

145 1786 190 1847 lit
221 1791 429 1846 mensuetus
461 1783 654 1846 anseribus
686 1785 945 1847 admittendum
978 1787 1024 1847 iis
1061 1793 1193 1867 tempus
1220 1790 1259 1844 est

147 1894 372 1974 aptissimum
395 1909 411 1952 e
439 1889 562 1953 brume
590 1892 630 1953 ed
658 1891 871 1972 pariendum
900 1901 935 1954 et
960 1890 1197 1955 incubandum
1219 1908 1259 1952 us·

146 2018 213 2080 que
237 1999 277 2061 ed
301 1996 514 2076 solstitium]
539 2000 750 2076 congregatur
768 1998 846 2061 edite
868 1997 939 2060 inde
962 2017 979 2060 n
1000 2001 1138 2080 principe
1159 1999 1261 2060 eduen

146 2106 333 2187 exemplaris.
374 2124 514 2167 necnon
537 2124 634 2183 aeque
652 2110 691 2181 fit
712 2110 907 2168 inconsuetus
930 2105 1024 2168 codex
1047 2104 1262 2168 Florentinum

145 2213 236 2276 editio
259 2215 407 2295 princeps.
453 2232 509 2275 nec
532 2232 629 2291 aeque
648 2218 687 2289 nt
708 2220 890 2276 mansuetus.
932 2215 1096 2276 anseribus
1118 2217 1162 2276 ud
1180 2214 1263 2274 odni-

145 2325 267 2384 tendum
291 2329 405 2399 tempus
428 2323 613 2399 aptissimum
644 2329 689 2383 est
714 2339 735 2383 a
762 2323 883 2397 bruma,
911 2324 955 2384 od
975 2323 1164 2398 pariendum
1187 2322 1264 2382 etin

146 2431 319 2492 cubandum
351 2448 371 2490 a
411 2430 472 2491 Cal.
507 2428 619 2489 Martii
648 2447 744 2505 usgue
776 2431 824 2491 ad·
848 2431 1007 2490 solstitium
1038 2426 1199 2508 Iucundos,
1227 2424 1264 2488 ubi

145 2537 306 2598 anseribus
328 2535 487 2597 delendum
510 2545 541 2598 et
564 2537 608 2597 ad
629 2539 847 2598 admittendum
878 2539 916 2598 iis
943 2535 1138 2598 scribendum
1163 2535 1266 2597 coelem

143 2641 285 2726 Ursinus,
315 2644 475 2704 anseribus
505 2645 701 2704 admittendis
729 2643 812 2706 dedit
840 2641 1004 2725 Victorius,
1033 2650 1216 2706 mansuetum
1239 2657 1265 2702 er

145 2749 276 2812 secunde
290 2749 413 2813 Victorii
432 2749 560 2810 editione
580 2749 688 2830 reliqui
707 2750 845 2812 editores.
877 2750 1075 2813 masculinum
1093 2768 1186 2831 genus
1201 2765 1266 2810 nor

147 2863 251 2920 suetus
274 2856 311 2918 de
334 2874 439 2918 ansere
457 2856 571 2917 dictum
594 2855 726 2920 defendit
748 2856 937 2921 lleidrichius
960 2857 1134 2921 Varronisn.
1155 2856 1168 2918 l
1188 2851 1265 2938 pti.

135 2963 305 3027 Columella
324 2962 387 3024 Vlll
408 2960 458 3047 14,
477 2961 497 3026 3
522 2962 683 3027 Varronem
707 2975 827 3028 secutus
850 2966 888 3028 de
911 2965 1056 3046 eligendis
1079 2972 1111 3028 et
1133 2964 1265 3027 admittes

144 3072 190 3135 dis
209 3071 364 3135 anseribus
384 3070 488 3134 scribit
507 3071 589 3156 haec,
607 3074 686 3144 boec
709 3090 777 3135 cum
796 3081 990 3152 praeparata
1012 3081 1092 3149 sunt,
1115 3072 1265 3136 curandum

145 3189 190 3242 est
208 3188 241 3242 ut
259 3199 361 3243 mares
375 3179 569 3257 feminaeque
587 3197 679 3255 guam
697 3182 874 3258 amplissimi
890 3184 1032 3258 corporis
1049 3188 1080 3243 et
1097 3183 1162 3242 albi
1176 3179 1266 3241 cotom

144 3291 307 3363 eligantur.
344 3306 414 3349 nam
437 3294 482 3349 est
503 3290 592 3348 uliud
610 3305 707 3362 genus
730 3291 858 3364 uarium,
881 3290 965 3364 guod
985 3307 1006 3349 a
1024 3287 1097 3365 sero
1119 3290 1266 3363 mimam

144 3396 337 3455 domesticum
357 3394 476 3471 sactum
500 3401 550 3456 est.
598 3396 632 3455 id
652 3412 749 3471 aeque
772 3413 868 3471 aeque
887 3393 1056 3472 secundum
1078 3403 1126 3458 est
1146 3413 1200 3458 nec
1218 3402 1264 3454 tun

140 3504 321 3578 pretiosum,
340 3506 469 3578 propter
496 3502 579 3577 greod
598 3504 721 3563 minime
742 3503 939 3564 nutriendum
961 3510 1013 3565 est.
1059 3505 1215 3566 anseribus
1235 3499 1267 3560 ad

143 3609 361 3668 admittendum
384 3615 499 3685 tempus
522 3611 707 3687 aptissimum
730 3616 775 3671 est
804 3628 825 3670 a
847 3610 970 3687 bruma,
998 3627 1071 3674 mose
1097 3614 1142 3673 od
1162 3610 1265 3690 parien-

144 3716 214 3773 dum
237 3720 268 3774 et
289 3717 333 3775 ad
353 3718 559 3777 incubandum
582 3718 759 3779 abolendis
777 3717 958 3779 Februariis
980 3722 1030 3781 uel
1046 3719 1171 3781 Martiis
1190 3731 1265 3792 usgue

144 3824 188 3882 ad
208 3826 373 3898 solstitium,
402 3826 485 3900 guod
502 3826 541 3897 fit
562 3827 668 3885 altimo
687 3831 780 3902 parte
801 3828 912 3886 mensis
931 3827 1022 3888 Iunii.
1060 3830 1166 3889 ineunt
1185 3831 1264 3887 auten

142 3947 211 4008 non,
235 3934 410 4008 nigriores
433 3949 518 4006 aues,
542 3933 580 3991 de
602 3933 712 4007 quibus
734 3934 880 4009 diximus,
904 3935 1076 3998 insistentes
1097 3936 1192 3998 dumi:
1211 3945 1264 3993 nan

139 4035 209 4112 sere
238 4041 269 4098 in
293 4041 420 4112 flumine
448 4045 503 4100 aut
525 4041 654 4116 piscinis
682 4041 716 4100 id
738 4039 879 4116 faciunt·
905 4044 1107 4120 singulaeque
1132 4050 1177 4105 ter
1200 4053 1263 4102 anm
1301 4117 1303 4121 Α

65 4153 70 4163 ·
138 4147 275 4220 pariunt,
290 4149 318 4204 si
330 4147 556 4222 prohibeantur
571 4144 654 4223 setus
671 4163 742 4209 suos
759 4150 923 4226 excudere,
937 4152 1022 4226 guod
1038 4154 1139 4228 magd
1155 4147 1261 4226 amitt
1300 4131 1303 4200 ἶ

142 4257 233 4323 guam
257 4268 324 4311 curn
348 4255 432 4330 ipsae
453 4272 524 4315 suos
548 4252 659 4331 fouent.
705 4255 783 4336 apud
806 4255 969 4319 Varronem
997 4264 1216 4337 congregantur
1234 4268 1259 4312 st

143 4354 303 4436 archetypo
326 4362 454 4438 restitui,
473 4380 531 4423 nec
554 4366 708 4438 arguerit
729 4374 917 4428 mansuetum
941 4384 978 4428 ex
1000 4366 1091 4430 editis
1113 4355 1258 4444 'exemplari-

141 4460 198 4524 bus
221 4468 330 4547 recepi.
367 4486 434 4532 nam
457 4478 578 4552 praeter
601 4471 682 4534 albos
706 4491 836 4562 anseres,
855 4493 984 4558 quorum
1002 4494 1110 4561 greges
1126 4479 1154 4540 in
1170 4473 1255 4537 clem
1285 4492 1291 4505 ²
