2874 4994
229 117 291 182 178
585 123 775 180 comissum
794 125 835 179 IN
853 123 1012 181 CATONIS

223 284 365 357 portione
387 282 526 339 brassica
544 282 572 339 si
589 282 684 340 uteris
704 280 765 351 (uti
781 287 810 340 te
828 281 946 354 moneo)
965 281 1045 340 nibil
1060 283 1188 341 istorum
1201 296 1259 340 usu
1272 283 1423 351 ueniet

227 406 267 448 eu
289 389 401 448 morbis
420 385 580 445 lucundus.
618 389 661 445 ita
681 389 727 445 uti
743 403 848 448 rnanco
867 387 976 465 scripsi
994 393 1136 447 consueta
1155 385 1264 448 harum
1279 396 1415 467 parti,

226 492 360 554 cularum
385 495 601 553 coniunctione.
639 492 745 552 deinde
769 500 821 552 aut
844 491 1003 554 delendum
1027 501 1074 554 est
1091 496 1204 556 morbis
1222 501 1275 556 aut
1290 512 1407 559 nor.

226 602 332 663 borum
355 600 555 680 scribendum,
574 619 634 677 pro
654 603 795 677 portione
818 603 957 663 brassica
974 605 1004 662 si
1020 605 1126 683 uteris,
1148 603 1229 663 nibil
1244 605 1402 675 uiarum

225 726 283 768 usu
307 711 406 769 ueniet
428 710 609 769 morborum.

315 841 440 902 Verum
468 840 626 901 morbum
654 840 905 902 articularium
935 841 1032 902 nulla
1060 860 1119 902 res
1145 848 1216 903 tam
1239 860 1389 923 purgat

225 967 326 1028 qnam
355 948 515 1009 brassica
544 948 654 1009 cruda
681 951 712 1009 si
740 949 824 1009 edas
852 952 1032 1010 concisam
1060 958 1094 1010 et
1116 957 1291 1011 ratum-et
1310 968 1385 1017 co-

223 1056 406 1116 riandrum
431 1058 610 1116 concisam
634 1057 760 1115 siclam
780 1064 815 1117 et
833 1058 1023 1135 sirpicium
1042 1059 1199 1118 inrasam
1217 1063 1255 1118 et
1271 1055 1375 1122 bras·

224 1165 297 1223 sica
321 1182 361 1223 ex
385 1170 487 1223 aceto
511 1161 654 1222 oximeli
678 1170 713 1222 et
736 1162 808 1223 sale
833 1159 970 1245 sparsa]
1003 1164 1111 1225 Verum
1133 1166 1272 1226 morbum
1292 1172 1369 1229 arti-

224 1274 360 1333 cularem
388 1274 472 1331 nulla
500 1288 550 1330 res
573 1277 689 1330 tantum
709 1280 838 1347 purpat,
868 1280 1015 1346 quantum
1039 1273 1181 1333 brassica
1203 1273 1312 1346 cruda,
1331 1276 1368 1333 si

226 1396 292 1438 eam
321 1381 392 1438 edes
419 1396 487 1437 cum
511 1386 584 1437 ruta
612 1387 642 1437 et
664 1381 831 1439 coriandro
855 1383 1016 1441 concisam.
1060 1381 1107 1440 sic
1130 1386 1161 1440 et
1183 1380 1360 1455 inserpunt·

225 1488 362 1546 inrasum
382 1503 450 1545 cum
470 1487 608 1544 brassica
628 1503 668 1544 ex
687 1492 773 1545 aceto
793 1489 938 1562 oxymelli
954 1497 984 1547 et
1001 1489 1066 1546 sale
1082 1503 1195 1563 sparsa
1210 1483 1356 1545 lncuadu.

223 1588 345 1652 ‘Verum
360 1591 496 1651 morbum
512 1589 715 1651 artic-uiarum:
733 1590 854 1652 Vetusta
869 1592 958 1653 lectio
972 1586 1197 1654 Articularium'
1212 1590 1346 1652 Victorius

223 1703 358 1761 morbum
382 1702 606 1777 articularium,
630 1698 708 1777 quod
728 1698 785 1758 luit
803 1700 833 1758 in
853 1701 1068 1778 antiquissimis
1087 1698 1278 1779 editionibus,
1298 1696 1342 1758 lic·

223 1808 318 1866 torius
346 1808 491 1885 restituit,
518 1805 631 1885 reliqua
660 1824 696 1865 ex
720 1805 823 1865 Aldina
852 1806 981 1866 editione
1010 1808 1157 1885 repetivit
1204 1809 1273 1868 ecles
1293 1822 1342 1867 con·

222 1917 316 1974 cisum
344 1922 374 1974 et
401 1922 502 1973 rutam
531 1921 560 1973 et
587 1916 787 1973 coriandrum
811 1917 964 1975 concisam
988 1917 1102 1975 lautam
1126 1920 1156 1974 et
1179 1914 1343 1989 laserpitium

223 2024 359 2081 inrasum
382 2039 451 2081 cum
475 2024 615 2081 brassica
634 2040 674 2080 ex
692 2029 779 2082 aceto
798 2024 892 2082 mulso
912 2030 942 2081 et
958 2025 1023 2081 sale
1040 2038 1150 2097 sparsa
1166 2018 1344 2081 Schneiderus

222 2130 358 2188 coniecit.
404 2131 592 2204 laserpitium
617 2127 728 2187 Merula
753 2127 875 2188 dederat
898 2145 933 2187 ex
958 2126 1053 2186 Plinio
1076 2126 1094 2186 Ι.
1118 2144 1157 2205 u,
1184 2126 1236 2188 ubi
1258 2129 1344 2189 laseris

221 2239 365 2297 radicula
380 2237 409 2295 in
425 2235 481 2294 alio
496 2252 605 2312 genero
620 2234 904 2295 medicamentorum
919 2232 1096 2313 appellatur:
1109 2237 1233 2311 silpiurn
1243 2232 1344 2295 eunden

222 2361 285 2402 rem
313 2345 376 2422 ipse
405 2342 474 2402 Cato
505 2341 627 2402 dixerat.
674 2346 869 2419 laserpicium
898 2340 976 2401 idem
1004 2343 1168 2401 nominavit
1189 2325 1344 2403 asll6du
1407 2360 1426 2381 -·

221 2449 300 2509 lente
325 2450 476 2527 servanda,
499 2452 695 2524 laserpicium
714 2458 801 2510 aceto
821 2452 936 2521 diluito,
956 2451 1138 2525 permisccto
1155 2450 1261 2509 lentim
1276 2454 1344 2509 aceto
1377 2462 1425 2489 ⁸·

220 2560 425 2634 laserpiciato.
463 2553 500 2615 ab
523 2574 558 2616 eo
584 2556 734 2616 diversum
755 2574 814 2615 non
833 2563 879 2616 est
897 2559 1064 2632 sirpicium,
1088 2554 1116 2615 h.
1131 2573 1158 2615 e.
1175 2554 1223 2616 las
1241 2573 1258 2617 e
1275 2551 1424 2616 saul—-

221 2663 278 2724 bus
301 2662 347 2723 vel
370 2684 386 2723 a
411 2663 510 2723 radiae
534 2664 623 2740 sirpis
647 2663 811 2741 profluens:
835 2662 928 2722 Plaut.
948 2661 1023 2722 llud.
1047 2657 1112 2722 629
1134 2665 1164 2721 si
1184 2656 1424 2740 spernat-‘5⁴

221 2772 288 2831 Hoc
312 2789 392 2832 anno
415 2775 539 2830 multum
559 2768 700 2845 futurum
723 2773 806 2845 sirpe
829 2778 859 2830 et
881 2773 1084 2875 laserpicium.
1126 2768 1183 2829 hos
1206 2770 1294 2847 igitur
1310 2782 1421 2825 rc·—

221 2880 324 2939 stituto
349 2881 377 2936 iu
402 2877 481 2937 hunc
507 2877 625 2937 modum
650 2875 738 2936 verba
759 2876 794 2936 ad
815 2878 993 2956 scripturam
1013 2874 1166 2954 archetypi
1186 2866 1421 2937 coniormtffi

220 2990 369 3064 poterunt,
389 3003 493 3044 uerum
512 2986 648 3044 morbum
667 2987 883 3045 articularium
902 2987 986 3044 nulla
1005 3002 1055 3044 res
1070 2993 1131 3044 tam
1142 2989 1419 3060 puraatquaffl

220 3093 359 3151 brassica
383 3094 497 3165 cruda,
520 3095 548 3151 si
570 3094 640 3151 edes
664 3095 817 3152 concisam
840 3099 870 3152 et
892 3099 994 3151 rutam
1018 3099 1048 3153 et
1070 3093 1270 3151 coriandrum
1288 3104 1419 3149 con-

218 3207 332 3259 sectam
360 3207 388 3259 et
416 3201 575 3274 sirpicium
603 3201 740 3287 introsum
764 3206 793 3258 et
816 3201 984 3259 brassicam
1008 3216 1048 3258 ea
1071 3205 1159 3258 aceto
1182 3198 1306 3275 oxymeli
1320 3210 1357 3253 e-
1373 3191 1421 3243 ‘l

217 3309 281 3366 saie
307 3323 455 3381 sparsam.
503 3304 634 3364 brassica
662 3305 752 3365 orrida
782 3305 881 3365 editur
909 3307 1028 3366 concisa
1052 3322 1121 3364 cum
1144 3312 1213 3365 ruta
1236 3311 1266 3365 et
1284 3300 1421 3363 coti-1

217 3411 310 3471 andro
339 3419 490 3491 consecta3
523 3429 558 3471 eo
587 3413 741 3489 sirpicium
770 3412 929 3493 inluditur,
962 3415 1026 3490 ipsa
1056 3411 1187 3473 brassica
1215 3430 1250 3472 ex
1276 3413 1422 3471 aut—⁰

218 3516 344 3597 oxymeli
363 3527 392 3576 et
412 3517 471 3577 sale
492 3536 593 3597 sparsa
613 3519 721 3579 editur.
757 3523 943 3605 coriandrus
962 3520 1104 3579 feminino
1123 3536 1233 3597 genere
1251 3517 1422 3579 dicim-¹

219 3632 265 3684 est
289 3642 392 3703 supra,
417 3629 616 3686 coriandrum
641 3636 754 3688 sectam
776 3632 841 3688 sale
863 3645 1010 3704 sparsam.

308 3756 327 3820 8
354 3757 446 3819 llaec
471 3761 522 3819 sic
547 3763 663 3820 uteris
687 3762 800 3820 omnis
824 3760 1000 3820 articulos
1023 3761 1164 3839 potoris
1188 3739 1418 3840 expetnt-‘il

218 3868 280 3927 Hoc
298 3870 344 3926 sic
362 3871 460 3927 noteris
479 3867 605 3945 plurima
627 3868 803 3947 apographa,
827 3871 904 3929 baec
925 3872 953 3928 si
970 3870 1066 3928 uteris
1085 3866 1104 3927 b
1123 3876 1155 3928 et
1174 3866 1262 3929 editio
1278 3864 1413 3945 psit-¹

766 3981 777 4009 C

217 4044 287 4103 ceps
311 4044 325 4083 a
346 4026 490 4088 Politiano
515 4038 573 4087 nod
594 4037 736 4105 correcta,
759 4031 779 4088 ir
802 4033 831 4089 si
852 4032 948 4090 uteris
970 4028 1062 4089 codex
1086 4027 1238 4089 Mediceus
1254 4044 1288 4088 m
1317 4023 1402 4082 Μ

216 4132 375 4210 assedetypo
399 4139 444 4194 sic
468 4135 584 4194 videtur
607 4137 752 4213 scriptum
777 4136 878 4214 luisse,
902 4145 1005 4213 postea
1029 4147 1199 4197 correctum
1221 4139 1256 4197 si.
1293 4132 1327 4193 la
1346 4134 1392 4181 C

214 4243 242 4297 si
265 4243 359 4299 uteris
382 4240 540 4301 lucundus.
588 4241 693 4301 deinde
723 4261 824 4302 amires
851 4246 1049 4303 articularios
1070 4246 1188 4320 poteris
1210 4243 1380 4321 supellerss
