2874 4994
251 329 313 396 118
591 338 781 395 COMMENT.
799 339 839 393 IN
857 335 1045 393 VARRONIS

252 498 416 557 necessitas
439 498 529 571 oepit,
553 492 590 554 ib.
612 490 662 554 17.
700 510 749 553 eas
773 495 863 572 igitur
886 492 988 575 Varro,
1010 495 1037 554 si
1060 492 1213 574 archetypi
1234 491 1353 555 leotionen
1425 510 1429 529 ²

250 604 417 684 sequimur,
440 601 477 662 ab
500 601 618 662 oleariis
642 602 719 661 vasis
742 603 781 661 ita
805 600 953 682 distinxit,
976 608 1010 661 ut
1033 600 1115 662 oleae
1139 617 1176 661 ex
1199 599 1354 663 tabulatirin
1424 584 1429 591 ⁴

251 711 353 791 seriem,
372 728 408 771 ex
427 709 474 770 his
494 710 523 769 in
544 726 611 794 vase
630 707 738 768 olearia
757 726 791 769 no
811 717 941 786 trapetas
959 707 1197 770 demitterentnr.
1222 707 1270 771 sod
1285 711 1357 789 potu

250 815 440 878 scribendum
465 824 528 876 erat
555 818 731 876 demittetur
755 833 814 892 per
836 818 935 877 series
957 833 996 876 oe
1020 833 1094 876 vase
1121 817 1241 877 olearia
1261 818 1299 877 od
1314 823 1357 878 tro·

247 930 349 1004 petus,
372 922 399 983 h.
420 941 444 983 e.
468 940 523 1002 per
553 924 645 982 serias
669 928 699 982 et
726 920 779 982 alia
809 940 917 1001 genera
945 940 1090 983 rasorum.
1136 929 1265 1003 trapetas
1288 933 1361 985 antem

250 1025 331 1110 ipsas
354 1027 446 1089 molas
470 1027 594 1089 olearias
613 1026 703 1089 Varro
727 1027 801 1089 dixit
820 1037 850 1090 et
872 1027 929 1089 hoo
948 1027 1013 1089 loeo
1033 1028 1118 1090 etde
1137 1028 1208 1111 ling.
1226 1029 1272 1092 let
1285 1028 1306 1088 V
1318 1027 1362 1094 its
1427 1072 1429 1081 =

251 1147 383 1215 tropetes
406 1140 502 1198 molae
525 1140 661 1198 oleariae
683 1145 840 1212 vocentur,
864 1144 998 1215 trepetes
1020 1155 1040 1198 e
1063 1140 1200 1214 terendo,
1222 1141 1363 1215 misturae·

253 1263 321 1307 eum
345 1252 396 1306 est.
435 1242 575 1304 subtilius
593 1243 741 1305 distinctis
764 1243 924 1323 generibus
948 1245 1216 1306 instrumentorum
1235 1244 1369 1307 Columella

164 1342 167 1347 ’
251 1347 406 1434 11152,6
430 1350 522 1411 molas
545 1370 560 1410 a
580 1360 704 1432 trapeto,
723 1351 801 1431 qrxod
825 1351 907 1433 dixit,
929 1351 1060 1413 diversas
1078 1354 1189 1434 posuit,
1207 1357 1270 1414 oleo
1291 1360 1370 1415 estem

252 1461 440 1533 conficiendo
463 1462 560 1519 molae
583 1461 719 1519 utiliores
741 1465 812 1519 sunt
835 1475 925 1533 quem
949 1464 1109 1539 trapetum,
1129 1466 1281 1537 trapetum
1300 1477 1373 1536 quen

252 1569 370 1627 canulis
399 1572 428 1626 et
457 1567 546 1625 soleo.
593 1564 721 1643 denique
755 1571 886 1625 veterem
918 1563 1075 1625 lectionem
1108 1583 1189 1641 quae
1220 1586 1270 1628 res
1296 1569 1382 1628 mobe

251 1674 395 1751 oleariae,
420 1688 494 1749 qnae
519 1670 695 1749 interpolata
718 1670 839 1731 Aldinae
864 1671 1003 1733 editionis
1027 1672 1169 1752 lectione,
1194 1691 1280 1753 quam
1301 1692 1390 1753 supra

251 1780 352 1860 posui,
377 1777 517 1837 ineditis
541 1777 759 1857 exemplaribus
783 1788 923 1860 corrupta
946 1789 1023 1862 erat,
1048 1798 1146 1841 veram
1176 1798 1241 1842 esse
1264 1781 1403 1861 Smligex·

251 1886 389 1965 cognovit
416 1893 446 1945 et
475 1903 562 1945 usum
590 1887 717 1946 nominis
745 1904 796 1947 res
825 1885 981 1967 adscriptis
1009 1886 1152 1965 exemplis
1186 1887 1416 1968 comprobarit.-

254 1992 385 2073 exempla
414 2002 522 2073 autem,
541 1990 650 2071 quibus
674 1992 701 2052 id
727 2011 834 2053 nomen
853 2010 923 2053 eum
945 1993 1075 2054 relatiuis
1096 1994 1140 2055 vel
1160 1995 1419 2057 demonstratus

252 2098 478 2180 pronominibus
506 2117 560 2178 pro
585 2109 666 2160 serto
695 2098 794 2179 aliquo
823 2103 941 2161 nomine
970 2103 1104 2184 ponitur,
1127 2104 1159 2162 in
1187 2101 1235 2163 his
1258 2100 1421 2162 Varronis

255 2206 338 2268 libris
362 2214 432 2267 sunt
455 2205 541 2284 baec,
564 2204 576 2264 Ι
598 2198 686 2286 1'6,6
715 2209 849 2268 vine-
872 2215 926 2268 out
945 2210 1075 2282 flumine
1100 2240 1151 2290 -,
1174 2210 1281 2284 quidus
1299 2210 1422 2269 ems·-

252 2334 311 2390 que
333 2315 424 2375 rebus
452 2315 538 2375 erebi
559 2344 603 2355 -
625 2317 749 2388 seimus,
773 2312 785 2371 Ι
807 2311 857 2395 ll,
880 2311 894 2374 l
920 2316 1053 2376 immines
1077 2324 1106 2376 et
1129 2317 1308 2377 adminiculo
1328 2317 1423 2376 ba

253 2426 378 2503 mierum,
406 2424 472 2482 stne
500 2422 608 2496 quibus
635 2422 727 2482 rebus
755 2425 855 2482 colere
883 2439 943 2483 non
970 2428 1109 2500 possunt,
1133 2420 1208 2505 114,
1227 2419 1247 2483 6
1265 2422 1425 2499 fatres

253 2532 367 2591 hordeo
395 2536 424 2590 et
451 2536 552 2590 cetero
578 2527 745 2605 frumento,
775 2547 854 2604 quoe
880 2547 931 2591 res
958 2547 1017 2591 nors
1040 2532 1128 2591 modo
1152 2532 1427 2607 pinpuituds'orar

253 2635 400 2712 efficiunt,
424 2633 463 2694 lll
486 2631 535 2717 16,
554 2632 596 2695 23
617 2639 766 2712 propolim
780 2668 823 2679 —
838 2654 928 2712 quem
951 2655 1016 2697 rem
1038 2639 1130 2699 etiem
1152 2640 1270 2699 nomine
1289 2639 1429 2699 cede-³1

256 2745 368 2804 mediet
389 2748 525 2816 utuntur,
548 2740 575 2800 11
595 2740 622 2823 i,
642 2740 662 2804 8
685 2746 790 2805 setllee
812 2746 941 2804 medium
965 2751 1127 2806 conterunt
1139 2763 1198 2804 -.·
1216 2751 1275 2805 tum
1295 2761 1324 2805 ee
1340 2754 1429 2802 σε

255 2858 398 2910 notorem
431 2866 527 2923 equae
549 2880 593 2891 -
617 2858 758 2925 turpent,
794 2849 835 2910 lll
860 2847 972 2933 16,12
1004 2854 1174 2913 melittonas
1210 2854 1253 2912 ita
1283 2849 1429 2928 [esest

255 2963 385 3034 opertet,
412 2973 486 3031 quos
518 2959 574 3017 elit
604 2960 794 3034 melltropbe'a
827 2961 993 3035 appellent,
1021 2961 1149 3021 eundem
1182 2976 1245 3021 rem
1271 2959 1429 3035 quirat

254 3066 410 3134 mellarie;
434 3071 464 3123 et
487 3062 622 3125 similiter
646 3061 770 3144 1124
794 3065 832 3125 nb
856 3067 916 3126 bne
939 3074 1071 3141 utreque
1090 3085 1126 3127 re
1148 3069 1303 3144 superlore
1316 3067 1429 3125 loct

255 3175 378 3251 tutiore,
403 3168 454 3231 ubi
477 3188 513 3231 re
536 3172 565 3230 in
591 3170 691 3231 codiee
717 3173 858 3232 omissum
883 3170 989 3233 addidi.

344 3274 364 3338 6
397 3275 434 3336 ln
458 3279 599 3337 acervis
621 3276 789 3338 iactando
818 3277 995 3339 ventilare
1024 3279 1183 3360 oportet]
1209 3283 1246 3342 In
1267 3295 1344 3342 neue
1379 3269 1429 3336 As,

189 3387 192 3391 '
256 3384 333 3463 quod
363 3378 645 3462 exsuperioribus,
673 3391 706 3443 ut
739 3383 867 3466 videtur,
896 3394 1038 3447 consueto
1071 3384 1260 3449 librariorum
1290 3401 1349 3446 erro
1373 3388 1429 3435 ΣΕ

256 3492 416 3570 repetitum
435 3498 506 3568 erat,
526 3487 628 3550 delevi.
667 3508 733 3551 nam
753 3494 783 3552 ire
808 3495 927 3553 acerris
950 3495 1098 3554 ventilare
1116 3492 1176 3554 diei
1200 3512 1257 3554 non
1279 3483 1425 3573 poter-‘³¹

256 3597 292 3657 de
316 3597 402 3677 oleis,
427 3614 514 3675 quae,
537 3594 607 3656 dum
636 3599 724 3658 etiam
748 3600 777 3658 in
807 3601 920 3659 acerris
944 3607 1027 3681 sunt,
1050 3599 1186 3662 iactando
1210 3598 1418 3662 renuuntur·

346 3699 363 3762 l
403 3701 477 3762 Non
514 3701 626 3764 solum
664 3704 857 3784 denigrare
894 3713 1026 3767 terram
1064 3707 1124 3769 sed
1163 3704 1410 3769 multitudine

258 3810 376 3870 lacere
405 3807 582 3886 sterilem]
607 3811 669 3873 Sed
691 3815 781 3873 etiem
809 3817 1000 3874 multitudine
1023 3812 1143 3876 Merula.
1189 3819 1245 3876 sed
1264 3831 1314 3876 non
1330 3799 1399 3871 ed·

258 3917 318 3978 dito
342 3920 431 3977 etlam
454 3925 522 3996 post
545 3934 604 3977 non
628 3923 720 3979 solum
750 3918 858 3998 legitur
886 3930 1039 3999 praeterea
1067 3918 1151 4002 137,
1171 3919 1192 3984 2
1214 3939 1273 3983 nou
1295 3921 1387 3982 mlum

257 4028 288 4084 in
311 4026 414 4084 ouibus
438 4026 605 4099 tondendis,
628 4027 734 4085 sedin
758 4044 822 4087 meo
845 4031 963 4103 eupillo.

346 4135 407 4188 LVI
440 4128 498 4190 Em
527 4134 611 4209 quin
640 4130 774 4210 adsum]
803 4131 845 4192 lta
877 4135 907 4193 in
936 4133 1096 4214 archetypo
1128 4137 1271 4215 seriptum
1297 4133 1365 4194 fuse

258 4237 426 4296 testimonio
450 4233 573 4297 Victorii
597 4247 711 4298 constat
739 4232 822 4322 (riam
846 4239 923 4318 quod
953 4242 983 4300 in
1012 4239 1264 4320 explanationibus
1287 4241 1362 4302 edum

259 4345 391 4424 scripsit,
424 4345 520 4404 errori
558 4343 747 4405 tribuendum
784 4339 858 4429 est),
895 4356 983 4427 atque
1016 4346 1072 4408 boo
1105 4350 1205 4428 ipsum
1236 4348 1361 4410 Politienu

263 4447 363 4530 voluit,
387 4468 563 4529 quamquam
587 4453 617 4512 in
641 4449 767 4512 lectione
790 4454 933 4534 principis
952 4453 1091 4516 editionis
1114 4459 1166 4520 ille
1187 4459 1264 4519 entia
1283 4453 1362 4529 antid
