2874 4994
150 305 211 370 138
507 311 698 368 colluunt).
717 313 757 367 IN
776 311 934 369 caroius

147 471 247 549 potius
270 468 341 529 Cato
365 470 527 547 scripserat
551 486 652 530 eomer
675 472 700 529 is
725 472 861 530 incutitis
887 471 1017 546 optimus
1044 470 1113 531 erit.
1159 487 1226 531 uam
1244 473 1279 532 ia·

148 580 263 653 ducilis,
292 578 321 636 in
352 596 411 655 apro
440 576 551 637 irustra
578 578 758 656 interpretes
789 574 1010 657 laboraverunt,
1039 586 1122 637 recte
1144 576 1280 639 Gesocras

44 742 53 759 ,
148 685 360 762 interpretetus
392 692 438 743 est
465 679 603 765 ‘ierrum‚
637 682 714 762 quod
748 683 831 743 indui
859 691 958 762 potest
986 683 1032 745 rel
1060 684 1156 745 inseri
1182 682 1281 765 ligneae

147 792 237 850 aratri
257 784 355 869 parti'.

235 897 310 957 Alia
336 916 418 958 crasa
443 897 577 958 ahenea
600 916 732 977 capuae
757 896 858 959 nolae
882 899 1036 961 fiscinae
1064 900 1281 979 campanieu

147 1023 244 1066 came
268 1004 378 1065 utiles
402 1024 466 1065 sun
474 1004 498 1083 t]
529 1008 599 1066 Alia
627 1024 701 1067 arasa
725 1009 843 1068 ancaeo
870 1007 1000 1083 Capuae.
1048 1009 1147 1069 Nolae
1165 1009 1282 1081 fiteirme

145 1117 353 1190 campanieae.
399 1116 458 1173 Irae
484 1116 594 1174 tramae
623 1118 709 1174 utilas
736 1122 807 1174 sum
834 1132 870 1174 ex
900 1113 1003 1175 Aldina
1035 1114 1171 1176 editione
1199 1112 1282 1177 adino

145 1229 299 1298 receptum
323 1228 394 1281 erat.
432 1223 490 1281 licre
513 1224 622 1282 tiaratae
645 1225 733 1282 utiles
755 1229 826 1281 sum
849 1229 999 1300 tamqnam
1018 1220 1092 1282 olim
1111 1223 1143 1282 in
1163 1224 1282 1301 margine

145 1328 292 1406 adscripta
315 1327 464 1389 Gesnerus
489 1337 609 1388 anctore
630 1328 759 1390 lleursio
784 1328 913 1391 inclusit.
942 1310 1037 1390 Nolae
1057 1333 1192 1401 fiscinae
1212 1348 1281 1392 eam·

141 1438 276 1512 punicae
300 1439 436 1497 oleariae
459 1440 547 1496 utiles
569 1444 640 1496 sum
664 1436 828 1497 Pontedera
853 1455 880 1516 p.
901 1433 942 1497 74
967 1437 1096 1498 coniecit
1119 1435 1281 1499 collatlsiis

145 1561 220 1621 (puae
244 1542 280 1603 de
304 1543 416 1604 fiscinis
440 1545 549 1622 scripta
574 1551 644 1604 snnt
667 1562 692 1604 c.
716 1540 780 1606 153
795 1548 923 1619 fiscinas
942 1548 1077 1605 olearias
1096 1547 1282 1621 campanum

145 1653 223 1710 duas
247 1652 317 1711 illae
339 1655 388 1712 rei
409 1653 526 1712 habeto.
556 1653 669 1712 rectius
693 1660 756 1712 erat
776 1656 907 1725 fiscinae
925 1654 1128 1729 campaniaca
1147 1654 1282 1713 vimineae

146 1759 233 1818 utiles
260 1766 330 1818 sum
357 1757 401 1818 vel
427 1762 558 1833 fiscinae
586 1762 786 1836 campanicae
812 1761 936 1835 Capuae
967 1762 1055 1820 utiles
1077 1764 1160 1819 sunt.
1205 1756 1281 1819 malti

143 1872 242 1924 tamen
262 1866 292 1924 in
311 1864 367 1946 his,
389 1868 467 1927 sicut
486 1870 515 1928 in
535 1865 659 1947 reliquis
678 1867 768 1928 huius
786 1869 904 1946 generis
923 1868 1102 1946 praeceptis,
1125 1863 1164 1925 dc
1184 1864 1281 1945 quibos

145 1969 216 2029 nilril
250 1982 436 2052 compertum
465 1973 621 2053 habemns,
654 1982 826 2052 corruptam
857 1973 1009 2053 archetypi
1038 1973 1220 2053 scripturam
1244 1989 1280 2033 re

142 2088 341 2161 praesentare,
365 2100 453 2160 quam
478 2084 621 2142 incertam
645 2082 881 2142 emendationem
904 2080 1054 2142 exhihere.

232 2182 252 2247 3
278 2185 439 2249 Piscinas
464 2191 663 2250 romanIcas
687 2208 836 2249 suessae
860 2190 984 2248 casino
1007 2188 1165 2266 optimae
1184 2196 1282 2247 erunt

143 2293 286 2372 Romae]
314 2296 377 2357 Eae
404 2300 535 2373 optimae
563 2306 654 2357 erum
677 2297 792 2357 Iteratae
820 2294 971 2355 Ineundns
999 2301 1029 2354 et
1052 2293 1163 2355 deinde
1186 2293 1282 2373 reliqui

143 2400 283 2463 editores.
329 2403 476 2486 lacunam,
505 2422 562 2484 qaia
593 2422 701 2464 nomen
725 2405 916 2464 instrumenti
940 2402 1046 2491 rustici
1069 2408 1140 2462 ante
1163 2405 1282 2480 optimae

142 2517 233 2571 errent
256 2510 375 2592 excidit,
399 2511 533 2572 indicari

232 2614 253 2677 4
282 2616 364 2677 Cum
394 2627 514 2679 tortus
542 2622 612 2680 erit
641 2617 767 2697 longus
796 2637 823 2697 p.
845 2616 972 2677 lllelIl
995 2619 1030 2677 in
1055 2616 1282 2678 commissura

143 2722 259 2784 abibit
283 2744 310 2803 p.
330 2723 368 2784 lll
393 2724 453 2787 rel.
478 2729 548 2787 crit
571 2747 598 2806 p.
620 2725 708 2786 xtvl
732 2725 792 2786 nbi
816 2733 986 2786 extentus
1015 2725 1090 2785 erit
1118 2723 1282 2784 accedent

142 2828 214 2909 pv
241 2831 371 2910 longus
402 2836 472 2893 erit
499 2852 527 2912 p.
551 2833 600 2912 Ll]
634 2836 705 2894 Cum
734 2842 832 2894 tortus
859 2837 919 2894 erit
950 2836 1058 2906 tenpus
1083 2850 1114 2907 p.
1141 2829 1283 2892 XLVIII.

143 2940 174 2997 ia
198 2941 396 2999 commissura
425 2942 521 3000 abibit
543 2961 574 3017 p.
598 2943 654 3001 III.
702 2943 851 3015 reliquum
881 2942 941 3001 erit
960 2941 1054 3016 pedes
1078 2937 1195 2999 XLVI.
1240 2938 1285 2997 aii

143 3052 296 3106 cereatum
326 3049 386 3106 erit
416 3050 541 3108 accedet
566 3068 596 3124 p.
628 3048 657 3107 V.
710 3051 819 3122 locares
847 3050 907 3108 erit
930 3066 961 3123 p.
985 3047 1033 3105 LI
1059 3043 1193 3125 Merula,
1224 3060 1284 3105 cum

143 3158 240 3211 tortus
260 3151 366 3228 suerit,
390 3156 497 3229 leupus
521 3158 581 3215 crit
601 3158 693 3231 pedes
718 3154 834 3213 XLIX.
881 3156 912 3223 ia
942 3155 1144 3213 commeruere
1167 3152 1285 3213 obibunt

138 3263 232 3336 pedes
256 3260 317 3320 III.
364 3264 513 3335 reliquum
541 3264 600 3321 erit
624 3264 718 3337 peries
742 3260 857 3333 XLVI,
902 3260 956 3317 ubi
978 3265 1119 3319 extentus
1143 3261 1213 3333 erit,
1239 3275 1284 3318 ac·

142 3369 250 3427 redeat
274 3370 343 3443 ped.
375 3367 405 3426 V.
456 3371 563 3442 lanpas
591 3370 650 3427 erit
674 3371 744 3443 ped.
769 3366 816 3426 LI
844 3363 1003 3425 lucrandos.
1054 3373 1234 3445 corruptum
1259 3366 1285 3424 in

141 3476 276 3553 principe
301 3473 430 3532 editione
456 3492 612 3533 numerum
638 3474 783 3533 XLVIII
803 3491 857 3552 pro
881 3472 1048 3531 XLVIIII
1062 3470 1233 3534 Boeckhius
1252 3470 1285 3531 dc

142 3580 233 3641 rebus
263 3581 420 3640 maritimis
444 3579 673 3640 nelrcrrtenstum
701 3599 729 3659 p.
752 3576 813 3641 163
842 3578 878 3639 de
906 3577 1028 3638 lunibus
1056 3579 1203 3641 iaciendis
1231 3579 1284 3640 du·

142 3695 250 3766 putans
279 3686 414 3764 probarit
442 3695 471 3747 et
499 3705 567 3747 crim
596 3694 692 3748 tortus
719 3691 791 3767 crit,
819 3690 879 3748 erit
901 3690 1008 3761 leupus
1028 3688 1124 3762 pedes
1148 3685 1287 3748 XLVIII

144 3792 347 3871 scribendum,
378 3793 483 3853 deinde
508 3793 544 3855 ad
567 3793 648 3854 lumc
673 3811 829 3853 numerum
853 3791 985 3872 reliquos
1009 3811 1154 3856 numeros
1176 3810 1282 3856 accom-

142 3900 304 3961 modandos
328 3919 394 3961 esse
417 3902 542 3962 censuit.
589 3905 619 3960 iu
644 3904 841 3961 cornmissare
866 3903 993 3961 abibunt
1011 3903 1107 3978 pedes
1132 3902 1194 3977 III,
1219 3902 1282 3963 reli

142 4027 232 4084 parram
252 4013 311 4069 crit
325 4011 420 4086 pedes
439 4009 548 4069 XLVI
566 4027 601 4068 ex
621 4007 725 4068 Aldina
745 4007 874 4068 editione
894 4008 929 4068 ab
948 4006 1116 4069 editoribus
1135 4016 1281 4089 receptum

142 4125 195 4176 cst.
241 4118 353 4175 rectius
382 4123 446 4175 crat
474 4119 506 4176 iu
534 4119 731 4176 commissura
759 4117 885 4176 obibunt
909 4136 939 4194 p.
960 4117 1027 4190 III,
1058 4119 1175 4193 rele'pui
1197 4120 1281 4178 erum

140 4242 171 4300 p.
191 4223 248 4281 XL
256 4223 304 4282 VI.

233 4324 253 4388 6
277 4327 323 4386 Ex
348 4327 584 4406 lapricedinis
607 4347 683 4388 cum
703 4325 846 4409 eximet]
867 4331 917 4390 Ec
935 4331 1139 4406 topicaedim's
1157 4326 1278 4390 scriben-

144 4433 214 4493 dum
234 4452 299 4493 esse
319 4438 432 4496 nronnit
451 4435 593 4496 lnrdauus
613 4436 727 4515 eplrem.
746 4436 835 4497 litter.
855 4456 984 4515 german.
1005 4456 1029 4497 a.
1052 4433 1139 4500 1882
1156 4454 1186 4516 p.
1200 4427 1275 4497 1528
