2874 4994
363 352 492 408 RERVM
510 352 749 409 uvsmcunvu
767 352 834 411 LlB.
853 353 880 408 lI
900 353 916 408 1
1143 343 1206 409 139

118 515 167 571 :ter
192 541 244 590 -,
267 525 327 586 quo
349 512 454 570 multuo
479 515 589 590 potest,
617 510 698 570 dicct
732 507 942 569 Schneiderns.
987 526 1023 569 ex
1056 509 1202 587 tripertita

118 616 221 698 islone,
249 633 325 696 quae
353 633 442 696 snpra
472 613 533 693 §2
560 616 713 696 proposita
740 624 818 696 erat,
846 624 938 676 ructat
966 617 1053 676 tertia
1076 632 1144 696 pars
1167 614 1203 674 de

118 740 125 781 ι
146 721 304 784 dicendum
328 732 381 784 est.
418 721 455 783 de
478 721 533 784 hac
553 722 685 784 Scrofam
705 722 856 784 dicturum
875 739 941 783 esse
964 721 1073 783 ibidem
1092 721 1203 782 dictum

118 838 140 911 t,
161 832 199 891 de
222 832 315 891 tertio
334 836 439 910 porte,
462 832 517 891 ubi
537 838 582 891 est
604 833 642 892 de
664 837 745 911 arte,
768 828 882 906 Scrofa
904 832 1055 906 suscipiet.
1101 827 1205 889 eodem

118 946 238 998 uruntur
261 935 343 1019 haec,
365 939 447 1012 quod
466 935 580 1013 Scrofa
603 945 712 1012 noster,
736 954 794 1012 quo
817 939 923 998 melius
942 942 1048 1016 potest,
1071 937 1160 996 dicct.

155 1042 197 1104 Ut
226 1044 369 1104 fructus
396 1061 498 1123 quam
527 1046 670 1124 possint
702 1045 842 1104 maximi
874 1044 1062 1123 capiantur
1094 1060 1134 1104 ox
1167 1058 1205 1102 ea

118 1149 231 1229 {uibus
254 1153 330 1230 ipsa
355 1153 504 1231 pecunia
529 1154 710 1213 nominata
733 1148 801 1228 est]
818 1152 868 1212 Eu
886 1168 921 1213 co
940 1151 1055 1230 scripsi
1084 1151 1206 1210 scientia

119 1276 145 1318 m
166 1260 283 1338 pecoris
304 1257 427 1338 parandi
451 1266 481 1319 et
505 1257 644 1338 pascendi
668 1259 786 1318 inventa
805 1265 861 1338 est,
885 1264 919 1317 ut
943 1274 978 1316 ex
1002 1274 1123 1336 pecore,
1146 1272 1204 1315 non

137 1365 197 1445 ipsa
230 1366 366 1445 scientia,
396 1365 512 1426 fructus
544 1367 706 1445 capiantur.
752 1382 768 1424 a
797 1361 944 1425 fructibus
975 1380 1079 1445 porro,
1107 1364 1158 1442 qui
1189 1382 1206 1422 e

118 1488 173 1531 :ore
196 1473 363 1551 capiuntur,
386 1474 513 1551 pecunia
536 1473 686 1533 nominata
709 1479 764 1533 est.
864 1481 867 1485 ’

156 1574 196 1639 12
225 1577 335 1639 unius
359 1596 491 1657 genera
515 1581 589 1640 tria
611 1597 698 1640 oues
721 1595 827 1659 capra
851 1576 925 1655 sus]
950 1578 1019 1640 Ovis
1042 1576 1119 1638 edita
1142 1575 1210 1636 inde

118 1686 240 1764 principe
264 1684 394 1746 editione
418 1686 604 1765 exemplaria.
651 1687 769 1748 restitui
797 1684 941 1766 pluralem
965 1701 1136 1765 numerum,
1159 1683 1210 1762 qni

118 1792 167 1851 ‚in
190 1791 314 1870 reliquia
338 1791 481 1874 partibus,
504 1810 573 1854 oves
596 1811 712 1871 caprae
733 1811 810 1854 rues.

157 1896 284 1958 Tertia
307 1917 391 1979 pars
414 1902 528 1960 estin
550 1903 722 1981 pecuaria
746 1917 834 1980 quac
858 1917 925 1959 non
945 1904 1091 1977 paratur
1114 1903 1151 1957 ut
1170 1914 1210 1956 en

150 2006 314 2084 capiatur
346 2004 490 2065 irnctne
523 2006 584 2066 sed
617 2015 766 2087 propter
799 2023 872 2066 eam
906 2016 965 2066 aut
996 2023 1036 2065 ex
1069 2021 1107 2064 ca
1139 2004 1211 2064 sint

118 2108 152 2171 rli
176 2129 283 2172 canes
307 2111 486 2191 pastores]
516 2115 601 2186 Quae
623 2121 851 2190 conparatur,
875 2121 909 2173 ut
936 2131 976 2173 ex
1003 2130 1040 2173 eo
1068 2114 1211 2188 capiatur

118 2224 202 2293 ctus,
225 2221 282 2279 scd
298 2226 428 2296 propter
451 2236 526 2295 cam,
549 2227 582 2278 ut
605 2223 680 2280 muli
700 2239 792 2281 canes
811 2227 951 2297 pastores
973 2216 1137 2298 Iucundos,
1161 2214 1210 2276 ubi

120 2323 192 2386 inus
222 2329 279 2387 scd
299 2333 467 2402 propterca
494 2333 528 2386 ut
554 2344 594 2387 ec
622 2346 659 2389 co
686 2331 747 2388 sint
773 2335 807 2388 ut
828 2330 902 2388 muli
928 2322 1119 2388 scribendum
1141 2340 1210 2383 con-

121 2437 144 2492 t.
183 2450 271 2492 manu
292 2434 472 2512 scriptorum
491 2432 638 2495 librorum
660 2434 817 2495 lectionem
840 2433 990 2495 Gesnerus
1013 2449 1102 2513 prava
1120 2431 1211 2491 inter·

118 2541 234 2600 tatione
266 2557 338 2600 usus
366 2541 405 2601 itu
434 2540 579 2622 defendit,
606 2551 640 2604 ut
667 2543 842 2622 pronomine
876 2545 913 2603 iis
945 2560 979 2602 ea
1012 2558 1087 2621 quae
1119 2540 1212 2619 partis

118 2648 189 2707 nine
209 2644 503 2727 comprehenduntur
523 2651 622 2729 synesi
640 2667 700 2710 non
718 2651 869 2729 inusitata,
883 2657 918 2710 ut
936 2650 985 2729 ait,
999 2647 1213 2728 significentur,

121 2768 145 2812 n
168 2762 289 2834 paratur
313 2752 386 2814 hacc
408 2772 486 2838 pars,
507 2765 541 2817 ut
559 2775 595 2818 ex
614 2759 652 2818 iic
670 2759 804 2839 capiatur
824 2757 949 2838 fructus,
968 2754 1019 2817 sed
1039 2764 1072 2816 ut
1091 2762 1213 2835 propter

118 2873 132 2917 ι
157 2868 207 2921 aut
230 2878 267 2921 ex
290 2878 324 2921 ea
348 2857 432 2923 sint'.
479 2863 623 2942 pluralem
646 2864 729 2926 verbi
753 2882 912 2927 numerum
932 2870 1103 2945 parantur,
1126 2871 1160 2922 ut
1182 2862 1212 2920 in

118 2965 326 3028 'laico-codice
350 2978 449 3030 vetere
474 2972 663 3052 coniectura,
687 2979 720 3033 ut
743 2971 873 3047 ridetur,
898 2973 1042 3051 scriptum
1065 2976 1125 3050 est,
1146 2986 1214 3048 pro-

118 3089 177 3135 men
201 3077 240 3135 iis
262 3072 404 3156 postulat3
427 3073 533 3136 deinde
558 3076 715 3138 indicativo
739 3076 826 3138 modo
849 3085 919 3138 sunt
942 3073 1134 3136 scribendum
1157 3081 1213 3153 est,

118 3185 163 3242 'tio
182 3199 260 3258 porc
283 3188 328 3242 cst
346 3183 377 3242 in
398 3186 550 3258 pecuaria
569 3202 649 3259 quoe
667 3202 726 3245 non
746 3190 912 3261 parantur,
931 3189 965 3244 ut
987 3200 1026 3242 ex
1050 3184 1087 3241 iic
1110 3183 1213 3257 copia·

118 3288 278 3366 nfructus,
296 3292 351 3349 sed
368 3295 497 3366 propter
520 3308 586 3350 eom
610 3299 664 3351 cut
686 3309 726 3353 cx
749 3310 786 3353 co
808 3293 980 3366 suntoculi
1002 3306 1094 3350 conec
1114 3294 1215 3363 pasto-

118 3414 129 3456 ι.
174 3399 205 3456 in
240 3397 326 3456 tertia
358 3407 441 3475 parte
474 3405 545 3457 sunt
577 3415 628 3458 eae
661 3416 709 3459 rec
744 3417 819 3479 quac
851 3401 883 3460 in
916 3397 1054 3478 pecuaria
1088 3412 1146 3455 non
1175 3396 1215 3454 ita

118 3511 224 3582 antur,
248 3510 281 3563 ut
305 3519 339 3561 ex
372 3503 409 3561 iis
432 3501 547 3563 fructus
572 3505 718 3586 capiatur,
742 3504 794 3567 sed
823 3523 898 3586 qnae
927 3504 973 3565 rel
1000 3508 1124 3584 propter
1151 3517 1214 3560 rem

118 3612 237 3671 :uariam
262 3608 306 3668 vel
329 3626 365 3668 en
389 3625 423 3668 ea
447 3618 524 3671 sunt.
562 3611 593 3670 in
616 3612 716 3691 priore
736 3630 846 3693 genere
867 3620 936 3674 eunt
955 3629 1044 3672 canes
1064 3618 1093 3671 et
1115 3617 1213 3690 pasto·

118 3765 127 3798 ,
149 3721 180 3778 in
204 3715 296 3777 altero
320 3713 401 3795 muli,
425 3718 476 3794 qui
501 3735 537 3777 ex
560 3719 650 3778 asinis
675 3727 705 3780 et
728 3721 813 3799 equis
837 3727 1012 3780 nascuntur.

158 3823 288 3884 llorum
322 3840 387 3883 unu
421 3840 584 3904 quaeque
616 3827 651 3886 in
685 3845 721 3887 se
750 3826 933 3907 generalis
962 3827 1078 3905 partis
1111 3823 1217 3885 habet

119 3933 250 3993 minum
273 3928 445 4008 noncnas]
469 3931 575 4013 Habet,
600 3933 678 4013 quod
703 3936 733 3994 in
758 3934 892 4014 principe
918 3931 1048 3993 editione
1072 3931 1214 3990 omissum

118 4058 171 4120 pue
196 4037 374 4099 aPolitiano
398 4036 531 4099 additum
555 4048 609 4122 cst,
628 4059 777 4102 consensu
801 4039 1039 4119 apographorum
1063 4037 1215 4098 confirma·

118 4167 130 4208 '.
170 4150 281 4207 horum
304 4164 367 4206 ono
389 4164 528 4222 quaeque
551 4151 582 4208 io
604 4167 638 4209 sc
658 4152 820 4224 acncrolcs
838 4153 946 4225 partes
971 4147 1062 4207 tabet
1085 4162 1217 4206 novenas

118 4254 224 4316 :nudus
248 4262 277 4314 et
300 4251 407 4314 deinde
431 4253 538 4334 reliqui
562 4254 693 4316 editores
716 4258 827 4317 omisso
846 4274 871 4317 v.
894 4257 1057 4335 hominum,
1077 4270 1131 4332 pro
1155 4269 1214 4331 quo

118 4366 225 4424 nimum
248 4362 363 4442 scripsi.
401 4364 521 4423 omnino
541 4359 742 4424 Schneiderus
764 4365 943 4443 coniecerat,
966 4369 996 4422 et
1019 4362 1092 4420 item
1115 4368 1216 4440 postea

118 4473 217 4544 ,fiunt
239 4471 358 4530 omnino
378 4476 485 4546 partes
514 4471 668 4532 minimum
696 4475 851 4548 octopioto
879 4477 908 4532 et
935 4487 1015 4546 unc,
1038 4466 1089 4531 uhi
1118 4485 1218 4529 omncs
