2874 4994
359 348 490 406 RERVM
508 347 746 408 Rvs‘rlcntsvm
768 349 837 407 LlB.
856 349 895 406 111
914 347 1023 408 9-10
1192 342 1258 409 269

120 506 166 569 lat
186 504 238 568 Vll
258 503 300 570 81
332 509 455 586 lympha
482 526 502 569 0
529 510 675 591 nymphe,
706 514 741 570 ut
766 509 850 585 quod
874 509 959 586 apud
988 509 1122 571 Graecos
1154 508 1262 584 1111111,

120 618 204 694 apud
226 616 358 677 Ennium
380 610 472 677 ‘Telis
495 619 541 678 illi
562 612 684 678 meter’.

206 721 276 784 ldae
296 725 409 804 primo
428 722 645 786 dicebantur
665 742 730 803 qua
750 744 789 785 ex
808 723 945 786 medica
963 733 1112 805 propter
1130 726 1260 804 magui·

119 829 278 893 tudinem
303 839 406 892 erant
433 830 561 893 allatae
585 849 747 912 quaeque
777 850 816 893 11
845 833 889 893 iis
916 840 1109 912 generatae
1137 840 1261 912 postea

120 946 270 1018 propter
293 937 568 999 similitudinem
596 937 729 1018 amplas
757 957 878 1000 omues
905 957 946 1000 ex
977 940 1022 1000 iis
1052 938 1191 1001 euulsis
1221 957 1260 998 11

120 1044 183 1106 niis
220 1045 343 1124 pinnis
379 1053 413 1106 et
446 1064 462 1106 e
499 1044 610 1107 cauda
648 1045 807 1107 larciunt
843 1045 1013 1108 turundis
1050 1045 1261 1107 hordeaceis

120 1153 247 1232 partim
271 1151 439 1213 admixtis
463 1152 618 1213 clarina
646 1150 828 1231 lolleacia]
858 1155 936 1227 Quia
964 1171 1004 1215 ecc
1027 1152 1134 1214 Media
1155 1152 1262 1214 lucun-

120 1259 183 1327 dus.
227 1277 346 1339 pravam
379 1258 538 1320 verborum
566 1259 800 1342 distinctionem,
824 1278 900 1341 quae
928 1260 985 1322 luit
1012 1262 1042 1321 11
1072 1258 1261 1341 editionibus,

120 1372 219 1443 postea
238 1372 367 1444 propter
389 1369 628 1428 similitudinem:
652 1371 767 1445 amplus
790 1385 890 1429 omues
913 1387 954 1429 ex
977 1371 1029 1443 iis,
1052 1370 1183 1429 correxit
1206 1366 1261 1428 Ur·

120 1475 211 1557 sinus,
221 1481 329 1551 postea
339 1481 468 1551 propter
486 1477 712 1537 similitudinem
730 1478 848 1552 amplae
867 1493 981 1537 omnes:
1000 1493 1053 1537 ecs
1071 1478 1180 1537 evulsis
1195 1492 1258 1555 sqq.

120 1579 206 1642 buius
230 1580 466 1642 emendationem
486 1580 686 1643 Schneiderus
710 1584 832 1664 recepit,
850 1582 903 1643 sed
927 1601 967 1644 esc
990 1586 1036 1658 iis,
1055 1600 1109 1662 pro
1128 1600 1187 1662 quo
1207 1581 1256 1642 ille

120 1705 168 1749 eus
191 1686 324 1768 dederat,
346 1690 484 1769 retinuit,
508 1696 540 1749 ut
568 1696 648 1749 esset
671 1684 783 1749 ‘exiis
812 1688 920 1750 electas
948 1684 1102 1750 farciunt'.
1148 1706 1182 1750 ex
1210 1691 1259 1771 iis,

120 1793 145 1854 b.
160 1813 186 1856 e.
207 1813 242 1855 11
265 1792 391 1878 gallinis,
406 1794 516 1857 evulsis
534 1797 633 1876 pinnis
653 1814 748 1876 nuper
767 1797 985 1877 interpretatus
1008 1805 1055 1858 est
1070 1795 1260 1859 lleidricbius

120 1897 289 1962 Varronian.
308 1899 321 1960 1
343 1921 371 1982 p.
390 1899 442 1964 42.
488 1902 562 1963 mibi
584 1901 766 1981 probabilius
790 1906 884 1964 visum
914 1912 961 1965 est
990 1923 1030 1965 ex
1053 1908 1091 1966 iis
1113 1923 1149 1965 11
1173 1922 1259 1985 supe·
1329 1954 1331 1958 ,

120 2007 246 2070 rioribus
269 2011 429 2089 repetitum
452 2027 527 2070 esse.
573 2008 679 2071 deinde
704 2013 847 2072 admixtis
874 2009 984 2086 surina
1012 2010 1105 2073 delete
1133 2031 1151 2074 e
1178 2031 1260 2093 prae·

120 2115 263 2193 positione
293 2116 412 2197 scripsi,
444 2118 504 2177 1101
530 2119 631 2194 primo
662 2119 857 2200 dicebamur,
888 2137 968 2194 quoe
999 2138 1040 2181 ex
1070 2119 1193 2181 Medico
1216 2153 1260 2164 -

120 2225 235 2299 amplae
257 2238 366 2284 omnes.
412 2226 521 2285 evulsis
542 2242 583 2285 ex
606 2226 664 2285 olis
687 2227 792 2302 pinnis
820 2232 849 2286 et
876 2245 893 2287 1
921 2229 1023 2288 caude
1049 2225 1192 2304 sarciunt
1215 2234 1259 2289 tu·

120 2329 225 2401 mendis
256 2330 430 2392 hordeaciis
458 2333 574 2408 parlim
607 2334 752 2392 admistis
781 2330 892 2408 surina
922 2350 986 2414 sqq.
1033 2351 1099 2394 nam
1133 2333 1259 2396 admixta

120 2433 258 2497 dicuntur
285 2454 360 2515 quae
388 2435 516 2517 aliquam
544 2456 607 2498 rem
635 2437 793 2500 admixtam
820 2438 943 2521 babent,
972 2437 1072 2523 19,3
1103 2444 1260 2503 1111111111

120 2548 229 2624 terrm,
253 2539 305 2626 31,
323 2540 344 2605 5
366 2551 436 2605 sete
459 2546 597 2606 edmlmu
620 2547 766 2607 hordeum
785 2549 962 2609 1111111011
983 2551 1148 2631 lepumiue,
1171 2545 1259 2623 lus

120 2653 230 2711 remma
253 2652 400 2732 admixta,
421 2659 451 2712 et
473 2670 541 2712 cum
565 2651 690 2714 ablativo
714 2650 727 2712 1
746 2649 776 2733 9,
795 2651 816 2715 3
839 2660 925 2715 terra
953 2672 1022 2716 cum
1054 2663 1099 2717 est
1121 2656 1260 2717 admixtu

120 2775 154 2818 cac
182 2760 222 2818 iis
246 2760 410 2834 peceribus
438 2763 542 2835 alique
561 2778 604 2839 re,
629 2759 689 2821 Cic.
713 2758 750 2821 de
778 2771 836 2822 nat.
862 2761 942 2823 deor.
969 2760 995 2822 11
1016 2759 1066 2844 10,
1084 2760 1126 2824 21
1156 2766 1260 2825 colore

120 2866 280 2946 admeatus,
303 2864 341 2927 ib.
362 2861 413 2948 15,
431 2862 474 2927 39
497 2885 594 2942 neque
612 2871 674 2928 ullu
689 2874 856 2946 praeterea
878 2876 949 2930 suut
971 2870 1113 2930 admixtu
1135 2876 1259 2932 nature.

120 2971 262 3033 turuudae
295 2971 478 3055 hordeaciae,
510 2962 619 3053 quibus
642 2976 672 3034 in
701 2974 852 3036 farciendo
884 2984 1024 3056 utuntur,
1055 2992 1072 3035 a
1107 2975 1259 3036 nonnullis

120 3081 280 3141 miscentur
304 3080 396 3141 lerina
415 3079 545 3141 lolleacia
570 3090 621 3142 eut
639 3083 751 3141 semine
775 3080 841 3140 lini:
861 3079 972 3140 Colum.
994 3078 1056 3140 Vill
1080 3078 1108 3160 l,
1127 3077 1148 3140 3
1172 3083 1258 3141 cibam

120 3194 215 3249 autem
234 3189 404 3264 praedetur
425 3190 599 3250 hordeacea
619 3187 737 3263 sarium,
756 3205 817 3262 que
840 3204 910 3248 cum
934 3204 1016 3262 equa
1040 3205 1209 3264 conspersa
1229 3197 1258 3249 et

120 3296 245 3356 mbocta
264 3293 441 3370 formemur
464 3296 554 3371 offae,
577 3297 686 3370 quidus
710 3297 775 3356 uvis
797 3296 938 3356 satietur.

203 3398 248 3464 20
266 3401 309 3464 Ut
326 3404 426 3483 prior
446 3404 493 3464 sit
512 3409 708 3463 concoctus
728 3419 829 3481 quam
844 3400 1040 3462 secundum
1054 3399 1150 3478 dent]
1167 3402 1257 3464 Arete·

120 3523 205 3580 ruam
228 3513 395 3571 secuudum
418 3512 491 3571 dent
512 3511 639 3571 coniecit
663 3507 876 3589 Schneiderus,
900 3507 977 3587 quod
1002 3511 1116 3589 recepi:
1139 3507 1251 3572 Colum

120 3609 227 3699 11111,
247 3614 268 3679 3
290 3636 387 3693 neque
410 3624 482 3679 onte
504 3635 611 3678 reeens
634 3617 822 3678 admouenda
844 3622 896 3689 est,
915 3633 1004 3692 quem
1028 3623 1169 3694 temptato
1187 3625 1256 3693 put-

122 3738 184 3784 ure
206 3728 390 3800 apparuerit
411 3727 489 3786 1111111
510 3727 620 3787 veteris
643 3740 732 3786 escae
754 3725 943 3785 remansisse.

204 3827 246 3893 21
273 3833 435 3894 Pelumlms
457 3830 526 3893 libri
550 3851 638 3893 manu
661 3833 766 3911 scripti
785 3848 899 3913 omncs,
919 3848 975 3892 nou
992 3833 1159 3909 palumbes,
1178 3832 1257 3911 quod

120 3953 142 4000 1
167 3939 304 4020 principe
328 3939 458 4002 editione
481 3939 644 4001 Politianus
668 3958 727 4001 non
751 3940 888 4001 correxit.

203 4043 268 4109 xl
297 4046 334 4109 11
358 4047 449 4109 illud
472 4066 584 4127 genus
607 4046 700 4127 quod
724 4064 792 4108 non
816 4054 871 4107 est
894 4044 965 4107 ulla
988 4044 1075 4107 11110
1098 4063 1136 4106 11
1160 4052 1258 4106 11111

120 4163 325 4216 :ontentnm
356 4155 417 4217 sed
450 4156 608 4235 requirit
635 4156 796 4234 piscinas
823 4151 914 4233 quod
944 4170 1006 4214 uos
1033 4151 1258 4233 philograeei
1335 4169 1339 4176 ’

120 4263 260 4324 uocatis
283 4260 500 4343 amphibium
529 4263 563 4322 in
592 4260 722 4341 quibus
752 4259 813 4322 ubi
843 4277 990 4321 anseres
1020 4260 1167 4322 aluntur
1199 4280 1258 4323 no·

120 4371 208 4432 nine
239 4369 508 4431 chenoboscion
539 4367 748 4449 appellatis]
782 4369 820 4430 In
853 4370 931 4429 illud
956 4385 1054 4443 penus
1090 4371 1173 4443 quod
1208 4386 1259 4430 uos

120 4480 310 4558 abiloproeci
331 4480 446 4541 vocetis
468 4467 647 4560 dipoldus,
670 4477 752 4555 qaod
773 4493 832 4539 nou
856 4483 901 4541 est
922 4478 985 4537 ulla
1008 4477 1079 4538 villu
1102 4492 1141 4537 oc
1171 4482 1257 4537 terra
