2874 4994
319 112 450 169 RERVM
468 113 708 170 RVSTIGARVM
727 116 796 171 LlB.
813 117 841 172 11
860 114 970 174 9-10
1149 110 1213 174 207

68 263 229 346 legendm
251 284 328 347 esse,
351 276 402 330 aut
425 267 514 329 rerba
537 267 585 330 illa
610 269 772 332 deformata
795 289 909 352 vacare,
928 269 1006 350 quod
1031 271 1214 352 negligenter

68 370 212 434 librarius
230 372 337 454 aliquis
356 377 528 455 superiores
549 395 636 438 voces
656 377 704 439 hic
717 380 807 440 etiam
822 397 880 439 non
896 396 950 440 suo
964 377 1029 439 loco
1044 381 1215 459 scripsisset

66 487 99 541 et
122 498 175 542 eas
193 483 281 542 etiam
301 482 442 544 mendose
462 492 492 544 et
510 493 651 564 corrupte
670 486 849 568 scripsisset,
866 484 999 564 intelligo
1017 484 1091 567 illas,
1110 487 1213 547 Altero

67 589 150 650 taen
171 592 209 662 fit
231 584 364 651 corfor’.
402 589 474 651 nihil
498 599 596 652 autem
619 592 812 672 profecerunt
836 595 888 672 qul
910 602 978 672 post
995 591 1159 653 Victorinus
1183 595 1213 653 in
1334 664 1338 671 Ι

66 695 257 774 corrigendis
282 695 380 758 verbis
407 714 564 777 perperam
592 700 728 777 repetitis
755 717 875 780 operam
899 709 1161 777 consumpserunt:
1185 707 1214 759 et

66 805 98 863 si
119 805 201 864 atter
225 805 327 864 itidem
350 811 420 866 uter
443 822 538 880 aeger
561 812 614 886 est,
638 805 666 865 li.
685 825 711 866 e.
734 807 760 866 si
783 804 925 866 alteruter
947 803 1064 885 itidem,
1087 808 1215 867 coniecit

68 906 214 990 Scaliger,
236 917 266 972 et
286 913 316 971 εἰ
336 913 416 971 ulter
437 913 558 986 quidem
577 909 685 987 fetura
708 930 803 988 aeger
826 919 870 974 est
893 911 1011 992 Popma,
1034 916 1114 973 etsi
1135 917 1215 974 alter

65 1017 212 1079 starum
232 1035 327 1093 aequ
349 1024 395 1079 est
411 1016 577 1079 Pontedera
596 1037 624 1099 p.
638 1015 714 1099 440,
737 1022 814 1081 etsi
834 1022 991 1092 alteruter,
1009 1026 1044 1079 ut
1062 1021 1214 1081 interdum

62 1123 113 1197 fit,
135 1140 232 1199 aeger
255 1131 300 1185 est
321 1122 487 1204 Nettleslrip
510 1123 605 1185 annal.
628 1124 728 1205 philol
748 1124 914 1204 cantabrig.
938 1143 964 1186 a.
984 1122 1068 1187 1877
1093 1144 1121 1205 p.
1142 1123 1215 1187 174.

66 1228 123 1290 sed
146 1248 181 1290 ea
202 1248 321 1311 quoque
341 1248 418 1310 quae
436 1239 504 1291 ante
523 1211 596 1293 haec
615 1234 725 1313 scripte
746 1241 816 1293 sunt
834 1240 974 1312 corrupta
994 1248 1060 1292 esse
1079 1243 1215 1312 apparet:

64 1352 136 1397 uem
166 1354 331 1416 pronomen
361 1340 440 1399 idern
469 1355 527 1398 non
547 1337 650 1416 'babet
681 1357 740 1418 quo
773 1340 929 1400 relocatur.
975 1339 1074 1419 itaque
1107 1342 1214 1420 scripsi

61 1445 152 1520 quod
172 1461 242 1505 cum
265 1446 363 1506 attero
386 1448 456 1506 item
479 1446 559 1507 aiter
578 1449 616 1520 fit
638 1449 755 1528 aerior,
773 1453 804 1508 et
824 1448 853 1507 si
873 1447 1023 1507 alteruter
1045 1464 1140 1522 aeger
1162 1454 1215 1527 est,

59 1568 103 1613 ate
123 1553 194 1613 siue
216 1569 294 1613 curte
314 1569 397 1628 grear
420 1556 468 1614 sit.

150 1656 215 1719 xl
253 1659 481 1721 senatores
508 1661 667 1741 pecudes
694 1670 812 1722 aetate
840 1661 1053 1741 superiores
1081 1658 1121 1720 ad
1152 1661 1216 1720 mi·

60 1780 175 1826 nores
199 1766 304 1827 etiam
332 1784 467 1847 pueros
495 1775 534 1830 ut
561 1777 716 1847 iitroque
738 1766 865 1829 horum
889 1766 1073 1828 firmiores
1096 1769 1156 1844 qui
1180 1769 1215 1827 in

59 1869 221 1934 callibus
255 1882 453 1935 uersentur
484 1853 593 1954 quam·
619 1892 681 1935 eos
712 1875 774 1952 qui
807 1874 842 1932 in
873 1872 982 1934 fundo
1010 1871 1145 1933 cotidie
1174 1871 1213 1932 ad

60 1977 189 2041 uillam
222 1978 386 2058 redeant]
416 1981 518 2041 Etiam
545 1998 660 2058 pueros
692 1989 721 2042 et
753 1988 882 2055 utroque
913 1981 1022 2041 tonent
1050 1983 1213 2053 firmiores,

60 2087 119 2161 με·
141 2087 174 2146 r'n
201 2087 328 2148 collidus
354 2094 531 2162 versantur,
558 2105 650 2164 quam
677 2105 728 2150 eos
756 2091 811 2162 qur·
840 2084 996 2162 infundo
1023 2093 1054 2148 et
1079 2089 1213 2162 quotidie

60 2193 108 2253 ad
128 2193 233 2253 maana
250 2195 383 2255 redeunt
400 2193 559 2256 lucundus.
588 2194 740 2274 archetypi
758 2195 937 2273 scripturam
957 2192 1105 2254 Victorius
1126 2195 1211 2253 resti·

61 2299 132 2380 tuit,
151 2296 204 2358 scd
227 2306 257 2361 et
279 2306 409 2376 utroque
431 2319 467 2362 ex
486 2300 589 2362 Aldina
614 2299 744 2363 editione
768 2302 900 2361 retinuit.
937 2299 993 2361 hoo
1017 2301 1056 2361 fta
1081 2299 1212 2361 defendit

61 2401 228 2487 Gesnerus,
247 2416 280 2466 ut
302 2405 338 2466 ad
362 2409 491 2469 maiores
513 2415 544 2470 ct
566 2409 697 2468 minores
719 2406 851 2488 pecudes
869 2406 1042 2469 referretur.
1076 2415 1211 2488 pastores

60 2514 166 2593 podus
189 2511 247 2573 dici
271 2531 307 2574 ex
330 2517 506 2594 pronomine
530 2517 638 2576 torum
660 2513 793 2594 intellegi
819 2525 945 2595 poterat.
989 2517 1090 2594 itaque
1112 2522 1211 2576 utros·

61 2636 123 2695 que
148 2620 255 2699 scripsi
279 2630 309 2681 et
331 2628 366 2680 ut
387 2620 563 2701 particulam
593 2621 702 2702 delevi,
725 2624 770 2683 ud
793 2624 925 2684 maiores
946 2624 1083 2700 pecudes
1111 2629 1213 2682 aetate

60 2729 248 2804 superiores
271 2729 468 2790 admitteres
490 2733 582 2791 etium
601 2747 729 2806 pueros,
752 2737 897 2805 utrosque
924 2732 1031 2790 honam
1058 2731 1211 2802 firmiores

61 2836 118 2910 qui
140 2836 173 2894 iu
196 2835 325 2895 calidus
347 2844 508 2896 uersentur
526 2853 600 2916 squ,
619 2837 677 2895 nisi
700 2837 799 2913 potius
817 2838 922 2910 utique
939 2843 1084 2909 utrosque
1102 2835 1210 2893 horum

61 2937 258 3001 aerlbendum
282 2941 347 3020 fuit,
366 2941 445 3020 quod
470 2940 578 3021 legitur
596 2951 698 3020 postea
723 2939 743 3017 ἓ
765 2938 803 3000 11
829 2943 933 3016 utique
952 2948 1080 3014 uterque
1102 2941 1209 2999 trorum

61 3054 98 3109 ast
113 3064 219 3109 secum
237 3047 351 3108 habeat
368 3066 468 3124 epuos.
502 3050 669 3109 accusativo
692 3055 791 3108 autem
810 3047 939 3121 sesnin
960 3064 1020 3125 quo
1043 3043 1212 3106 offendebat

61 3151 277 3234 Schneiderus,
295 3153 368 3217 hacc
390 3154 468 3217 dicta
492 3163 571 3230 sunt,
591 3172 650 3215 non
670 3153 761 3215 relata
784 3152 820 3213 ad
839 3171 873 3212 ca
892 3170 969 3232 quae
991 3162 1078 3214 cutes
1099 3153 1209 3231 scripta

60 3268 160 3341 eram,
182 3262 318 3324 Mdeudf
335 3270 485 3339 pastores,
508 3261 560 3322 sed
584 3263 743 3323 coniuncta
766 3277 835 3321 cum
859 3258 905 3320 his
928 3278 1004 3341 quae
1028 3268 1096 3340 post
1118 3261 1208 3320 inter·

60 3368 191 3449 positam
215 3370 393 3430 sententiam
418 3373 521 3446 r'toque
539 3373 570 3430 r'rt
588 3369 717 3430 sottr‘lrus
734 3371 805 3429 ticet
826 3369 931 3428 vidue
939 3374 1123 3447 -pascant
1140 3365 1208 3427 sub·

59 3475 141 3537 fecta
173 3483 258 3556 sunt,
290 3493 340 3538 eos
373 3494 485 3552 cogere
516 3484 641 3554 oportet.
687 3473 810 3536 condem
844 3473 1068 3554 explicationem
1100 3472 1211 3535 habent

59 3582 247 3643 coniunctiri
270 3580 351 3642 modi
373 3591 534 3644 uersentur
558 3590 588 3645 et
610 3585 752 3658 redeant,
775 3599 831 3661 pro
854 3579 963 3660 quihus
986 3579 1138 3641 lucundus
1167 3583 1209 3640 in-

58 3688 208 3750 dicatiros
240 3696 405 3750 versantur
431 3699 462 3749 et
488 3692 619 3751 redeunt
650 3687 854 3751 substitueret.
900 3688 1029 3766 primum
1061 3688 1139 3746 enim
1173 3686 1210 3746 dc

56 3803 160 3858 aetate
183 3793 273 3855 etde
296 3812 406 3874 genere
429 3805 584 3876 pastorum
608 3804 764 3875 praecepta
786 3802 955 3874 ponuntur:
978 3792 1050 3854 alios
1074 3794 1153 3852 enim
1173 3790 1208 3851 ad

56 3904 192 3965 maiores
214 3901 346 3981 pecudes
369 3919 474 3980 parere
498 3910 629 3983 oportet,
653 3901 726 3962 allos
748 3901 784 3962 ed
814 3901 959 3980 minores,
981 3897 1088 3959 horum
1114 3906 1209 3959 utros·

55 4027 123 4092 que
146 4007 220 4070 alios
243 4009 296 4090 qui
318 4010 350 4069 in
373 4007 496 4070 callibus
519 4009 665 4070 montium
688 4015 859 4088 versentur,
882 4005 954 4066 alios
978 4007 1028 4085 qui
1057 4007 1087 4065 in
1118 4003 1209 4065 fundo

55 4126 223 4199 pascentes
243 4115 353 4178 cotidie
371 4115 409 4178 ad
427 4115 523 4178 villam
548 4114 678 4177 redeant
716 4114 832 4194 deinde,
851 4114 877 4174 si
895 4111 996 4192 plures
1015 4129 1121 4191 greges
1141 4113 1210 4194 sint,

53 4242 153 4306 quen
176 4223 214 4284 sd
239 4223 359 4285 modum
388 4224 420 4284 iu
447 4226 567 4302 pascuis
595 4229 729 4302 pastores
757 4219 884 4282 habendi
913 4221 987 4299 sint,
1014 4220 1208 4297 praecipitur:
