2874 4994
343 121 473 176 RERVM
496 121 735 177 RVSTIOARVM
754 122 821 176 LIB.
843 124 852 176 1
875 123 890 176 l
1173 115 1194 180 5

23 297 109 342 ceam
139 279 213 339 dene
236 279 361 338 colendo
381 277 574 352 fructuosum
594 295 661 338 eum
680 277 790 352 secere
813 281 885 338 uelis
908 275 1067 359 iucundus,
1090 277 1191 339 arche·

26 389 98 464 typi
135 386 313 463 scripturam
334 383 474 463 Angelius
497 386 638 466 restituit,
656 401 743 460 quem
762 386 837 445 dene
855 387 980 446 colendo
1000 383 1193 461 fructuosum

28 495 201 566 conficere
229 495 301 553 uelis
328 490 485 553 Victorius.
527 490 687 570 neglegens
715 489 873 551 verborum
902 494 1089 571 compositio,
1118 511 1192 571 quae

29 598 223 659 secundaria
246 602 406 680 sententia,
430 601 504 660 dene
527 602 653 660 colendo
673 597 865 673 fructuosum
891 616 960 660 cum
979 598 1089 676 secere
1112 604 1193 681 uelis,

31 704 148 766 additu
170 715 199 766 et
222 723 291 767 cum
314 705 437 766 relativo
460 708 635 785 pronomine
653 723 741 781 quem
759 707 917 766 coniuncta
936 705 1039 766 ellecta
1059 715 1113 786 est,
1132 706 1191 766 edi·

31 822 132 872 tores
145 813 293 874 offendere
308 832 367 873 tion
382 812 516 873 debebat
542 811 645 873 similis
661 811 846 873 anacoluthia
857 814 887 872 in
903 814 1111 873 coniunctione
1124 832 1192 874 cem

33 916 175 980 admissa
199 929 246 981 est
269 919 294 980 11
316 919 344 1000 1,
363 918 383 982 3
407 929 437 981 et
454 923 588 981 homines
606 929 635 982 et
655 922 789 997 pecudes
812 937 881 980 cum
902 937 1020 996 semper
1039 919 1136 995 sursse
1153 924 1193 982 sit

30 1041 169 1088 arcesse
186 1027 311 1109 natura,
329 1025 369 1087 111
383 1024 413 1107 2,
427 1025 449 1088 4
464 1035 492 1088 et
511 1044 580 1088 cum
598 1030 675 1088 hoec
688 1030 729 1087 sit
747 1031 910 1088 communis
929 1030 1066 1088 uniuersi
1079 1031 1192 1104 populi,

30 1127 67 1189 lll
89 1129 190 1214 2,13
205 1137 359 1196 duoenim
375 1151 576 1210 pepercerim
594 1137 655 1194 sint
668 1137 852 1210 pastionum,
874 1133 913 1193 111
932 1131 1015 1209 16,2
1034 1152 1104 1195 nom
1124 1152 1191 1195 cum

23 1253 167 1316 pauper
189 1260 259 1303 cum
281 1242 398 1302 duobus
414 1242 568 1316 fratribus
586 1248 616 1302 ct
634 1242 752 1301 duobus
770 1243 928 1302 sororibus
947 1258 1039 1302 essem
1058 1243 1191 1314 relictus,

25 1341 115 1406 item
139 1347 174 1408 lll
197 1345 304 1430 16,18
324 1351 495 1423 etquidem
514 1350 628 1429 dicunt,
647 1351 709 1408 tria
722 1367 839 1424 perteret
859 1366 927 1409 cum
946 1350 1006 1409 siut
1025 1349 1136 1408 ducum
1158 1351 1190 1408 iu

22 1454 167 1536 apibus,
200 1465 230 1516 et
258 1457 288 1516 in
317 1457 525 1516 coniunctione
549 1458 631 1531 quod
653 1453 665 1514 l
684 1452 781 1537 41,4
805 1475 821 1516 e
848 1457 957 1530 quibus
980 1457 1087 1531 parvis
1110 1457 1192 1530 quod

21 1565 154 1624 enasci
174 1565 298 1624 coliculi
319 1566 372 1624 ve'sr
390 1570 512 1638 queunt.
547 1561 602 1623 ulia
625 1561 714 1623 huius
734 1561 935 1641 neglegentiae
960 1579 1069 1641 genera
1093 1564 1192 1622 notavi

21 1658 100 1745 15,
130 1666 156 1730 s.
184 1667 214 1752 9,
234 1666 263 1731 2.
294 1667 343 1743 ιι,
359 1650 388 1731 2.
416 1667 456 1729 ιιι
475 1667 505 1749 3,
524 1666 553 1731 3.

135 1775 260 1856 Meque
288 1785 327 1836 ut
353 1776 387 1835 id
412 1775 497 1836 mihi
526 1773 672 1835 habeam
695 1792 823 1835 curare
851 1773 975 1853 roges]
1003 1776 1104 1836 Corae
1127 1794 1189 1835 cor·

20 1888 146 1942 rector
159 1881 269 1943 codicis
280 1882 443 1944 FlorentIni
458 1893 488 1943 et
499 1881 617 1962 Lipsius
631 1882 746 1960 epistol.
762 1891 874 1961 quaest.
888 1879 981 1963 4,11,
995 1885 1066 1942 item
1081 1884 1191 1942 omisso

18 1991 219 2052 tronomtne
241 1992 316 2051 milri
335 1989 468 2050 Ursinus.
503 1988 595 2069 Lipsii
615 1991 818 2050 coniecturam
841 1988 1056 2049 commendavit
1075 1987 1190 2048 Thinle-

15 2099 170 2157 mannum
200 2097 237 2157 de
265 2095 356 2157 verbo
383 2098 498 2157 leodem
526 2113 593 2156 cnm
621 2096 765 2156 infinitivo
791 2098 950 2156 coniuncto
979 2095 1132 2173 disputans
1159 2097 1190 2154 in

12 2184 206 2264 Woetnttnt
227 2203 354 2263 Archivo
374 2222 398 2263 v.
418 2201 444 2263 11
463 2221 491 2282 p.
511 2199 554 2265 65
578 2203 720 2282 exemplis
739 2200 897 2281 adscriptis
921 2200 1050 2262 Cornelii
1068 2199 1190 2280 Nepotis

10 2295 83 2363 itt.
124 2308 177 2391 20,
195 2308 218 2372 4
241 2329 338 2372 corae
359 2311 420 2370 sibi
436 2311 564 2371 deberet
587 2312 749 2371 certiorem
768 2308 878 2386 secere
901 2311 1033 2371 Atticum
1052 2320 1082 2370 et
1101 2308 1191 2369 Caelii

10 2400 140 2477 liner.
158 2419 244 2496 epist.
263 2416 328 2477 11111
348 2414 381 2491 8,
403 2413 444 2478 10
471 2435 521 2479 eos
550 2419 607 2478 tibi
632 2425 661 2478 et
688 2434 766 2491 rem,
795 2419 833 2478 de
859 2434 920 2492 quo
949 2419 1073 2497 scripsi,
1105 2418 1190 2476 eelim

10 2527 143 2586 lirare
162 2526 285 2586 habeas.

135 2630 176 2692 Et
198 2650 266 2691 non
291 2630 404 2691 solnm
424 2640 461 2692 ut
485 2633 562 2710 ipse
589 2629 701 2709 quaed
729 2632 845 2692 uiuam
875 2629 958 2708 quid
983 2629 1067 2688 lieri
1085 2646 1190 2707 opor·

10 2741 30 2788 d
47 2743 91 2788 ἢ
109 2745 122 2797 t
142 2746 179 2799 ut
202 2747 234 2799 te
260 2736 436 2815 moneam]
466 2739 501 2799 Ut
525 2737 570 2798 his
589 2739 719 2816 positum
739 2736 889 2796 Gesnerns
908 2735 1041 2796 defendit
1062 2734 1190 2795 adhibita

10 2829 207 2919 pleonasmi
234 2846 361 2924 ratione,
385 2863 443 2923 qna
471 2863 558 2924 saepe
591 2843 702 2904 abusus
730 2854 783 2904 est.
829 2846 936 2918 quaed
963 2851 1082 2920 praeter
1111 2841 1190 2902 hunc

14 2947 82 3008 loe
88 2965 143 3011 um
156 2953 187 3011 in
198 2949 358 3029 archetypo
369 2952 513 3030 scriptum
524 2947 874 3028 sollemnemque
885 2950 928 3009 od
940 2952 1060 3009 tertiam
1068 2956 1189 3024 portem

29 3047 220 3134 decoxere,
248 3054 374 3136 149,1
403 3060 509 3132 quood
531 3066 727 3134 perorescot,
759 3053 834 3116 164
861 3056 967 3129 quood
996 3058 1190 3130 redeam-unt,

36 3151 117 3245 112,
134 3165 169 3227 11
190 3167 296 3241 quoae
314 3163 524 3241 resrlperotur
543 3175 573 3224 et
591 3166 697 3238 quoad
710 3164 945 3237 contenebravit,
967 3160 992 3220 11
1009 3158 1096 3241 2,15
1115 3179 1186 3235 quo-

50 3273 93 3334 dd
112 3277 340 3353 convaluerunt,
364 3270 387 3330 11
408 3269 439 3351 4,
453 3269 492 3332 21
519 3274 625 3347 quood
643 3274 722 3343 fiant
741 3272 915 3342 trimestres,
938 3268 965 3328 11
985 3266 1015 3349 l,
1032 3265 1073 3328 12
1097 3286 1190 3342 usque

56 3383 149 3453 quood
171 3388 261 3441 erunt
280 3384 436 3451 lactentes,
461 3375 499 3437 111
518 3375 549 3458 5,
565 3376 606 3438 10
629 3380 735 3453 quoad
756 3378 925 3453 capitulum
948 3376 1113 3436 rutundum
1138 3374 1190 3452 est,

55 3483 87 3547 lll
106 3483 168 3567 t,8
191 3487 297 3561 quaed
314 3493 449 3562 possunt.
492 3483 536 3544 tis
561 3486 704 3564 scriptum
729 3494 793 3544 erat
815 3485 930 3558 quood,
954 3478 1063 3561 114‚8
1087 3482 1190 3556 quood

46 3597 178 3675 peruenit
206 3594 249 3652 od
274 3595 390 3652 lonium
423 3600 454 3651 et
480 3589 507 3650 11
536 3587 570 3670 l,
598 3587 617 3652 8
651 3592 754 3666 quood
780 3593 854 3650 sote's
880 3593 920 3650 sit
949 3591 1084 3661 admitti;
1118 3589 1188 3648 item

46 3703 90 3767 trs
112 3710 252 3779 corrupte
275 3702 358 3776 quod
374 3701 425 3772 ad,
448 3697 460 3757 1
479 3694 564 3777 3t‚1
589 3699 673 3772 quod
690 3699 833 3758 adueniat
851 3697 894 3756 ed
912 3698 1188 3774 intermenstruom,

43 3821 73 3875 et
96 3807 123 3869 11
142 3804 227 3888 2,1t
252 3809 335 3882 quod
356 3808 400 3866 od
413 3804 495 3880 secti
511 3812 582 3865 sunt
599 3806 845 3879 quadrimestres.
883 3801 929 3860 his
948 3798 1086 3859 omnibns
1106 3799 1188 3879 locis,

40 3918 93 3983 uhi
116 3916 221 3991 quoad
242 3915 272 3973 in
292 3914 379 3974 editis
398 3911 493 3972 adhuc
513 3908 731 3990 exemplaribus
753 3907 900 3988 vulgatum
923 3915 994 3988 erat,
1018 3908 1125 3981 quaed
1143 3924 1187 3965 re·

37 4025 134 4088 stitui.
172 4039 238 4081 nam
262 4019 316 4080 hac
341 4017 400 4078 sola
420 4018 513 4077 forma
532 4016 624 4076 Varro
648 4018 679 4077 in
702 4016 748 4076 his
772 4014 854 4075 libris
879 4014 995 4074 videtur
1014 4031 1087 4074 nsns
1112 4031 1188 4092 esse,
1271 4041 1275 4049 ·

35 4127 182 4194 adverbio
210 4146 271 4203 quo
299 4144 368 4187 cum
395 4126 612 4205 praepositione
642 4126 686 4184 ael
707 4123 885 4202 composito,
913 4122 992 4180 sicut
1019 4123 1048 4180 in
1079 4119 1187 4181 multis

35 4246 146 4302 contra
166 4233 296 4295 inlibris
315 4232 466 4311 delinpna
486 4229 583 4312 latina,
602 4231 628 4290 si
650 4229 852 4290 Florentinum
872 4226 1004 4288 codicem
1024 4229 1187 4308 sequimur,
