2874 4994
358 343 406 397 DE
425 339 514 397 nunt
533 340 706 397 GVLTVRA
724 342 864 398 LIBRVM
883 343 912 398 C.
935 341 975 399 14
1192 336 1233 400 41

93 495 319 576 putabuntur
356 497 472 561 uallus
510 496 600 577 quod
637 505 746 560 erunt
777 500 812 561 in
845 498 1008 580 singulas
1041 508 1237 580 quaternae

94 603 397 684 numerabuntur]
418 608 455 668 In
478 609 596 682 tenutas
618 636 655 649 -
676 609 840 669 deliciares
862 626 942 683 quae
964 615 1062 683 erunt,
1082 626 1141 685 pro
1160 611 1238 670 binis

92 713 297 789 putabuntur,
321 716 352 773 in
371 715 440 774 alir's
458 720 531 789 quot
548 719 638 773 erum
654 716 791 788 cinqulur
809 721 978 790 quaternae
996 717 1238 777 numerabuntur

94 817 219 901 Merula,
246 823 277 881 in
299 824 417 896 tequlas
438 823 575 896 cinqulas
598 821 633 880 Il.
657 822 726 880 duo.
771 823 804 880 in
827 829 937 882 tectum
959 825 1004 882 sic
1027 825 1238 883 numerabitur

95 930 202 1003 tenuta
218 960 257 971 -
278 930 441 990 delictores
459 945 539 1004 quae
556 933 655 1002 erunt,
671 944 730 1003 pro
748 928 826 988 binis
846 930 973 1004 inthris
988 931 1187 1006 putabuntur,
1207 933 1238 991 in

96 1037 170 1095 alir’r
187 1042 260 1111 quot
273 1042 363 1097 crum
381 1039 412 1096 in
430 1037 567 1110 sinqulas
581 1041 750 1110 quaternae
764 1036 1007 1096 numerabuntur
1024 1035 1184 1118 iucundus,
1207 1039 1238 1098 in

95 1145 217 1217 tequlas
238 1145 375 1219 mnqnlas
398 1143 442 1203 II.
488 1145 519 1203 in
542 1148 652 1203 tectum
675 1144 721 1202 sic
743 1143 956 1203 numerabitur
978 1147 1093 1219 tequla,
1118 1147 1239 1220 inteqra

96 1267 179 1324 quae
204 1253 278 1311 erit:
305 1267 385 1326 quae
410 1267 471 1310 non
498 1252 570 1324 erit,
598 1251 679 1310 unde
705 1256 818 1324 quarta
839 1268 917 1326 pars
940 1251 1052 1324 aberit,
1079 1253 1160 1312 duae
1180 1269 1239 1328 pro

96 1374 162 1417 una
184 1360 366 1419 coniiciares
389 1375 468 1433 quae
492 1364 589 1429 erunt,
610 1373 669 1433 pro
693 1357 771 1417 binio
791 1358 998 1434 putabuntur:
1021 1361 1052 1418 in
1076 1361 1145 1419 aliis
1167 1365 1240 1434 quot

96 1471 195 1544 crunt,
219 1467 250 1525 in
272 1467 408 1540 sinqulas
431 1470 601 1539 quaternae
624 1465 866 1525 numerabuntur
885 1462 1042 1547 Victorius,
1065 1464 1118 1525 ubi
1136 1483 1238 1526 errore

97 1589 203 1632 eorum
231 1574 284 1651 qui
310 1590 334 1633 a.
361 1567 446 1634 1543
474 1569 632 1631 editionem
661 1571 865 1650 repetiverunt
891 1575 993 1647 tequla
1016 1575 1138 1648 inteqra
1160 1590 1239 1649 quae

97 1695 160 1739 non
187 1681 247 1739 crit
273 1681 354 1741 unde
377 1696 441 1758 sqq.
469 1676 580 1739 editum
609 1685 639 1738 et
666 1675 773 1737 deinde
795 1678 826 1739 in
850 1675 980 1757 reliquas
1004 1678 1149 1740 editiones
1172 1698 1238 1759 pro·

97 1793 239 1865 negatum
262 1792 334 1847 erat.
380 1789 412 1847 in
435 1792 545 1846 tectum
567 1787 613 1845 sic
635 1786 846 1846 numerabitur
873 1789 990 1860 tequla:
1017 1789 1137 1862 inteqra
1160 1805 1240 1862 quae

95 1910 159 1954 nou
183 1895 294 1954 erit-
317 1901 487 1968 quaternae
509 1893 751 1953 numerabuntur
766 1895 899 1970 pretium
918 1896 950 1953 in
966 1895 1103 1969 sinqulas
1121 1897 1239 1969 tequlas

95 1999 158 2060 HS
179 1997 380 2062 Schneideros
403 2000 538 2060 coniecit.
580 1996 733 2077 archetypi
756 1997 914 2060 lectionem
938 2001 964 2059 si
987 2002 1149 2082 sequimur,
1172 2018 1238 2080 pre-

97 2107 175 2167 tium
198 2106 277 2186 quod
299 2125 354 2186 pro
377 2105 443 2168 vilia
466 2104 645 2167 aedificanda
664 2104 837 2167 solvendum
857 2115 902 2168 est
921 2125 1044 2168 numero
1063 2106 1239 2189 tegularum,

95 2231 175 2293 quac
192 2215 224 2274 in
243 2223 321 2276 tecto
340 2223 420 2295 sunt,
438 2212 578 2274 definitur
597 2215 646 2293 ita,
665 2220 698 2273 ut
717 2215 747 2273 in
767 2213 897 2293 singulas
916 2213 1030 2293 tegulas
1049 2214 1107 2276 duo
1127 2216 1238 2274 nummi

98 2317 261 2381 solvantur.
307 2327 419 2380 tectum
442 2327 540 2380 autem
564 2320 607 2379 sic
631 2327 818 2402 numeratur,
842 2328 875 2380 nt
896 2339 951 2400 pro
975 2321 1072 2399 tegula
1095 2319 1239 2381 habeatur

99 2445 134 2488 aa
164 2444 240 2506 quac
267 2427 381 2506 integra
410 2427 456 2486 sit.
502 2444 537 2486 ex
565 2428 601 2486 iis
630 2444 704 2506 quae
732 2428 864 2505 integrae
893 2445 952 2487 non
976 2435 1059 2508 sunt,
1086 2429 1112 2487 si
1136 2436 1240 2507 quarta

98 2552 171 2614 pars
189 2532 281 2614 abest,
299 2533 374 2594 duae
393 2551 448 2612 pro
467 2549 525 2593 una
544 2541 752 2614 numerantur3
770 2533 945 2596 coniiciares
963 2543 1062 2596 autem
1080 2553 1134 2614 pro
1153 2534 1240 2615 binis,

98 2640 168 2702 valli
190 2658 245 2720 pro
268 2641 421 2720 quaternis
444 2640 551 2719 tegulis
574 2651 777 2703 numerantur.
814 2641 866 2703 sed
889 2643 986 2722 aptius
1007 2650 1118 2703 mutato
1138 2641 1240 2702 verbo-

101 2767 171 2810 rum
193 2747 307 2827 ordine,
330 2749 408 2809 sicut
431 2746 499 2808 olim
523 2750 717 2829 conieceram,
741 2750 772 2809 in
790 2748 870 2811 hunc
888 2749 1008 2811 modum
1027 2758 1185 2829 praecepta
1204 2748 1239 2810 de

101 2857 200 2936 pretio
216 2857 286 2917 tecti
300 2864 330 2916 et
343 2873 468 2916 numero
482 2854 649 2934 tegularum
663 2858 876 2937 exprimentur,
890 2864 1001 2918 tectum
1013 2861 1059 2918 sic
1068 2859 1240 2919 numerabi-

102 2972 164 3038 tur,
187 2966 289 3039 tequla
313 2965 434 3039 inteqra
457 2967 625 3039 quaeerit,
649 2967 818 3040 inrequies
840 2965 1061 3040 sinqulasIIS,
1084 2983 1163 3039 quue
1180 2981 1240 3024 non

99 3073 174 3144 crit,
201 3071 283 3131 unde
305 3077 419 3146 quarta
438 3088 516 3148 pars
539 3072 651 3147 aberit,
673 3075 755 3134 duae
773 3089 832 3149 pro
855 3091 931 3153 una,
958 3075 1139 3133 coniiciares
1162 3089 1241 3146 quae

99 3184 192 3238 crunt
207 3194 265 3253 pro
285 3178 363 3237 binis
377 3179 577 3254 putabuntur,
597 3180 670 3238 ualli
685 3186 757 3254 quot
773 3186 864 3240 erunt
877 3182 908 3240 in
921 3182 1058 3255 sinqulas
1072 3186 1241 3254 quaternae

99 3285 352 3345 numerabuntur.
398 3282 572 3345 conliniares
600 3282 715 3364 tegulae
744 3293 814 3347 sunt
842 3303 916 3365 quae
944 3284 1073 3346 miliciae
1100 3285 1240 3346 dicuntur

100 3389 181 3452 Paul
206 3409 269 3456 exc.
288 3389 366 3452 Fert.
384 3409 413 3470 p.
435 3389 543 3472 114,4
567 3393 708 3454 inlicium
732 3395 854 3467 dicitur,
878 3410 945 3453 cum
963 3396 1092 3470 populus
1111 3395 1154 3451 ad
1171 3410 1240 3452 con-

101 3501 213 3561 tionem
235 3501 365 3580 elicitur,
394 3502 427 3560 id
450 3507 495 3561 est
517 3506 669 3560 evocatur.
715 3502 796 3561 unde
818 3507 848 3561 ct
870 3503 1008 3561 colliciae
1030 3502 1162 3575 tequlue,
1182 3518 1241 3576 per

99 3624 177 3682 quar
201 3623 283 3681 aqua
306 3609 338 3666 in
361 3624 415 3667 rac
433 3609 568 3681 defluere
582 3614 688 3684 potest.
724 3625 778 3685 pro
797 3606 844 3668 his
863 3610 1025 3669 deliciarec
1044 3607 1241 3686 antiquissimi

100 3712 232 3774 editores
255 3711 402 3774 dederunt
424 3732 460 3774 ex
479 3711 559 3774 Paul.
579 3731 639 3775 exc.
661 3713 739 3775 Fest.
759 3734 786 3794 p.
807 3712 858 3796 73,
875 3712 895 3776 2
915 3717 1033 3776 Delicta
1051 3722 1095 3776 ert
1118 3718 1242 3790 tiqnum,

98 3823 184 3897 quod
205 3838 225 3880 a
249 3822 379 3882 culmine
402 3823 445 3882 ud
467 3825 584 3896 tenutas
607 3826 773 3897 anqulures
797 3825 915 3895 infimas
938 3841 1042 3883 uersus
1062 3822 1242 3898 fastigiatum

99 3931 291 4002 conlocatur,
314 3930 395 3989 unde
418 3935 528 3990 tectum
551 3932 725 3991 deliciatum
748 3936 778 3991 et
799 3933 919 4005 tequlae
942 3932 1110 3990 delictores.
1152 3928 1243 3989 vallos
1324 3952 1327 3958 ·

98 4032 215 4114 tegulas
234 4052 302 4096 cum
321 4033 455 4095 conliciis
473 4033 601 4114 appellat
619 4033 719 4096 Aelius
738 4033 837 4096 Gallus
856 4034 933 4114 apud
954 4035 1088 4097 Servium
1107 4037 1137 4096 in
1155 4036 1239 4117 Verg.

98 4159 198 4222 georg.
222 4138 320 4203 1264
342 4143 446 4204 Aelius
470 4143 573 4203 Gallus
596 4145 634 4204 de
657 4145 757 4204 uerbis
779 4146 823 4204 ad
844 4147 891 4204 ius
914 4146 1000 4204 civile
1020 4147 1240 4219 pertinentibus

97 4251 1239 4330 rabortequlasqrandes,quaesupracolliciasinfimaeponuntuqcppellat.

98 4355 155 4416 hae
173 4353 209 4416 ad
230 4353 455 4416 similitudinem
469 4358 661 4418 instrumenti
676 4359 789 4438 rustici,
808 4356 844 4417 de
860 4376 918 4436 quo
933 4358 963 4417 in
978 4357 1058 4417 Varr.
1069 4377 1092 4417 r.
1103 4376 1126 4417 r.
1137 4357 1149 4416 l
1159 4354 1237 4439 22‚1

98 4463 170 4545 dixi,
188 4461 328 4524 ridentur
346 4461 442 4525 dictae
460 4483 535 4527 esse.
572 4468 667 4527 uallus
686 4466 853 4526 accusativo
872 4482 942 4525 casu
961 4464 1068 4545 legitur
1087 4463 1125 4526 ib.
1145 4459 1244 4545 23‚5.
