<?xml version="1.0" encoding="UTF-8"?>
<!DOCTYPE html PUBLIC "-//W3C//DTD XHTML 1.0 Transitional//EN"
    "http://www.w3.org/TR/xhtml1/DTD/xhtml1-transitional.dtd">
<html xmlns="http://www.w3.org/1999/xhtml" xml:lang="en" lang="en">
 <head>
  <title>
</title>
<meta http-equiv="Content-Type" content="text/html;charset=utf-8" />
  <meta name='ocr-system' content='tesseract 3.04.00' />
  <meta name='ocr-capabilities' content='ocr_page ocr_carea ocr_par ocr_line ocrx_word'/>
</head>
<body>
  <div class='ocr_page' id='page_1' title='image "./mporcicatonisde00keilgoog_0195.png"; bbox 0 0 2874 4994; ppageno 0'>
   <div class='ocr_carea' id='block_1_1' title="bbox 181 306 969 370">
    <p class='ocr_par' dir='ltr' id='par_1_1' title="bbox 181 306 969 370">
     <span class='ocr_line' id='line_1_1' title="bbox 181 306 969 370; baseline -0.008 0"><span class='ocrx_word' id='word_1_1' title='bbox 181 306 247 370; x_wconf 79' lang='grc'><em>174</em></span> <span class='ocrx_word' id='word_1_2' title='bbox 542 311 732 366; x_wconf 81' lang='lat' dir='ltr'>COMMENT.</span> <span class='ocrx_word' id='word_1_3' title='bbox 751 311 791 365; x_wconf 90' lang='lat' dir='ltr'><em>IN</em></span> <span class='ocrx_word' id='word_1_4' title='bbox 811 308 969 365; x_wconf 79' lang='lat' dir='ltr'>CATONIS</span> 
     </span>
    </p>
   </div>
   <div class='ocr_carea' id='block_1_2' title="bbox 126 465 1265 4504">
    <p class='ocr_par' dir='ltr' id='par_1_2' title="bbox 137 465 1265 2695">
     <span class='ocr_line' id='line_1_2' title="bbox 177 465 1265 544; baseline -0.005 -15"><span class='ocrx_word' id='word_1_5' title='bbox 177 471 347 544; x_wconf 79' lang='lat' dir='ltr'><strong><em>morbisque</em></strong></span> <span class='ocrx_word' id='word_1_6' title='bbox 370 471 562 529; x_wconf 87' lang='lat' dir='ltr'><em>articulariis</em></span> <span class='ocrx_word' id='word_1_7' title='bbox 586 470 674 528; x_wconf 82' lang='lat' dir='ltr'><em>inlini</em></span> <span class='ocrx_word' id='word_1_8' title='bbox 691 485 760 528; x_wconf 93' lang='lat' dir='ltr'><em>cum</em></span> <span class='ocrx_word' id='word_1_9' title='bbox 778 472 851 528; x_wconf 89' lang='lat' dir='ltr'><em>ruta</em></span> <span class='ocrx_word' id='word_1_10' title='bbox 870 473 900 527; x_wconf 90' lang='lat' dir='ltr'><em>et</em></span> <span class='ocrx_word' id='word_1_11' title='bbox 917 465 1087 527; x_wconf 87' lang='lat' dir='ltr'><em>coriandro</em></span> <span class='ocrx_word' id='word_1_12' title='bbox 1104 469 1137 525; x_wconf 87' lang='lat' dir='ltr'><em>et</em></span> <span class='ocrx_word' id='word_1_13' title='bbox 1150 466 1222 525; x_wconf 62' lang='lat' dir='ltr'><em>satri</em></span> <span class='ocrx_word' id='word_1_14' title='bbox 1236 480 1265 524; x_wconf 79' lang='lat' dir='ltr'><em>nu</em></span> 
     </span>
     <span class='ocr_line' id='line_1_3' title="bbox 177 571 1252 655; baseline -0.007 -17"><span class='ocrx_word' id='word_1_15' title='bbox 177 583 207 638; x_wconf 90' lang='lat' dir='ltr'><em>et</em></span> <span class='ocrx_word' id='word_1_16' title='bbox 228 578 337 638; x_wconf 75' lang='lat' dir='ltr'><em>liordei</em></span> <span class='ocrx_word' id='word_1_17' title='bbox 358 572 464 655; x_wconf 85' lang='lat' dir='ltr'><em>(rutae</em></span> <span class='ocrx_word' id='word_1_18' title='bbox 487 578 654 637; x_wconf 89' lang='lat' dir='ltr'><em>coriandro</em></span> <span class='ocrx_word' id='word_1_19' title='bbox 677 573 724 634; x_wconf 92' lang='lat' dir='ltr'><em>vel</em></span> <span class='ocrx_word' id='word_1_20' title='bbox 746 575 909 635; x_wconf 80' lang='lat' dir='ltr'><em>coriandri</em></span> <span class='ocrx_word' id='word_1_21' title='bbox 929 575 1004 633; x_wconf 91' lang='lat' dir='ltr'><em>satis</em></span> <span class='ocrx_word' id='word_1_22' title='bbox 1026 575 1128 633; x_wconf 85' lang='lat' dir='ltr'><em>micae</em></span> <span class='ocrx_word' id='word_1_23' title='bbox 1148 571 1252 631; x_wconf 73' lang='lat' dir='ltr'><em>hordei</em></span> 
     </span>
     <span class='ocr_line' id='line_1_4' title="bbox 177 667 1265 762; baseline -0.006 -19"><span class='ocrx_word' id='word_1_24' title='bbox 177 683 268 762; x_wconf 71' lang='lat' dir='ltr'><em>dicen,</em></span> <span class='ocrx_word' id='word_1_25' title='bbox 286 690 359 743; x_wconf 91' lang='lat' dir='ltr'><em>ruta</em></span> <span class='ocrx_word' id='word_1_26' title='bbox 377 690 406 744; x_wconf 90' lang='lat' dir='ltr'><em>et</em></span> <span class='ocrx_word' id='word_1_27' title='bbox 425 684 591 743; x_wconf 90' lang='lat' dir='ltr'><em>coriandra</em></span> <span class='ocrx_word' id='word_1_28' title='bbox 601 689 640 760; x_wconf 14' lang='lat' dir='ltr'><em>,et</em></span> <span class='ocrx_word' id='word_1_29' title='bbox 657 684 730 742; x_wconf 88' lang='lat' dir='ltr'><em>salis</em></span> <span class='ocrx_word' id='word_1_30' title='bbox 743 683 823 741; x_wconf 88' lang='lat' dir='ltr'><em>mica</em></span> <span class='ocrx_word' id='word_1_31' title='bbox 838 687 867 741; x_wconf 90' lang='lat' dir='ltr'><em>et</em></span> <span class='ocrx_word' id='word_1_32' title='bbox 880 681 992 740; x_wconf 76' lang='lat' dir='ltr'><em>hordei</em></span> <span class='ocrx_word' id='word_1_33' title='bbox 1004 667 1194 759; x_wconf 66' lang='lat' dir='ltr'><em>Maphofflus)</em></span> <span class='ocrx_word' id='word_1_34' title='bbox 1204 674 1265 753; x_wconf 72' lang='lat' dir='ltr'><em>fari</em></span> 
     </span>
     <span class='ocr_line' id='line_1_5' title="bbox 177 777 1265 868; baseline -0.006 -18"><span class='ocrx_word' id='word_1_35' title='bbox 177 808 259 865; x_wconf 92' lang='lat' dir='ltr'><em>aqua</em></span> <span class='ocrx_word' id='word_1_36' title='bbox 282 808 400 865; x_wconf 79' lang='lat' dir='ltr'><em>qnoque</em></span> <span class='ocrx_word' id='word_1_37' title='bbox 421 793 486 851; x_wconf 89' lang='lat' dir='ltr'><em>eius</em></span> <span class='ocrx_word' id='word_1_38' title='bbox 505 792 630 850; x_wconf 87' lang='lat' dir='ltr'><em>decocta</em></span> <span class='ocrx_word' id='word_1_39' title='bbox 650 782 811 868; x_wconf 78' lang='lat' dir='ltr'><em>(decoctae</em></span> <span class='ocrx_word' id='word_1_40' title='bbox 825 777 1014 868; x_wconf 78' lang='lat' dir='ltr'><em>Mayhoffius)</em></span> <span class='ocrx_word' id='word_1_41' title='bbox 1033 802 1144 846; x_wconf 62' lang='lat' dir='ltr'><em>nerones</em></span> <span class='ocrx_word' id='word_1_42' title='bbox 1162 787 1265 845; x_wconf 80' lang='lat' dir='ltr'><em>artiora</em></span> 
     </span>
     <span class='ocr_line' id='line_1_6' title="bbox 177 885 1265 976; baseline -0.006 -18"><span class='ocrx_word' id='word_1_43' title='bbox 177 915 236 972; x_wconf 89' lang='lat' dir='ltr'><em>que</em></span> <span class='ocrx_word' id='word_1_44' title='bbox 257 901 335 958; x_wconf 92' lang='lat' dir='ltr'><em>mire</em></span> <span class='ocrx_word' id='word_1_45' title='bbox 357 899 473 970; x_wconf 85' lang='lat' dir='ltr'><em>iuvari,</em></span> <span class='ocrx_word' id='word_1_46' title='bbox 496 899 524 956; x_wconf 92' lang='lat' dir='ltr'><em>si</em></span> <span class='ocrx_word' id='word_1_47' title='bbox 542 895 714 971; x_wconf 79' lang='lat' dir='ltr'><em>faveantur.</em></span> <span class='ocrx_word' id='word_1_48' title='bbox 761 889 850 975; x_wconf 80' lang='lat'>(157,</span> <span class='ocrx_word' id='word_1_49' title='bbox 869 885 907 976; x_wconf 91' lang='lat'><em>3)</em></span> <span class='ocrx_word' id='word_1_50' title='bbox 929 895 1058 953; x_wconf 76' lang='lat' dir='ltr'><em>amnera</em></span> <span class='ocrx_word' id='word_1_51' title='bbox 1080 900 1111 953; x_wconf 90' lang='lat' dir='ltr'><em>et</em></span> <span class='ocrx_word' id='word_1_52' title='bbox 1134 894 1265 953; x_wconf 77' lang='lat' dir='ltr'><em>recentia</em></span> 
     </span>
     <span class='ocr_line' id='line_1_7' title="bbox 177 1002 1265 1081; baseline -0.006 -16"><span class='ocrx_word' id='word_1_53' title='bbox 177 1012 289 1078; x_wconf 85' lang='lat' dir='ltr'><em>uetera,</em></span> <span class='ocrx_word' id='word_1_54' title='bbox 313 1007 404 1066; x_wconf 89' lang='lat' dir='ltr'><em>etiam</em></span> <span class='ocrx_word' id='word_1_55' title='bbox 427 1005 647 1081; x_wconf 82' lang='lat' dir='ltr'><em>carcinomata,</em></span> <span class='ocrx_word' id='word_1_56' title='bbox 670 1020 749 1077; x_wconf 89' lang='lat' dir='ltr'><em>quac</em></span> <span class='ocrx_word' id='word_1_57' title='bbox 772 1004 863 1062; x_wconf 80' lang='lat' dir='ltr'><em>nullas</em></span> <span class='ocrx_word' id='word_1_58' title='bbox 882 1004 951 1061; x_wconf 82' lang='lat' dir='ltr'><em>alit&#39;s</em></span> <span class='ocrx_word' id='word_1_59' title='bbox 969 1002 1199 1062; x_wconf 76' lang='lat' dir='ltr'><em>medicamentis</em></span> <span class='ocrx_word' id='word_1_60' title='bbox 1215 1016 1265 1059; x_wconf 84' lang='lat' dir='ltr'><em>san</em></span> 
     </span>
     <span class='ocr_line' id='line_1_8' title="bbox 174 1109 1265 1186; baseline -0.004 -16"><span class='ocrx_word' id='word_1_61' title='bbox 174 1114 297 1186; x_wconf 88' lang='lat' dir='ltr'><em>possint,</em></span> <span class='ocrx_word' id='word_1_62' title='bbox 319 1110 422 1186; x_wconf 72' lang='lat' dir='ltr'><em>sormi</em></span> <span class='ocrx_word' id='word_1_63' title='bbox 438 1113 530 1186; x_wconf 90' lang='lat' dir='ltr'><em>prius</em></span> <span class='ocrx_word' id='word_1_64' title='bbox 553 1112 664 1170; x_wconf 88' lang='lat' dir='ltr'><em>calida</em></span> <span class='ocrx_word' id='word_1_65' title='bbox 680 1127 762 1184; x_wconf 92' lang='lat' dir='ltr'><em>aqua</em></span> <span class='ocrx_word' id='word_1_66' title='bbox 786 1109 868 1169; x_wconf 83' lang='lat' dir='ltr'><em>iulret</em></span> <span class='ocrx_word' id='word_1_67' title='bbox 890 1125 929 1169; x_wconf 89' lang='lat' dir='ltr'><em>ac</em></span> <span class='ocrx_word' id='word_1_68' title='bbox 953 1109 998 1168; x_wconf 82' lang='lat' dir='ltr'><em>bis</em></span> <span class='ocrx_word' id='word_1_69' title='bbox 1017 1109 1069 1168; x_wconf 92' lang='lat' dir='ltr'><em>die</em></span> <span class='ocrx_word' id='word_1_70' title='bbox 1087 1109 1194 1167; x_wconf 90' lang='lat' dir='ltr'><em>tritam</em></span> <span class='ocrx_word' id='word_1_71' title='bbox 1212 1109 1265 1182; x_wconf 85' lang='lat' dir='ltr'><em>inp</em></span> 
     </span>
     <span class='ocr_line' id='line_1_9' title="bbox 176 1205 1265 1297; baseline -0.005 -20"><span class='ocrx_word' id='word_1_72' title='bbox 176 1220 222 1278; x_wconf 88' lang='lat' dir='ltr'><em>sic</em></span> <span class='ocrx_word' id='word_1_73' title='bbox 245 1220 336 1278; x_wconf 87' lang='lat' dir='ltr'><em>etiam</em></span> <span class='ocrx_word' id='word_1_74' title='bbox 356 1220 477 1290; x_wconf 82' lang='lat' dir='ltr'><em>fistulas</em></span> <span class='ocrx_word' id='word_1_75' title='bbox 501 1225 530 1277; x_wconf 88' lang='lat' dir='ltr'><em>et</em></span> <span class='ocrx_word' id='word_1_76' title='bbox 553 1220 662 1277; x_wconf 84' lang='lat' dir='ltr'><em>lunata</em></span> <span class='ocrx_word' id='word_1_77' title='bbox 681 1208 812 1297; x_wconf 77' lang='lat' dir='ltr'><em>(fistulas</em></span> <span class='ocrx_word' id='word_1_78' title='bbox 831 1218 972 1275; x_wconf 84' lang='lat' dir='ltr'><em>eluxatas</em></span> <span class='ocrx_word' id='word_1_79' title='bbox 991 1205 1127 1294; x_wconf 88' lang='lat' dir='ltr'><em>codices)</em></span> <span class='ocrx_word' id='word_1_80' title='bbox 1146 1220 1177 1275; x_wconf 89' lang='lat' dir='ltr'><em>et</em></span> <span class='ocrx_word' id='word_1_81' title='bbox 1193 1218 1265 1272; x_wconf 82' lang='lat' dir='ltr'><em>tuma</em></span> 
     </span>
     <span class='ocr_line' id='line_1_10' title="bbox 179 1316 1265 1404; baseline -0.005 -20"><span class='ocrx_word' id='word_1_82' title='bbox 179 1327 305 1385; x_wconf 83' lang='lat' dir='ltr'><em>euocari</em></span> <span class='ocrx_word' id='word_1_83' title='bbox 331 1342 470 1399; x_wconf 90' lang='lat' dir='ltr'><em>quaeque</em></span> <span class='ocrx_word' id='word_1_84' title='bbox 494 1316 640 1404; x_wconf 88' lang='lat' dir='ltr'><em>(quosque</em></span> <span class='ocrx_word' id='word_1_85' title='bbox 664 1321 795 1402; x_wconf 90' lang='lat' dir='ltr'><em>codices,</em></span> <span class='ocrx_word' id='word_1_86' title='bbox 823 1329 955 1382; x_wconf 89' lang='lat' dir='ltr'><em>tumores</em></span> <span class='ocrx_word' id='word_1_87' title='bbox 977 1337 1053 1397; x_wconf 90' lang='lat' dir='ltr'><em>quos</em></span> <span class='ocrx_word' id='word_1_88' title='bbox 1075 1321 1217 1380; x_wconf 84' lang='lat' dir='ltr'><em>evocaris</em></span> <span class='ocrx_word' id='word_1_89' title='bbox 1237 1336 1265 1394; x_wconf 81' lang='lat' dir='ltr'><em>qr</em></span> 
     </span>
     <span class='ocr_line' id='line_1_11' title="bbox 180 1422 1265 1510; baseline -0.005 -19"><span class='ocrx_word' id='word_1_90' title='bbox 180 1449 238 1505; x_wconf 89' lang='lat' dir='ltr'><em>que</em></span> <span class='ocrx_word' id='word_1_91' title='bbox 261 1424 449 1510; x_wconf 80' lang='lat' dir='ltr'><em>ltlayhoitins&#39;)</em></span> <span class='ocrx_word' id='word_1_92' title='bbox 474 1432 587 1491; x_wconf 79' lang='lat' dir='ltr'><em>discuti</em></span> <span class='ocrx_word' id='word_1_93' title='bbox 608 1447 682 1506; x_wconf 90' lang='lat' dir='ltr'><em>opus</em></span> <span class='ocrx_word' id='word_1_94' title='bbox 705 1432 751 1489; x_wconf 89' lang='lat' dir='ltr'><em>sit.</em></span> <span class='ocrx_word' id='word_1_95' title='bbox 798 1423 888 1509; x_wconf 78' lang='lat'>(157,</span> <span class='ocrx_word' id='word_1_96' title='bbox 903 1422 938 1507; x_wconf 88' lang='grc'><em>8)</em></span> <span class='ocrx_word' id='word_1_97' title='bbox 963 1430 1113 1488; x_wconf 90' lang='lat' dir='ltr'><em>insomnia</em></span> <span class='ocrx_word' id='word_1_98' title='bbox 1136 1429 1265 1488; x_wconf 82' lang='lat' dir='ltr'><em>etiamn</em></span> 
     </span>
     <span class='ocr_line' id='line_1_12' title="bbox 177 1530 1265 1616; baseline -0.004 -19"><span class='ocrx_word' id='word_1_99' title='bbox 177 1540 293 1611; x_wconf 89' lang='lat' dir='ltr'><em>liasque</em></span> <span class='ocrx_word' id='word_1_100' title='bbox 316 1541 421 1598; x_wconf 91' lang='lat' dir='ltr'><em>tallere</em></span> <span class='ocrx_word' id='word_1_101' title='bbox 444 1539 613 1610; x_wconf 84' lang='lat' dir='ltr'><em>decoctam,</em></span> <span class='ocrx_word' id='word_1_102' title='bbox 640 1540 669 1596; x_wconf 89' lang='lat' dir='ltr'><em>si</em></span> <span class='ocrx_word' id='word_1_103' title='bbox 690 1539 787 1597; x_wconf 88' lang='lat' dir='ltr'><em>ieiuni</em></span> <span class='ocrx_word' id='word_1_104' title='bbox 809 1538 928 1597; x_wconf 91' lang='lat' dir='ltr'><em>ederint</em></span> <span class='ocrx_word' id='word_1_105' title='bbox 947 1530 1051 1616; x_wconf 90' lang='lat' dir='ltr'><em>(edent</em></span> <span class='ocrx_word' id='word_1_106' title='bbox 1073 1532 1210 1615; x_wconf 88' lang='lat' dir='ltr'><em>codices,</em></span> <span class='ocrx_word' id='word_1_107' title='bbox 1230 1535 1265 1593; x_wconf 88' lang='lat' dir='ltr'><em>ed</em></span> 
     </span>
     <span class='ocr_line' id='line_1_13' title="bbox 178 1637 1263 1724; baseline -0.001 -22"><span class='ocrx_word' id='word_1_108' title='bbox 178 1643 223 1704; x_wconf 86' lang='lat' dir='ltr'><em>vel</em></span> <span class='ocrx_word' id='word_1_109' title='bbox 246 1647 330 1704; x_wconf 86' lang='lat' dir='ltr'><em>edint</em></span> <span class='ocrx_word' id='word_1_110' title='bbox 353 1637 497 1724; x_wconf 86' lang='lat' dir='ltr'><em>editores)</em></span> <span class='ocrx_word' id='word_1_111' title='bbox 520 1660 611 1718; x_wconf 91' lang='lat' dir='ltr'><em>quam</em></span> <span class='ocrx_word' id='word_1_112' title='bbox 630 1645 794 1719; x_wconf 82' lang='lat' dir='ltr'><em>plurimam</em></span> <span class='ocrx_word' id='word_1_113' title='bbox 818 1660 858 1702; x_wconf 80' lang='lat' dir='ltr'><em>ex</em></span> <span class='ocrx_word' id='word_1_114' title='bbox 880 1645 944 1702; x_wconf 92' lang='lat' dir='ltr'><em>olea</em></span> <span class='ocrx_word' id='word_1_115' title='bbox 967 1648 997 1701; x_wconf 88' lang='lat' dir='ltr'><em>et</em></span> <span class='ocrx_word' id='word_1_116' title='bbox 1018 1644 1097 1715; x_wconf 88' lang='lat' dir='ltr'><em>sale,</em></span> <span class='ocrx_word' id='word_1_117' title='bbox 1126 1642 1263 1713; x_wconf 88' lang='lat' dir='ltr'><em>tormina,</em></span> 
     </span>
     <span class='ocr_line' id='line_1_14' title="bbox 178 1751 1249 1824; baseline -0.002 -15"><span class='ocrx_word' id='word_1_118' title='bbox 178 1752 305 1811; x_wconf 90' lang='lat' dir='ltr'><em>decocta</em></span> <span class='ocrx_word' id='word_1_119' title='bbox 329 1753 438 1810; x_wconf 89' lang='lat' dir='ltr'><em>iterum</em></span> <span class='ocrx_word' id='word_1_120' title='bbox 463 1752 780 1824; x_wconf 88' lang='lat' dir='ltr'><em>decoquaturaddito</em></span> <span class='ocrx_word' id='word_1_121' title='bbox 804 1753 868 1809; x_wconf 88' lang='lat' dir='ltr'><em>oleo</em></span> <span class='ocrx_word' id='word_1_122' title='bbox 891 1751 956 1808; x_wconf 90' lang='lat' dir='ltr'><em>sale</em></span> <span class='ocrx_word' id='word_1_123' title='bbox 979 1751 1100 1808; x_wconf 92' lang='lat' dir='ltr'><em>cumino</em></span> <span class='ocrx_word' id='word_1_124' title='bbox 1121 1751 1249 1824; x_wconf 80' lang='lat' dir='ltr'><em>polenta.</em></span> 
     </span>
     <span class='ocr_line' id='line_1_15' title="bbox 179 1854 1265 1934; baseline -0.002 -17"><span class='ocrx_word' id='word_1_125' title='bbox 179 1860 224 1918; x_wconf 88' lang='lat' dir='ltr'><em>ita</em></span> <span class='ocrx_word' id='word_1_126' title='bbox 251 1866 390 1917; x_wconf 88' lang='lat' dir='ltr'><em>sumatur</em></span> <span class='ocrx_word' id='word_1_127' title='bbox 413 1860 478 1918; x_wconf 91' lang='lat' dir='ltr'><em>sine</em></span> <span class='ocrx_word' id='word_1_128' title='bbox 497 1866 592 1934; x_wconf 86' lang='lat' dir='ltr'><em>pane,</em></span> <span class='ocrx_word' id='word_1_129' title='bbox 620 1859 717 1931; x_wconf 83' lang='lat' dir='ltr'><em>maqis</em></span> <span class='ocrx_word' id='word_1_130' title='bbox 737 1854 943 1932; x_wconf 79' lang='lat' dir='ltr'><em>profuturam.</em></span> <span class='ocrx_word' id='word_1_131' title='bbox 989 1858 1070 1916; x_wconf 88' lang='lat' dir='ltr'><em>inter</em></span> <span class='ocrx_word' id='word_1_132' title='bbox 1093 1857 1214 1930; x_wconf 88' lang='lat' dir='ltr'><em>reliqua</em></span> <span class='ocrx_word' id='word_1_133' title='bbox 1234 1855 1265 1915; x_wconf 81' lang='lat' dir='ltr'><em>td</em></span> 
     </span>
     <span class='ocr_line' id='line_1_16' title="bbox 178 1963 1265 2041; baseline -0.004 -16"><span class='ocrx_word' id='word_1_134' title='bbox 178 1966 302 2025; x_wconf 77' lang='lat' dir='ltr'><em>detralsi</em></span> <span class='ocrx_word' id='word_1_135' title='bbox 318 1983 377 2041; x_wconf 89' lang='lat' dir='ltr'><em>per</em></span> <span class='ocrx_word' id='word_1_136' title='bbox 395 1967 495 2024; x_wconf 85' lang='lat' dir='ltr'><em>vinum</em></span> <span class='ocrx_word' id='word_1_137' title='bbox 515 1967 637 2038; x_wconf 83' lang='lat' dir='ltr'><em>niqrum</em></span> <span class='ocrx_word' id='word_1_138' title='bbox 652 1971 735 2040; x_wconf 90' lang='lat' dir='ltr'><em>pota.</em></span> <span class='ocrx_word' id='word_1_139' title='bbox 772 1965 845 2038; x_wconf 90' lang='lat' dir='ltr'><em>quin</em></span> <span class='ocrx_word' id='word_1_140' title='bbox 864 1965 1034 2024; x_wconf 88' lang='lat' dir='ltr'><em>clurinum</em></span> <span class='ocrx_word' id='word_1_141' title='bbox 1053 1965 1121 2023; x_wconf 89' lang='lat' dir='ltr'><em>eius</em></span> <span class='ocrx_word' id='word_1_142' title='bbox 1139 1964 1194 2037; x_wconf 90' lang='lat' dir='ltr'><em>qui</em></span> <span class='ocrx_word' id='word_1_143' title='bbox 1209 1963 1265 2022; x_wconf 78' lang='lat' dir='ltr'><em>bras</em></span> 
     </span>
     <span class='ocr_line' id='line_1_17' title="bbox 179 2068 1265 2145; baseline -0.003 -13"><span class='ocrx_word' id='word_1_144' title='bbox 179 2089 248 2132; x_wconf 89' lang='lat' dir='ltr'><em>carn</em></span> <span class='ocrx_word' id='word_1_145' title='bbox 262 2075 432 2132; x_wconf 66' lang='lat' dir='ltr'><em>oscitaverit</em></span> <span class='ocrx_word' id='word_1_146' title='bbox 447 2074 609 2131; x_wconf 86' lang='lat' dir='ltr'><em>adseruari</em></span> <span class='ocrx_word' id='word_1_147' title='bbox 623 2071 703 2130; x_wconf 80' lang='lat' dir='ltr'><em>iudet</em></span> <span class='ocrx_word' id='word_1_148' title='bbox 722 2068 963 2145; x_wconf 75' lang='lat' dir='ltr'><em>calefactamque</em></span> <span class='ocrx_word' id='word_1_149' title='bbox 982 2072 1084 2130; x_wconf 86' lang='lat' dir='ltr'><em>neruis</em></span> <span class='ocrx_word' id='word_1_150' title='bbox 1099 2070 1230 2130; x_wconf 86' lang='lat' dir='ltr'><em>remedio</em></span> <span class='ocrx_word' id='word_1_151' title='bbox 1242 2086 1265 2129; x_wconf 80' lang='lat' dir='ltr'><em>a</em></span> 
     </span>
     <span class='ocr_line' id='line_1_18' title="bbox 178 2171 1265 2256; baseline -0.003 -17"><span class='ocrx_word' id='word_1_152' title='bbox 178 2180 272 2239; x_wconf 77' lang='lat' dir='ltr'><em>oerlra</em></span> <span class='ocrx_word' id='word_1_153' title='bbox 287 2182 381 2256; x_wconf 90' lang='lat' dir='ltr'><em>ipsius</em></span> <span class='ocrx_word' id='word_1_154' title='bbox 394 2180 542 2239; x_wconf 81' lang='lat' dir='ltr'><em>subiciam</em></span> <span class='ocrx_word' id='word_1_155' title='bbox 558 2180 601 2238; x_wconf 91' lang='lat' dir='ltr'><em>ad</em></span> <span class='ocrx_word' id='word_1_156' title='bbox 613 2180 843 2253; x_wconf 77' lang='lat' dir='ltr'><em>exprimendam</em></span> <span class='ocrx_word' id='word_1_157' title='bbox 857 2179 1044 2250; x_wconf 87' lang='lat' dir='ltr'><em>sententiam,</em></span> <span class='ocrx_word' id='word_1_158' title='bbox 1064 2171 1188 2253; x_wconf 77' lang='lat' dir='ltr'><em>‘pueros</em></span> <span class='ocrx_word' id='word_1_159' title='bbox 1198 2178 1265 2253; x_wconf 85' lang='lat' dir='ltr'><em>pusii</em></span> 
     </span>
     <span class='ocr_line' id='line_1_19' title="bbox 176 2277 1265 2365; baseline -0.002 -19"><span class='ocrx_word' id='word_1_160' title='bbox 176 2289 204 2346; x_wconf 92' lang='lat' dir='ltr'><em>si</em></span> <span class='ocrx_word' id='word_1_161' title='bbox 231 2290 312 2346; x_wconf 85' lang='lat' dir='ltr'><em>laves</em></span> <span class='ocrx_word' id='word_1_162' title='bbox 339 2305 377 2347; x_wconf 93' lang='lat' dir='ltr'><em>ea</em></span> <span class='ocrx_word' id='word_1_163' title='bbox 404 2288 510 2365; x_wconf 90' lang='lat' dir='ltr'><em>urina,</em></span> <span class='ocrx_word' id='word_1_164' title='bbox 537 2303 699 2360; x_wconf 87' lang='lat' dir='ltr'><em>numquam</em></span> <span class='ocrx_word' id='word_1_165' title='bbox 728 2286 839 2345; x_wconf 84' lang='lat' dir='ltr'><em>debiles</em></span> <span class='ocrx_word' id='word_1_166' title='bbox 858 2277 957 2357; x_wconf 74' lang='lat' dir='ltr'><em>fieri&#39;.</em></span> <span class='ocrx_word' id='word_1_167' title='bbox 1002 2279 1092 2364; x_wconf 73' lang='lat'>(157,</span> <span class='ocrx_word' id='word_1_168' title='bbox 1117 2279 1171 2365; x_wconf 88' lang='lat'><em>16)</em></span> <span class='ocrx_word' id='word_1_169' title='bbox 1194 2282 1265 2344; x_wconf 86' lang='lat' dir='ltr'><em>aurii</em></span> 
     </span>
     <span class='ocr_line' id='line_1_20' title="bbox 177 2393 1265 2468; baseline -0.004 -14"><span class='ocrx_word' id='word_1_170' title='bbox 177 2411 297 2468; x_wconf 90' lang='lat' dir='ltr'><em>quoque</em></span> <span class='ocrx_word' id='word_1_171' title='bbox 320 2411 359 2453; x_wconf 83' lang='lat' dir='ltr'><em>ex</em></span> <span class='ocrx_word' id='word_1_172' title='bbox 382 2397 450 2454; x_wconf 87' lang='lat' dir='ltr'><em>aino</em></span> <span class='ocrx_word' id='word_1_173' title='bbox 473 2410 579 2453; x_wconf 91' lang='lat' dir='ltr'><em>sucum</em></span> <span class='ocrx_word' id='word_1_174' title='bbox 599 2395 756 2452; x_wconf 83' lang='lat' dir='ltr'><em>brassicae</em></span> <span class='ocrx_word' id='word_1_175' title='bbox 775 2394 908 2468; x_wconf 90' lang='lat' dir='ltr'><em>tepidum</em></span> <span class='ocrx_word' id='word_1_176' title='bbox 927 2393 1073 2453; x_wconf 88' lang='lat' dir='ltr'><em>instillari</em></span> <span class='ocrx_word' id='word_1_177' title='bbox 1090 2394 1208 2465; x_wconf 88' lang='lat' dir='ltr'><em>suadet,</em></span> <span class='ocrx_word' id='word_1_178' title='bbox 1230 2393 1265 2466; x_wconf 87' lang='lat' dir='ltr'><em>idq</em></span> 
     </span>
     <span class='ocr_line' id='line_1_21' title="bbox 177 2499 1265 2576; baseline -0.002 -16"><span class='ocrx_word' id='word_1_179' title='bbox 177 2504 267 2561; x_wconf 88' lang='lat' dir='ltr'><em>etiam</em></span> <span class='ocrx_word' id='word_1_180' title='bbox 282 2503 425 2560; x_wconf 89' lang='lat' dir='ltr'><em>tarditati</em></span> <span class='ocrx_word' id='word_1_181' title='bbox 438 2502 627 2561; x_wconf 87' lang='lat' dir='ltr'><em>audientium</em></span> <span class='ocrx_word' id='word_1_182' title='bbox 637 2502 784 2576; x_wconf 87' lang='lat' dir='ltr'><em>prodesse</em></span> <span class='ocrx_word' id='word_1_183' title='bbox 799 2500 970 2572; x_wconf 82' lang='lat' dir='ltr'><em>adseverat,</em></span> <span class='ocrx_word' id='word_1_184' title='bbox 985 2506 1015 2560; x_wconf 88' lang='lat' dir='ltr'><em>et</em></span> <span class='ocrx_word' id='word_1_185' title='bbox 1025 2499 1265 2576; x_wconf 85' lang='lat' dir='ltr'><em>inpetiqinesead</em></span> 
     </span>
     <span class='ocr_line' id='line_1_22' title="bbox 137 2596 1017 2695; baseline -0.001 -28"><span class='ocrx_word' id='word_1_186' title='bbox 137 2596 149 2695; x_wconf 55' lang='grc' dir='ltr'>ᾗ</span> <span class='ocrx_word' id='word_1_187' title='bbox 177 2611 287 2667; x_wconf 86' lang='lat' dir='ltr'><em>sanari</em></span> <span class='ocrx_word' id='word_1_188' title='bbox 308 2611 373 2667; x_wconf 90' lang='lat' dir='ltr'><em>sine</em></span> <span class='ocrx_word' id='word_1_189' title='bbox 397 2610 508 2667; x_wconf 87' lang='lat' dir='ltr'><em>ulcere.</em></span> <span class='ocrx_word' id='word_1_190' title='bbox 1015 2597 1017 2600; x_wconf 57' lang='grc'>’</span> 
     </span>
    </p>

    <p class='ocr_par' dir='ltr' id='par_1_3' title="bbox 176 2708 1265 3114">
     <span class='ocr_line' id='line_1_23' title="bbox 266 2708 1265 2792; baseline 0 -19"><span class='ocrx_word' id='word_1_191' title='bbox 266 2709 287 2773; x_wconf 81' lang='lat'>2</span> <span class='ocrx_word' id='word_1_192' title='bbox 311 2710 430 2772; x_wconf 80' lang='lat' dir='ltr'><em>Altera</em></span> <span class='ocrx_word' id='word_1_193' title='bbox 454 2720 509 2773; x_wconf 90' lang='lat' dir='ltr'><em>est</em></span> <span class='ocrx_word' id='word_1_194' title='bbox 528 2715 647 2791; x_wconf 80' lang='lat' dir='ltr'><em>crispa</em></span> <span class='ocrx_word' id='word_1_195' title='bbox 667 2714 745 2791; x_wconf 83' lang='lat' dir='ltr'><em>apin</em></span> <span class='ocrx_word' id='word_1_196' title='bbox 765 2708 1001 2792; x_wconf 85' lang='lat' dir='ltr'><em>conuocatur]</em></span> <span class='ocrx_word' id='word_1_197' title='bbox 1021 2708 1132 2773; x_wconf 78' lang='lat' dir='ltr'><em>‘Altera</em></span> <span class='ocrx_word' id='word_1_198' title='bbox 1152 2721 1197 2774; x_wconf 86' lang='lat' dir='ltr'><em>est</em></span> <span class='ocrx_word' id='word_1_199' title='bbox 1214 2713 1265 2788; x_wconf 77' lang='lat' dir='ltr'><em>ctis</em></span> 
     </span>
     <span class='ocr_line' id='line_1_24' title="bbox 177 2819 1265 2900; baseline 0.001 -21"><span class='ocrx_word' id='word_1_200' title='bbox 177 2819 307 2898; x_wconf 76' lang='lat' dir='ltr'><em>Apiacon</em></span> <span class='ocrx_word' id='word_1_201' title='bbox 341 2828 474 2880; x_wconf 82' lang='lat' dir='ltr'><em>vocatur:</em></span> <span class='ocrx_word' id='word_1_202' title='bbox 507 2819 642 2881; x_wconf 81' lang='lat' dir='ltr'><em>Veterem</em></span> <span class='ocrx_word' id='word_1_203' title='bbox 675 2823 853 2898; x_wconf 81' lang='lat' dir='ltr'><em>scripturam</em></span> <span class='ocrx_word' id='word_1_204' title='bbox 887 2821 1072 2900; x_wconf 77' lang='lat' dir='ltr'><em>conservavi,</em></span> <span class='ocrx_word' id='word_1_205' title='bbox 1108 2838 1196 2900; x_wconf 80' lang='lat' dir='ltr'><em>quom</em></span> <span class='ocrx_word' id='word_1_206' title='bbox 1222 2827 1265 2880; x_wconf 79' lang='lat' dir='ltr'><em>ten</em></span> 
     </span>
     <span class='ocr_line' id='line_1_25' title="bbox 176 2925 1265 3006; baseline -0.001 -19"><span class='ocrx_word' id='word_1_207' title='bbox 176 2935 347 3005; x_wconf 82' lang='lat' dir='ltr'><em>suspectam</em></span> <span class='ocrx_word' id='word_1_208' title='bbox 379 2927 481 2987; x_wconf 81' lang='lat' dir='ltr'><em>habeo.</em></span> <span class='ocrx_word' id='word_1_209' title='bbox 534 2928 610 3006; x_wconf 85' lang='lat' dir='ltr'><em>apud</em></span> <span class='ocrx_word' id='word_1_210' title='bbox 644 2927 771 2988; x_wconf 86' lang='lat' dir='ltr'><em>Plinium</em></span> <span class='ocrx_word' id='word_1_211' title='bbox 804 2926 885 3005; x_wconf 83' lang='lat' dir='ltr'><em>[xlx</em></span> <span class='ocrx_word' id='word_1_212' title='bbox 915 2925 992 3006; x_wconf 84' lang='lat'>136]</span> <span class='ocrx_word' id='word_1_213' title='bbox 1026 2928 1170 3006; x_wconf 78' lang='lat' dir='ltr'><em>lipianum</em></span> <span class='ocrx_word' id='word_1_214' title='bbox 1201 2942 1265 2986; x_wconf 78' lang='lat' dir='ltr'><em>roco</em></span> 
     </span>
     <span class='ocr_line' id='line_1_26' title="bbox 176 3030 1252 3114; baseline 0.001 -21"><span class='ocrx_word' id='word_1_215' title='bbox 176 3030 253 3094; x_wconf 81' lang='lat' dir='ltr'><em>hanc</em></span> <span class='ocrx_word' id='word_1_216' title='bbox 277 3033 417 3094; x_wconf 83' lang='lat' dir='ltr'><em>Catonem</em></span> <span class='ocrx_word' id='word_1_217' title='bbox 440 3035 562 3114; x_wconf 81' lang='lat' dir='ltr'><em>legitur:</em></span> <span class='ocrx_word' id='word_1_218' title='bbox 586 3037 616 3095; x_wconf 91' lang='lat' dir='ltr'><em>in</em></span> <span class='ocrx_word' id='word_1_219' title='bbox 640 3053 728 3095; x_wconf 83' lang='lat' dir='ltr'><em>manu</em></span> <span class='ocrx_word' id='word_1_220' title='bbox 753 3044 850 3096; x_wconf 81' lang='lat' dir='ltr'><em>tomen</em></span> <span class='ocrx_word' id='word_1_221' title='bbox 875 3036 987 3114; x_wconf 88' lang='lat' dir='ltr'><em>scripto</em></span> <span class='ocrx_word' id='word_1_222' title='bbox 1007 3033 1101 3098; x_wconf 86' lang='lat' dir='ltr'><em>Plinio</em></span> <span class='ocrx_word' id='word_1_223' title='bbox 1121 3032 1252 3112; x_wconf 76' lang='lat' dir='ltr'><em>Apiacam</em></span> 
     </span>
    </p>

    <p class='ocr_par' dir='ltr' id='par_1_4' title="bbox 126 3137 1265 3434">
     <span class='ocr_line' id='line_1_27' title="bbox 178 3137 1265 3221; baseline 0 -22"><span class='ocrx_word' id='word_1_224' title='bbox 178 3141 252 3203; x_wconf 84' lang='lat' dir='ltr'><em>veni.</em></span> <span class='ocrx_word' id='word_1_225' title='bbox 298 3142 324 3201; x_wconf 88' lang='lat' dir='ltr'><em>si</em></span> <span class='ocrx_word' id='word_1_226' title='bbox 347 3149 462 3202; x_wconf 90' lang='lat' dir='ltr'><em>rectum</em></span> <span class='ocrx_word' id='word_1_227' title='bbox 487 3160 552 3202; x_wconf 90' lang='lat' dir='ltr'><em>esse</em></span> <span class='ocrx_word' id='word_1_228' title='bbox 576 3144 748 3203; x_wconf 87' lang='lat' dir='ltr'><em>censuerint</em></span> <span class='ocrx_word' id='word_1_229' title='bbox 771 3143 861 3220; x_wconf 87' lang='lat' dir='ltr'><em>periti</em></span> <span class='ocrx_word' id='word_1_230' title='bbox 885 3143 949 3221; x_wconf 86' lang='lat' dir='ltr'><em>viri,</em></span> <span class='ocrx_word' id='word_1_231' title='bbox 972 3149 1115 3221; x_wconf 89' lang='lat' dir='ltr'><em>poterunt</em></span> <span class='ocrx_word' id='word_1_232' title='bbox 1138 3159 1206 3202; x_wconf 92' lang='lat' dir='ltr'><em>cnm</em></span> <span class='ocrx_word' id='word_1_233' title='bbox 1224 3137 1265 3200; x_wconf 83' lang='lat' dir='ltr'><em>nn</em></span> 
     </span>
     <span class='ocr_line' id='line_1_28' title="bbox 126 3228 1264 3327; baseline 0.001 -20"><span class='ocrx_word' id='word_1_234' title='bbox 126 3228 131 3239; x_wconf 46' lang='lat'>¹</span> <span class='ocrx_word' id='word_1_235' title='bbox 178 3247 225 3308; x_wconf 87' lang='lat' dir='ltr'><em>hic</em></span> <span class='ocrx_word' id='word_1_236' title='bbox 250 3249 389 3327; x_wconf 60' lang='lat' dir='ltr'><em>lipianum</em></span> <span class='ocrx_word' id='word_1_237' title='bbox 414 3247 524 3327; x_wconf 86' lang='lat' dir='ltr'><em>legere:</em></span> <span class='ocrx_word' id='word_1_238' title='bbox 548 3251 611 3327; x_wconf 87' lang='lat' dir='ltr'><em>ipse</em></span> <span class='ocrx_word' id='word_1_239' title='bbox 636 3248 708 3308; x_wconf 82' lang='lat' dir='ltr'><em>nitnl</em></span> <span class='ocrx_word' id='word_1_240' title='bbox 734 3258 844 3309; x_wconf 88' lang='lat' dir='ltr'><em>temere</em></span> <span class='ocrx_word' id='word_1_241' title='bbox 867 3250 1025 3309; x_wconf 82' lang='lat' dir='ltr'><em>immutare</em></span> <span class='ocrx_word' id='word_1_242' title='bbox 1049 3243 1140 3310; x_wconf 83' lang='lat' dir='ltr'><em>volni&#39;</em></span> <span class='ocrx_word' id='word_1_243' title='bbox 1164 3247 1264 3309; x_wconf 84' lang='lat' dir='ltr'><em>Victori</em></span> 
     </span>
     <span class='ocr_line' id='line_1_29' title="bbox 178 3354 964 3434; baseline 0 -19"><span class='ocrx_word' id='word_1_244' title='bbox 178 3358 291 3433; x_wconf 89' lang='lat' dir='ltr'><em>cpiaca</em></span> <span class='ocrx_word' id='word_1_245' title='bbox 314 3374 395 3431; x_wconf 86' lang='lat' dir='ltr'><em>quoe</em></span> <span class='ocrx_word' id='word_1_246' title='bbox 418 3366 547 3416; x_wconf 85' lang='lat' dir='ltr'><em>uocatur</em></span> <span class='ocrx_word' id='word_1_247' title='bbox 569 3354 683 3416; x_wconf 87' lang='lat' dir='ltr'><em>Plinius</em></span> <span class='ocrx_word' id='word_1_248' title='bbox 707 3355 815 3434; x_wconf 84' lang='lat' dir='ltr'><em>legisse</em></span> <span class='ocrx_word' id='word_1_249' title='bbox 838 3355 964 3416; x_wconf 80' lang='lat' dir='ltr'><em>ridetur.</em></span> 
     </span>
    </p>

    <p class='ocr_par' dir='ltr' id='par_1_5' title="bbox 178 3460 1265 4504">
     <span class='ocr_line' id='line_1_30' title="bbox 265 3460 1263 3540; baseline -0.003 -17"><span class='ocrx_word' id='word_1_250' title='bbox 265 3460 308 3523; x_wconf 82' lang='lat' dir='ltr'><em>Et</em></span> <span class='ocrx_word' id='word_1_251' title='bbox 326 3464 478 3540; x_wconf 90' lang='lat' dir='ltr'><em>primum</em></span> <span class='ocrx_word' id='word_1_252' title='bbox 498 3466 590 3522; x_wconf 88' lang='lat' dir='ltr'><em>scito</em></span> <span class='ocrx_word' id='word_1_253' title='bbox 609 3463 650 3522; x_wconf 88' lang='lat' dir='ltr'><em>‹le</em></span> <span class='ocrx_word' id='word_1_254' title='bbox 666 3461 831 3523; x_wconf 92' lang='lat' dir='ltr'><em>omnibns</em></span> <span class='ocrx_word' id='word_1_255' title='bbox 845 3462 1024 3522; x_wconf 83' lang='lat' dir='ltr'><em>brassicis</em></span> <span class='ocrx_word' id='word_1_256' title='bbox 1039 3461 1137 3523; x_wconf 82' lang='lat' dir='ltr'><em>nulla</em></span> <span class='ocrx_word' id='word_1_257' title='bbox 1152 3460 1263 3523; x_wconf 90' lang='lat' dir='ltr'><em>estilli</em></span> 
     </span>
     <span class='ocr_line' id='line_1_31' title="bbox 178 3567 1254 3646; baseline -0.002 -17"><span class='ocrx_word' id='word_1_258' title='bbox 178 3568 271 3629; x_wconf 88' lang='lat' dir='ltr'><em>modi</em></span> <span class='ocrx_word' id='word_1_259' title='bbox 303 3568 576 3646; x_wconf 85' lang='lat' dir='ltr'><em>medicamento]</em></span> <span class='ocrx_word' id='word_1_260' title='bbox 608 3571 777 3631; x_wconf 86' lang='lat' dir='ltr'><em>illiusmodi</em></span> <span class='ocrx_word' id='word_1_261' title='bbox 802 3572 1085 3631; x_wconf 89' lang='lat' dir='ltr'><em>medicamentosiar</em></span> <span class='ocrx_word' id='word_1_262' title='bbox 1113 3567 1254 3630; x_wconf 83' lang='lat' dir='ltr'><em>Iucundos</em></span> 
     </span>
     <span class='ocr_line' id='line_1_32' title="bbox 178 3674 1265 3755; baseline -0.003 -19"><span class='ocrx_word' id='word_1_263' title='bbox 178 3675 285 3736; x_wconf 88' lang='lat' dir='ltr'><em>deinde</em></span> <span class='ocrx_word' id='word_1_264' title='bbox 304 3675 413 3753; x_wconf 88' lang='lat' dir='ltr'><em>reliqui</em></span> <span class='ocrx_word' id='word_1_265' title='bbox 432 3676 571 3737; x_wconf 82' lang='lat' dir='ltr'><em>editores.</em></span> <span class='ocrx_word' id='word_1_266' title='bbox 600 3677 736 3737; x_wconf 83' lang='lat' dir='ltr'><em>codicum</em></span> <span class='ocrx_word' id='word_1_267' title='bbox 755 3678 934 3755; x_wconf 84' lang='lat' dir='ltr'><em>scripturam</em></span> <span class='ocrx_word' id='word_1_268' title='bbox 954 3674 1104 3737; x_wconf 87' lang='lat' dir='ltr'><em>Victorius</em></span> <span class='ocrx_word' id='word_1_269' title='bbox 1122 3676 1265 3738; x_wconf 73' lang='lat' dir='ltr'><em>adnotaret</em></span> 
     </span>
     <span class='ocr_line' id='line_1_33' title="bbox 179 3779 1265 3863; baseline -0.001 -21"><span class='ocrx_word' id='word_1_270' title='bbox 179 3779 275 3843; x_wconf 70' lang='lat' dir='ltr'><em>‘Nullo</em></span> <span class='ocrx_word' id='word_1_271' title='bbox 295 3792 341 3842; x_wconf 85' lang='lat' dir='ltr'><em>est</em></span> <span class='ocrx_word' id='word_1_272' title='bbox 360 3781 519 3843; x_wconf 86' lang='lat' dir='ltr'><em>illiusmodi</em></span> <span class='ocrx_word' id='word_1_273' title='bbox 539 3783 829 3844; x_wconf 84' lang='lat' dir='ltr'><em>medicamentosior:</em></span> <span class='ocrx_word' id='word_1_274' title='bbox 848 3781 881 3843; x_wconf 88' lang='lat' dir='ltr'><em>in</em></span> <span class='ocrx_word' id='word_1_275' title='bbox 901 3785 1117 3863; x_wconf 83' lang='lat' dir='ltr'><em>antiquissimis</em></span> <span class='ocrx_word' id='word_1_276' title='bbox 1133 3781 1215 3843; x_wconf 91' lang='lat' dir='ltr'><em>libris</em></span> <span class='ocrx_word' id='word_1_277' title='bbox 1226 3780 1265 3842; x_wconf 79' lang='lat' dir='ltr'><em>ste·</em></span> 
     </span>
     <span class='ocr_line' id='line_1_34' title="bbox 180 3886 1265 3971; baseline -0.004 -20"><span class='ocrx_word' id='word_1_278' title='bbox 180 3897 323 3971; x_wconf 83' lang='lat' dir='ltr'><em>camento,</em></span> <span class='ocrx_word' id='word_1_279' title='bbox 343 3890 421 3970; x_wconf 88' lang='lat' dir='ltr'><em>qnod</em></span> <span class='ocrx_word' id='word_1_280' title='bbox 442 3901 538 3951; x_wconf 81' lang='lat' dir='ltr'><em>tumen</em></span> <span class='ocrx_word' id='word_1_281' title='bbox 559 3891 743 3970; x_wconf 88' lang='lat' dir='ltr'><em>reliquimus.</em></span> <span class='ocrx_word' id='word_1_282' title='bbox 771 3891 800 3950; x_wconf 85' lang='lat' dir='ltr'><em>id</em></span> <span class='ocrx_word' id='word_1_283' title='bbox 820 3893 908 3950; x_wconf 87' lang='lat' dir='ltr'><em>etiam</em></span> <span class='ocrx_word' id='word_1_284' title='bbox 928 3901 1050 3970; x_wconf 89' lang='lat' dir='ltr'><em>propter</em></span> <span class='ocrx_word' id='word_1_285' title='bbox 1068 3889 1212 3950; x_wconf 86' lang='lat' dir='ltr'><em>librorum</em></span> <span class='ocrx_word' id='word_1_286' title='bbox 1227 3886 1265 3948; x_wconf 74' lang='lat' dir='ltr'><em>ol«</em></span> 
     </span>
     <span class='ocr_line' id='line_1_35' title="bbox 178 3992 1265 4080; baseline -0.006 -22"><span class='ocrx_word' id='word_1_287' title='bbox 178 3998 318 4060; x_wconf 77' lang='lat' dir='ltr'><em>adnotare</em></span> <span class='ocrx_word' id='word_1_288' title='bbox 339 3993 506 4059; x_wconf 81' lang='lat' dir='ltr'><em>soluimus&#39;.</em></span> <span class='ocrx_word' id='word_1_289' title='bbox 539 4001 756 4059; x_wconf 87' lang='lat' dir='ltr'><em>medicamento</em></span> <span class='ocrx_word' id='word_1_290' title='bbox 771 3996 927 4057; x_wconf 87' lang='lat' dir='ltr'><em>Fruterius</em></span> <span class='ocrx_word' id='word_1_291' title='bbox 946 3992 1265 4080; x_wconf 74' lang='lat' dir='ltr'><em>verisim.2,21((}rut</em></span> 
     </span>
     <span class='ocr_line' id='line_1_36' title="bbox 179 4099 1265 4185; baseline -0.006 -20"><span class='ocrx_word' id='word_1_292' title='bbox 179 4105 264 4185; x_wconf 77' lang='lat' dir='ltr'><em>larsrp.</em></span> <span class='ocrx_word' id='word_1_293' title='bbox 284 4125 309 4164; x_wconf 84' lang='lat' dir='ltr'><em>v.</em></span> <span class='ocrx_word' id='word_1_294' title='bbox 327 4104 354 4164; x_wconf 90' lang='grc' dir='ltr'><em>ΙΙ</em></span> <span class='ocrx_word' id='word_1_295' title='bbox 373 4123 400 4183; x_wconf 86' lang='lat' dir='ltr'><em>p.</em></span> <span class='ocrx_word' id='word_1_296' title='bbox 417 4099 496 4184; x_wconf 81' lang='lat'>871)</span> <span class='ocrx_word' id='word_1_297' title='bbox 520 4105 661 4165; x_wconf 73' lang='lat' dir='ltr'><em>(telendit</em></span> <span class='ocrx_word' id='word_1_298' title='bbox 699 4114 833 4164; x_wconf 82' lang='lat' dir='ltr'><em>ceterum</em></span> <span class='ocrx_word' id='word_1_299' title='bbox 852 4103 966 4164; x_wconf 85' lang='lat' dir='ltr'><em>Plinius</em></span> <span class='ocrx_word' id='word_1_300' title='bbox 990 4103 1183 4184; x_wconf 78' lang='lat' dir='ltr'><em>neglegenter</em></span> <span class='ocrx_word' id='word_1_301' title='bbox 1198 4100 1265 4163; x_wconf 79' lang='lat' dir='ltr'><em>Cetos</em></span> 
     </span>
     <span class='ocr_line' id='line_1_37' title="bbox 178 4206 1265 4292; baseline -0.004 -21"><span class='ocrx_word' id='word_1_302' title='bbox 178 4214 355 4271; x_wconf 79' lang='lat' dir='ltr'><em>sententiam</em></span> <span class='ocrx_word' id='word_1_303' title='bbox 384 4211 511 4291; x_wconf 87' lang='lat' dir='ltr'><em>rettulit,</em></span> <span class='ocrx_word' id='word_1_304' title='bbox 541 4230 608 4272; x_wconf 85' lang='lat' dir='ltr'><em>rum</em></span> <span class='ocrx_word' id='word_1_305' title='bbox 638 4214 758 4272; x_wconf 86' lang='lat' dir='ltr'><em>tertium</em></span> <span class='ocrx_word' id='word_1_306' title='bbox 786 4230 880 4289; x_wconf 78' lang='lat' dir='ltr'><em>genus</em></span> <span class='ocrx_word' id='word_1_307' title='bbox 908 4211 1072 4292; x_wconf 85' lang='lat' dir='ltr'><em>brassicae,</em></span> <span class='ocrx_word' id='word_1_308' title='bbox 1101 4211 1137 4272; x_wconf 91' lang='lat' dir='ltr'><em>de</em></span> <span class='ocrx_word' id='word_1_309' title='bbox 1165 4206 1265 4290; x_wconf 83' lang='lat' dir='ltr'><em>quon</em></span> 
     </span>
     <span class='ocr_line' id='line_1_38' title="bbox 179 4312 1265 4398; baseline -0.001 -21"><span class='ocrx_word' id='word_1_310' title='bbox 179 4321 289 4397; x_wconf 82' lang='lat' dir='ltr'><em>scripto</em></span> <span class='ocrx_word' id='word_1_311' title='bbox 304 4327 381 4396; x_wconf 80' lang='lat' dir='ltr'><em>sunt,</em></span> <span class='ocrx_word' id='word_1_312' title='bbox 399 4337 466 4378; x_wconf 86' lang='lat' dir='ltr'><em>enm</em></span> <span class='ocrx_word' id='word_1_313' title='bbox 482 4320 602 4378; x_wconf 86' lang='lat' dir='ltr'><em>minime</em></span> <span class='ocrx_word' id='word_1_314' title='bbox 617 4319 743 4397; x_wconf 86' lang='lat' dir='ltr'><em>probare</em></span> <span class='ocrx_word' id='word_1_315' title='bbox 758 4318 869 4379; x_wconf 80' lang='lat' dir='ltr'><em>scribat</em></span> <span class='ocrx_word' id='word_1_316' title='bbox 884 4317 950 4377; x_wconf 77' lang='lat' dir='ltr'><em>xlx</em></span> <span class='ocrx_word' id='word_1_317' title='bbox 962 4315 1036 4398; x_wconf 84' lang='lat'><em>136,</em></span> <span class='ocrx_word' id='word_1_318' title='bbox 1050 4320 1178 4398; x_wconf 83' lang='lat' dir='ltr'><em>crispam</em></span> <span class='ocrx_word' id='word_1_319' title='bbox 1191 4312 1265 4377; x_wconf 77' lang='lat' dir='ltr'><em>enuit</em></span> 
     </span>
     <span class='ocr_line' id='line_1_39' title="bbox 181 4424 702 4504; baseline 0.004 -19"><span class='ocrx_word' id='word_1_320' title='bbox 181 4427 304 4485; x_wconf 77' lang='lat' dir='ltr'><em>ninximo</em></span> <span class='ocrx_word' id='word_1_321' title='bbox 328 4425 453 4504; x_wconf 70' lang='lat' dir='ltr'><em>pistore</em></span> <span class='ocrx_word' id='word_1_322' title='bbox 477 4425 555 4486; x_wconf 84' lang='lat' dir='ltr'><em>dicct</em></span> <span class='ocrx_word' id='word_1_323' title='bbox 579 4424 632 4486; x_wconf 76' lang='lat' dir='ltr'><em>XX</em></span> <span class='ocrx_word' id='word_1_324' title='bbox 651 4424 702 4489; x_wconf 82' lang='lat'><em>80.</em></span> 
     </span>
    </p>
   </div>
   <div class='ocr_carea' id='block_1_3' title="bbox 0 0 1444 4994">
    <p class='ocr_par' dir='ltr' id='par_1_6' title="bbox 0 0 1444 4994">
     <span class='ocr_line' id='line_1_40' title="bbox 0 0 1444 4994; baseline 0 0"><span class='ocrx_word' id='word_1_325' title='bbox 0 0 1444 4994; x_wconf 95' lang='lat' dir='ltr'><em> </em></span> 
     </span>
    </p>
   </div>
  </div>
 </body>
</html>
