2874 4994
332 351 464 407 RERVM
483 352 723 410 RVSTICARVM
745 355 814 410 LlB.
833 355 846 408 Ι
866 351 993 410 30-31
1193 345 1236 411 85

124 507 309 567 nemetiam
324 509 471 568 tertium
486 507 696 588 relinquere
712 509 876 588 reliquos
890 508 1099 589 decerpere]
1109 527 1234 571 asecnn·

124 629 160 672 tm
178 615 285 693 optima
298 614 475 693 apographa,
486 617 530 676 ad
541 618 707 677 secundum
721 616 813 677 editio
828 617 998 694 princepsa
1014 613 1159 676 Politiauo
1175 635 1234 677 non

124 729 221 780 ’reeta
245 728 276 781 et
299 719 393 781 codex
412 720 567 783 Caesenas.
596 720 670 783 Non.
691 741 718 802 p.
737 719 790 805 93,
809 719 853 784 20
879 722 978 783 Varro
1002 725 1040 783 de
1062 742 1098 784 re
1116 727 1234 786 rustica

149 827 179 886 1
201 844 217 888 e
243 835 397 890 sarmento
430 832 534 889 caules
561 831 617 904 qui
646 832 713 890 nati
738 837 822 910 sunt,
851 831 888 890 de
915 830 962 888 bis
989 832 1044 902 qui
1068 833 1233 907 plurimum

123 940 189 993 ent
206 936 339 1010 primum
363 953 401 996 ac
424 937 604 1009 secundum,
627 954 852 1012 nonnumquam
877 938 967 997 etiam
995 938 1118 997 tertium
1141 940 1231 997 relin-

123 1055 190 1120 τε,
208 1042 341 1116 reliquos
364 1043 539 1118 decerpere.
574 1040 644 1101 inde
666 1045 798 1119 primum
822 1060 860 1102 ac
882 1043 1049 1103 secundnm
1072 1041 1232 1104 iucundus.

123 1160 170 1205 m
191 1164 280 1226 supra
300 1157 408 1224 postea
431 1166 544 1209 occare
567 1151 600 1208 id
617 1157 661 1209 est
680 1152 883 1211 comminuere
906 1167 941 1208 ex
960 1145 1055 1207 Nonio
1078 1167 1106 1227 p.
1121 1143 1173 1228 61,
1190 1145 1234 1209 25

122 1266 202 1312 mus
229 1255 370 1314 restituit.
418 1252 557 1314 Varronis
585 1264 742 1335 praecepta
772 1254 809 1316 de
838 1256 1057 1335 pampinatione
1085 1256 1233 1334 expressit

122 1357 243 1419 amella
266 1359 304 1419 lV
323 1356 415 1441 27,2
439 1363 577 1436 idemque
600 1365 720 1436 vinitor,
743 1365 798 1438 qui
819 1361 1008 1437 anteferre,
1033 1378 1115 1421 nunc
1137 1379 1230 1422 manu

122 1473 224 1527 mrtet
256 1468 392 1539 (decutet
424 1468 488 1529 cod.
518 1468 619 1547 Saug.)
648 1471 831 1546 umbrasque
858 1476 1028 1546 compescat
1060 1486 1098 1529 ac
1127 1486 1231 1545 super·

122 1584 196 1630 tuas
215 1575 375 1648 pampinos
400 1576 547 1636 deturbet.
585 1593 656 1636 nam
680 1578 712 1637 id
730 1577 896 1653 plurimum
919 1572 1017 1649 refert
1040 1592 1099 1635 reon
1123 1577 1231 1636 inscita

122 1691 200 1751 tere,
219 1660 367 1754 siquidem
386 1683 435 1741 nei
455 1684 552 1755 mapis
572 1684 797 1758 pampinationi
813 1698 904 1757 auam
924 1683 1079 1757 putationi
1096 1684 1225 1742 coresulit

121 1798 142 1840 e
171 1781 262 1843 Varro
286 1783 524 1864 Theophrastum
548 1786 585 1847 de
608 1804 687 1848 caus.
703 1785 793 1867 plant,
808 1784 848 1846 lll
865 1782 915 1866 14,
931 1782 949 1847 7
969 1787 1087 1847 ridetur
1106 1798 1228 1848 secutus

123 1906 160 1950 e.
182 1923 219 1931 —
241 1894 321 1952 coles
344 1900 374 1952 et
397 1899 500 1971 postea
524 1896 640 1954 colibus
663 1892 773 1954 habent
796 1892 935 1954 Varronis
963 1891 1032 1953 libri
1061 1901 1091 1954 et
1113 1890 1229 1973 141,6

121 1996 166 2071 is,
189 1994 313 2078 131,4
336 2009 367 2059 et
389 1997 441 2074 41,
460 1998 481 2060 4
505 2004 660 2061 caliculus.
699 1999 835 2061 similiter
858 1995 971 2078 115,8
997 2009 1027 2060 et
1052 1997 1080 2080 l,
1100 1996 1120 2060 5
1140 2004 1228 2062 coda.

121 2099 202 2184 ·2,1
233 2108 402 2181 plostellum
435 2115 466 2166 et
490 2106 500 2166 l
520 2104 573 2185 22,
593 2106 631 2168 11
664 2112 796 2184 plostra,
828 2105 880 2166 sed
913 2107 1032 2184 saepius
1065 2109 1167 2167 cauda
1200 2115 1230 2168 et

120 2219 269 2283 rastrum·
292 2213 363 2272 item
386 2211 414 2271 ll
434 2211 462 2295 7,
482 2210 501 2275 8
525 2222 556 2274 ct
579 2209 650 2293 8,4
673 2217 763 2288 aripa
787 2231 840 2293 pro
865 2215 986 2288 auriac.

172 2318 316 2380 Resicari
345 2337 381 2379 ex
414 2319 515 2380 codice
550 2318 698 2381 Victorius
731 2319 893 2400 adnotavit,
924 2319 1058 2398 quamvis
1091 2323 1231 2380 resecari

120 2420 243 2485 litianus
267 2427 297 2486 in
322 2427 456 2506 principe
481 2425 610 2488 editione
640 2446 699 2489 non
728 2427 901 2488 eorrexerit.
947 2424 1051 2485 eodem
1081 2426 1167 2486 modo
1196 2429 1226 2486 in

120 2525 184 2589 liae
215 2532 326 2610 scripta
354 2541 439 2593 erant
467 2531 554 2615 haec,
584 2532 622 2594 lll
645 2530 694 2615 16,
713 2530 757 2594 34
776 2535 989 2613 praesicatur,
1012 2530 1024 2590 l
1044 2529 1133 2613 50,1
1159 2536 1227 2594 sub-

120 2644 248 2712 uerunt,
277 2635 315 2697 ib.
335 2635 356 2698 2
378 2641 544 2713 saisirem,
572 2639 683 2701 ibidem
712 2649 810 2701 tamen
838 2640 1001 2700 subsecari
1028 2640 1229 2702 subsecentur

119 2741 260 2804 bsecatur
284 2753 313 2804 et
341 2747 477 2818 desecat,
506 2747 583 2807 sicut
606 2742 688 2807 133.
708 2743 760 2824 41,
782 2741 836 2825 103
864 2743 959 2805 semel
983 2742 1108 2826 131,4
1130 2749 1230 2807 sicori

119 2846 198 2910 lose:
216 2867 283 2910 nam
303 2852 333 2910 in
354 2853 527 2931 compositis
547 2852 658 2912 codicis
677 2854 857 2930 scripturam
877 2851 1007 2914 exhibui.
1031 2849 1227 2932 tremitur

119 2951 262 3017 bsiciuum
285 2966 316 3017 et
339 2975 425 3038 saepe
446 2957 612 3033 faenisicia
635 2966 666 3019 et
686 2958 864 3038 faenisices,
888 2957 979 3019 semel
1002 2957 1028 3018 ll
1052 2956 1100 3040 11,
1120 2956 1138 3020 'l
1159 2960 1226 3034 sac·

119 3065 205 3137 recia,
229 3062 308 3143 quud
333 3067 460 3126 correxi.

167 3166 188 3231 3
219 3169 387 3231 Maiorem
424 3172 532 3233 etiam
569 3169 660 3232 unde
699 3188 791 3231 utrae
830 3178 1031 3231 nascuntur
1063 3170 1225 3249 palmam]

118 3272 228 3340 liorem
251 3279 335 3338 unde
357 3279 447 3338 etiam
471 3278 600 3338 coniecit
623 3275 787 3338 Gesnerus:
820 3279 911 3337 immo
939 3279 1085 3338 maiorem
1107 3285 1138 3339 et
1165 3281 1225 3338 iam

118 3376 165 3442 dc.
213 3401 281 3445 uam
306 3383 401 3463 palma
430 3390 476 3444 est
499 3385 581 3460 ritis,
605 3401 680 3463 quae
709 3393 755 3445 est
782 3385 876 3444 maior
904 3401 993 3464 quam
1020 3382 1167 3463 flagellum
1196 3395 1226 3445 et

131 3501 194 3564 qua
218 3493 276 3551 iam
302 3508 374 3551 uvae
399 3499 572 3552 naseuntur.

164 3596 345 3659 Similiter
377 3615 415 3657 ac
450 3596 637 3658 flabellum
670 3596 868 3676 flagellum]
899 3599 1045 3659 Similiter
1070 3599 1225 3672 (labellum

125 3702 292 3781 stapedium
316 3721 351 3763 ex
375 3702 492 3764 luntina
517 3703 646 3765 editione
670 3703 766 3765 adhue
795 3714 948 3782 receptum
979 3713 1051 3766 erat.
1098 3722 1165 3766 num
1193 3707 1224 3766 in

117 3800 298 3887 lquioribus
322 3811 411 3871 etiam
434 3810 520 3889 plura
544 3796 718 3891 perturbfla'
740 3821 833 3872 erant.

164 3919 354 3980 Posterior
378 3936 446 3997 quo
476 3937 514 3979 ea
544 3921 631 3981 uitis
659 3919 869 3980 immittitur
897 3917 936 3978 ad
967 3935 1054 3977 uuas
1082 3920 1223 3997 parien-

116 4030 131 4073 Β
180 4026 276 4087 dicta
317 4026 434 4104 primo
476 4026 621 4088 uidetur
663 4043 679 4085 a
720 4023 892 4106 pariendo
934 4023 1105 4102 parilema
1144 4026 1222 4083 exin

116 4133 224 4193 ttatis
247 4131 385 4193 litteris
410 4138 447 4192 ut
470 4133 505 4191 in
529 4133 653 4195 multis
672 4132 743 4194 diei
762 4140 891 4212 coepta
909 4127 1038 4210 palma]
1058 4130 1222 4206 Posterior,

116 4237 159 4294 td
181 4258 218 4300 ea
241 4241 437 4300 summittitur
462 4240 506 4299 ad
527 4243 601 4301 nites
621 4242 808 4316 parietinas,
832 4240 915 4300 dicta
936 4240 1037 4314 primo
1060 4239 1180 4298 uidetur
1203 4257 1222 4298 a

116 4343 226 4407 rienao
257 4349 423 4423 parilema,
456 4349 528 4407 exin
562 4349 685 4407 minutis
716 4348 838 4420 litteris,
875 4351 908 4405 ut
945 4347 976 4404 in
1013 4346 1127 4417 multis,
1160 4347 1224 4406 dici

115 4458 185 4525 epra
204 4456 308 4531 palma
331 4452 465 4514 Andreas
484 4451 627 4514 Schottus
650 4451 766 4512 observ.
786 4450 866 4512 hum.
880 4448 911 4533 4,
929 4447 982 4511 24.
1011 4453 1156 4513 mutilatis
1174 4454 1220 4512 iit·
1319 4469 1327 4476 “
