2874 4994
141 309 205 374 142
480 316 670 372 COMMENT.
690 316 730 370 IN
749 314 938 370 VARRONIS

142 475 226 534 stitni
256 491 342 552 posse
371 472 439 533 olim
471 474 599 550 conieci,
631 478 845 534 remanserunt
870 473 902 532 iu
931 474 1032 533 statua.
1068 488 1136 532 natu
1158 473 1232 535 Graeci

138 580 315 657 folliculum,
335 583 366 639 iu
381 597 440 654 aaa
455 583 566 640 inclusi
583 581 756 640 haerentia
772 581 1000 661 catastolium,
1019 585 1127 640 vocam
1143 581 1234 641 clarita

141 685 269 768 χορίον,
286 706 301 746 a
322 705 380 766 qno
400 686 523 748 latinum
544 704 650 746 nomen
671 689 784 747 cardus
803 684 894 745 Varro
914 683 1081 747 derivatum
1098 704 1158 747 esse
1171 686 1236 769 rabit

143 794 213 873 qnid
242 796 293 874 sit,
323 793 411 854 docet
440 793 614 854 Aristoteles
637 792 705 853 hist.
724 793 812 853 anim.
831 791 869 851 Vl
889 788 940 874 10,
955 789 999 854 58
1026 790 1141 874 χορίον
1160 786 1237 855 (11111

141 893 259 982 ὑμένες
287 898 370 962 ἴδιοι
393 894 468 978 περὶ
496 894 635 961 ἕκαστον
662 897 814 979 γίνονται
838 903 907 960 τῶν
930 893 1103 980 ἐμβρύων,
1128 894 1238 979 καθάπερ

143 1003 194 1070 ἐπὶ
218 1005 285 1070 τῶν
307 1000 529 1090 τετραπόδων.

231 1113 275 1178 20
306 1115 430 1175 Tertia
450 1133 507 1174 res
527 1125 582 1175 est
601 1116 786 1175 nutricata
807 1132 873 1194 qua
892 1113 1088 1176 adseruari
1105 1113 1242 1196 oporteat]

145 1227 317 1285 Adservari
338 1241 373 1282 cx
398 1221 557 1302 archetypo
576 1221 739 1283 Politianns
759 1221 915 1301 adnotavit,
939 1223 1105 1283 obseruari
1120 1220 1243 1302 apograph

144 1333 251 1412 omnia,
283 1333 375 1391 tertia
394 1349 443 1390 res
462 1338 505 1390 est
525 1333 562 1390 ale
576 1333 733 1390 nutricatu
753 1330 828 1405 quial
841 1329 1005 1389 obseruari
1023 1334 1158 1405 oporteat
1172 1326 1243 1388 lttcnn

144 1438 209 1500 dns.
246 1441 338 1498 tertia
361 1456 411 1497 ras
435 1446 479 1497 est
502 1440 532 1496 ia
556 1439 713 1496 nutricatu
733 1453 812 1510 quae
830 1436 990 1496 obseruari
1007 1441 1145 1511 oporteat
1159 1436 1244 1513 scripsi:

143 1544 279 1605 similiter
308 1562 397 1624 snpra
426 1543 461 1603 do
491 1544 587 1604 lotura
617 1547 718 1603 (altera
744 1560 821 1619 pars
853 1550 897 1602 est
915 1545 958 1601 -in
983 1540 1094 1617 fetura
1122 1559 1190 1617 puae
1209 1545 1244 1601 tiu

143 1654 341 1713 obseruantia.
375 1652 543 1711 accuratius
558 1659 655 1710 autem
672 1657 735 1709 erat
758 1652 852 1709 tertia
867 1666 944 1724 pars
962 1655 1016 1723 cst,
1040 1666 1204 1728 quamquam
1215 1667 1245 1709 ut

143 1777 198 1838 pro
221 1767 304 1837 parte
329 1757 441 1818 {lictum
466 1765 511 1817 est
533 1756 559 1816 11
579 1754 643 1831 ut
670 1759 707 1816 ae
730 1759 836 1816 alteris
858 1763 1004 1831 quattuor
1030 1757 1123 1816 rebus
1143 1757 1245 1830 aiala

144 1869 253 1927 dicam.

141 1992 144 1996 ⁸
233 1972 255 2032 E
280 1973 359 2052 quis
384 1973 550 2051 qnoniam
575 1972 654 2050 pori
678 1980 763 2031 stant
791 1968 830 2030 ad
855 1968 1081 2031 sacrificium
1109 1969 1244 2029 1111111111-

83 2150 92 2175 .
144 2079 266 2142 lentur
290 2078 372 2140 olim
397 2077 569 2157 appellati
594 2074 733 2154 sacres]
773 2079 865 2150 Quom
885 2080 963 2153 puri
984 2075 1125 2150 Ursinus,
1149 2077 1243 2154 quius

141 2191 217 2264 puri
249 2205 284 2246 ex
313 2184 494 2264 Hervagiana
528 2183 658 2244 editione
686 2183 837 2245 Gesnerus
869 2182 1034 2264 adnotavit,
1067 2181 1144 2262 qnod
1172 2181 1243 2258 roupi

146 2313 212 2355 nam
237 2297 379 2369 quautam
404 2291 439 2351 de
465 2300 596 2371 tempore
624 2291 737 2352 dictum
761 2290 886 2352 Varroni
913 2289 1106 2351 tribuendum
1133 2307 1190 2350 esse
1209 2301 1244 2346 nu

145 2410 232 2484 puto,
262 2418 358 2480 neque
387 2398 421 2458 ad
451 2398 525 2459 banc
557 2397 714 2459 verborum
743 2399 988 2477 compositionem
1022 2406 1122 2477 aptum
1154 2405 1198 2456 est
1223 2408 1243 2450 a

71 2539 72 2542 ¹
145 2509 244 2586 porcis
273 2508 294 2566 ii
324 2508 373 2586 qni
402 2507 459 2566 iam
488 2505 524 2566 ad
554 2506 733 2566 sacrificinm
761 2508 828 2585 puri
857 2513 941 2584 sunt,
974 2513 1008 2565 ut
1039 2504 1169 2564 inmolari
1195 2508 1243 2560 reat

146 2616 261 2693 possint
285 2608 367 2696 (nam
392 2616 432 2674 ita
458 2612 546 2672 verba
571 2612 776 2692 coniungenda
804 2605 898 2694 sunt),
926 2611 995 2672 olim
1025 2629 1125 2672 sacres
1150 2605 1243 2690 appoliti

147 2731 226 2781 sunt.
266 2738 354 2799 prava
389 2728 487 2780 antem
521 2720 767 2800 interpretatione
795 2718 944 2779 Prellerus
977 2717 1099 2798 mythol.
1121 2707 1244 2778 nouat

147 2846 174 2905 p.
192 2823 257 2887 421
283 2824 350 2888 n.3
379 2844 452 2887 nsus
480 2835 538 2907 est,
571 2845 640 2889 cum
668 2845 702 2887 ex
731 2825 848 2887 duobus
878 2825 1031 2886 mensibus
1061 2843 1164 2904 porcos
1188 2835 1243 2902 pont

147 2951 213 2993 esse
242 2932 369 3015 diceret,
399 2936 466 3013 quia
492 2945 553 2995 tum
582 2935 700 2995 demum
725 2952 740 2994 a
769 2933 913 2994 matribus
942 2934 1177 3013 deiungerentnr.
1203 2940 1243 2987 nto

148 3040 280 3101 definitio
304 3043 447 3122 temporis
471 3041 526 3101 hoc
551 3040 614 3102 loco
639 3041 735 3103 addita
760 3050 892 3123 nonest,
915 3040 967 3102 sed
991 3040 1028 3100 de
1052 3057 1088 3101 eo
1107 3037 1170 3119 qnid
1187 3033 1243 3094 iant

149 3151 384 3229 praescripserit,
408 3157 530 3229 apparet
553 3167 588 3208 ex
613 3149 658 3208 bis
687 3167 762 3228 qnae
786 3148 822 3209 tle
848 3147 949 3209 eadem
975 3166 1007 3209 re
1031 3150 1140 3226 scripta
1164 3150 1214 3204 sunt
1228 3133 1242 3195 ΙΙ

147 3252 235 3336 4,1e
264 3259 318 3330 qui
344 3274 364 3316 a
384 3262 480 3332 partu
504 3259 619 3317 decimo
643 3258 862 3317 titulabantur
881 3258 957 3332 puri
974 3264 1004 3315 et
1022 3256 1063 3316 ab
1082 3272 1116 3315 ea
1134 3251 1241 3330 appetat·

149 3370 201 3422 tur
224 3365 263 3423 ab
287 3367 420 3438 antiquis
439 3381 552 3439 sacres,
576 3366 658 3438 quoa
675 3372 737 3423 tum
756 3365 799 3423 ad
815 3365 1003 3435 sacrificium
1025 3364 1128 3423 idonei
1141 3362 1242 3421 aicuua

145 3473 292 3545 primum:
320 3466 407 3547 paulo
435 3467 520 3529 alitor
547 3469 660 3530 Plinius
685 3468 748 3529 Vlll
766 3465 831 3530 206
859 3472 921 3529 suis
945 3467 1028 3544 setus
1056 3469 1196 3541 sacrificio
1214 3459 1243 3519 lit

149 3580 252 3650 qttt'ttto
273 3594 371 3652 purus
400 3585 451 3637 est.
489 3594 584 3655 neque
610 3595 708 3637 sacres
737 3575 911 3637 dicebantur
939 3576 1022 3655 porci
1047 3576 1098 3654 qni
1125 3578 1243 3634 emanat

149 3682 264 3760 depulsi
289 3691 385 3763 erant,
415 3683 466 3743 sed
490 3682 646 3764 lactantes,
674 3686 725 3763 qui
749 3686 777 3744 in
807 3680 1007 3763 piacularibus
1035 3684 1128 3742 sacris
1153 3667 1244 3741 adhiberi

150 3787 292 3850 solebant.

235 3893 276 3958 21
311 3896 407 3968 Quod
434 3896 634 3958 morbosum
659 3917 770 3977 pecus
794 3906 849 3959 ost
872 3898 1044 3958 uitiosum
1069 3905 1107 3959 et
1124 3891 1246 3977 quonian

148 4023 216 4065 non
236 4005 332 4066 ualet
352 4024 456 4084 saepo
476 4023 596 4084 magna
617 4005 842 4066 adliciuntur
862 4004 1084 4082 calamitate]
1110 4004 1246 4079 Quaatttttt⁸

150 4114 252 4172 bosam
281 4130 376 4187 pecus
404 4120 432 4173 et
464 4115 614 4187 uitiosum,
647 4121 675 4173 et
698 4114 820 4187 quaudo
853 4130 913 4173 aaa
942 4115 1033 4193 ualet,
1061 4131 1151 4191 saepe
1174 4112 1249 4181 utili

149 4236 273 4293 prepara
294 4218 392 4293 (afficit
411 4223 587 4280 calamitate
601 4239 636 4278 ex
652 4219 754 4280 Aldina
769 4220 898 4294 editione
913 4228 1070 4299 receptum
1085 4227 1156 4281 erat.
1185 4209 1251 4279 archi*

154 4327 214 4403 typi
235 4327 411 4403 scriptoram
432 4325 592 4387 aVictorio
612 4327 769 4387 indicatam
790 4326 920 4406 Scaliger
939 4325 1072 4407 enallage
1092 4334 1256 4396 numeroram,

155 4449 241 4509 quarn
267 4431 346 4513 dicit,
371 4434 501 4495 delerulit
522 4429 638 4515 ‘pecus
662 4436 729 4513 qnia
751 4433 930 4494 imbecillum
954 4435 1044 4495 nimis
1070 4443 1116 4496 est
1133 4443 1163 4495 et
1178 4426 1285 4507 morbis,
