2874 4994
237 345 282 410 20
599 353 790 410 COMMENT.
808 352 849 407 IN
868 351 1025 409 CATONIS

239 513 359 585 ianuam
391 510 515 589 transit,
544 507 662 584 fraudu
695 510 840 586 defrudo,
872 512 983 571 claudo
1013 510 1135 570 includo
1164 515 1193 568 et
1220 510 1250 568 in
1279 505 1391 585 glossis

240 614 338 676 latinis
362 617 489 695 saepius.
531 616 629 677 Plauti
651 624 681 677 et
704 617 836 678 Terentii
860 616 993 696 exempla
1017 617 1183 696 composuit
1204 612 1390 675 Ritsobelius

238 740 353 801 parerg.
373 721 467 782 l‘laut.
488 741 514 801 p.
529 719 603 803 541,
627 742 805 802 quamquam
829 725 860 784 in
883 723 931 783 his
952 740 1056 801 parum
1076 730 1156 783 certa
1176 730 1222 782 est
1240 720 1388 781 librorum

238 830 396 908 scriptura.
439 827 534 905 [rude
561 847 616 907 pro
641 828 758 905 [raude
785 839 830 890 est
858 832 888 891 in
917 829 981 908 lege
1008 828 1240 908 repetimdarum
1263 828 1293 888 C.
1314 826 1336 887 l.
1354 826 1390 887 L.

239 955 264 996 u.
284 934 296 995 l
315 956 342 996 n.
366 932 438 1015 198,
453 932 496 995 64
516 935 612 1011 [rude
633 955 692 998 saa
715 940 828 998 solvito.

328 1040 347 1104 6
380 1041 553 1103 Bubulcis
583 1046 776 1123 opsequito
809 1046 939 1123 partim
973 1063 1040 1124 quo
1069 1043 1245 1104 libentius
1273 1042 1389 1103 boues

238 1147 379 1226 curent]
423 1150 582 1225 Obsequitu
616 1160 755 1228 prompte
786 1150 912 1231 Merula,
948 1151 1000 1211 ubi
1033 1150 1195 1211 Politianus
1231 1153 1390 1228 opsequito

235 1261 350 1335 partim
375 1275 409 1316 ox
434 1265 533 1317 vetere
557 1256 660 1317 codice
683 1257 845 1339 adnotavit,
868 1263 954 1320 itur
977 1258 1055 1319 idem
1080 1259 1305 1337 superscripsit,
1334 1255 1387 1315 sed

239 1364 330 1426 rubro
364 1362 476 1442 colore,
509 1381 568 1442 quo
600 1365 631 1423 in
660 1366 818 1443 scripturis
847 1366 958 1426 codicis
986 1365 1109 1427 lledicei
1132 1385 1161 1425 m
1191 1363 1235 1424 vel
1264 1366 1294 1423 in
1324 1365 1390 1423 suis

239 1473 420 1534 coniecturis
439 1472 483 1530 uti
503 1473 665 1531 consuerit.
702 1473 896 1547 obs-equitare
911 1481 1035 1551 partum
1053 1474 1145 1533 codex
1161 1470 1391 1550 Florentinusl,

238 1581 411 1655 obsequitur
430 1581 547 1655 partim
571 1577 684 1657 reliqna
708 1578 875 1659 apographa
899 1588 929 1641 et
952 1580 1043 1641 editio
1063 1579 1192 1659 Victorii,
1215 1580 1392 1653 obsequitur

238 1691 340 1748 statim
369 1684 531 1747 Iucundos,
572 1689 748 1762 persequito
775 1689 805 1746 in
834 1686 993 1766 archetypo
1023 1689 1167 1766 scriptum
1196 1694 1260 1746 erat
1284 1680 1338 1765 49,
1357 1680 1391 1761 2,

239 1795 311 1854 item
330 1796 404 1854 atita
424 1789 477 1873 96,
491 1790 521 1853 2.
542 1791 615 1873 107,
631 1791 660 1854 2.
683 1791 754 1855 123.
775 1791 845 1873 126,
865 1792 1166 1856 cuntrautiturlll.
1183 1790 1254 1855 119.
1272 1789 1389 1870 127,1,

240 1899 319 1979 quod
352 1901 483 1981 correxi,
516 1908 546 1960 et
570 1900 714 1977 praefatu
746 1898 870 1982 134,1,
903 1919 957 1981 pro
988 1920 1046 1981 quo
1072 1899 1267 1978 praefamine
1294 1897 1388 1958 semel

240 2027 266 2068 c.
288 2004 391 2087 141,1
414 2009 558 2086 scriptum
579 2016 632 2067 est.
669 2007 724 2067 alia
744 2009 985 2086 imperativorum
1008 2007 1098 2067 hauns
1117 2009 1234 2085 generis
1254 2003 1390 2084 exempla

240 2113 405 2193 Madvigius
429 2132 532 2194 opusc.
551 2114 680 2175 academ.
700 2133 724 2175 v.
744 2114 770 2174 ll
790 2134 818 2194 p.
832 2112 894 2175 241
918 2116 1093 2193 composuit.
1127 2118 1250 2191 partim,
1275 2115 1304 2173 in
1329 2130 1390 2191 quo

239 2221 310 2282 olim
338 2222 467 2282 editores
493 2221 693 2299 offenderunt,
723 2221 924 2282 Schneiderus
948 2220 1012 2281 coll.
1037 2218 1101 2300 6‚3
1125 2225 1220 2281 ulmos
1241 2223 1336 2280 serito
1360 2226 1391 2279 et

236 2333 352 2407 partim
382 2332 508 2406 pupulus
539 2330 754 2406 interpretatus
787 2336 845 2406 est,
878 2323 1027 2389 ‘bubulcis
1060 2347 1119 2388 uon
1150 2322 1301 2407 dumibus,
1335 2325 1389 2385 sod

241 2438 347 2515 partim
376 2455 429 2495 seu
457 2437 488 2495 iu
515 2433 690 2513 quibusdam
716 2435 806 2495 rebus
830 2433 955 2514 obsequi
979 2434 1041 2495 vult
1064 2435 1135 2494 Cato
1158 2433 1309 2494 dominum
1334 2451 1388 2492 seu

238 2537 395 2602 uillicum'.
442 2549 575 2602 ceterum
600 2559 659 2601 uon
683 2541 719 2602 dc
743 2540 839 2622 vilico,
865 2541 916 2601 sed
941 2541 977 2602 de
1001 2543 1066 2621 ipso
1089 2540 1208 2602 domino
1231 2539 1304 2601 llaec
1328 2540 1390 2599 dici

240 2656 370 2728 apparet„

329 2752 475 2813 'leriam
499 2755 674 2815 cariosam
698 2774 785 2817 caue
809 2775 851 2817 ue
874 2775 953 2817 ares
972 2774 1061 2817 neue
1081 2756 1277 2834 plaustrum
1298 2772 1389 2815 neue

241 2879 350 2940 pecus
374 2859 551 2940 impellas]
580 2862 693 2924 Cuuetu
716 2882 755 2924 ae
778 2881 849 2924 ares
872 2862 950 2924 edita
974 2863 1043 2923 inde
1067 2882 1083 2923 a
1104 2864 1239 2941 principe
1258 2862 1390 2923 editione

241 2966 428 3047 exemplaria.
465 2950 670 3046 neglegentius
688 2968 802 3030 Plinius
822 2968 899 3029 xvu
918 2967 962 3031 34
985 2968 1073 3029 verba
1093 2969 1212 3029 Catonis
1232 2971 1390 3049 expressit,

245 3077 318 3136 Catu
333 3076 466 3136 breuiter
480 3084 573 3151 atque
586 3095 626 3138 ex
638 3094 694 3137 saro
707 3094 791 3138 mure
806 3079 879 3138 uitia
894 3079 1076 3138 determinat
1088 3072 1221 3137 ‘terram
1234 3080 1389 3137 cariosam

242 3200 316 3243 caue
339 3199 413 3243 neue
432 3186 572 3259 plaustro
599 3202 674 3245 neue
693 3202 808 3261 pecore
831 3177 990 3261 impellas'.
1036 3183 1139 3244 eadem
1163 3186 1413 3263 praecipiuntur,

242 3285 339 3368 34,2
371 3295 487 3350 terram
519 3308 594 3351 cave
626 3294 779 3352 cariosum
807 3298 934 3370 tractes,
967 3288 1007 3352 37
1036 3294 1066 3350 si
1091 3293 1244 3352 cariosum
1272 3298 1390 3351 terram

242 3404 364 3458 tractes.
411 3398 555 3458 cariosam
588 3404 697 3458 terram
731 3397 891 3459 Columella
926 3392 1052 3478 114,o
1084 3398 1125 3457 ita
1157 3397 1304 3479 definivit,
1334 3399 1393 3458 sed

242 3506 425 3579 quaudoque
444 3506 596 3579 arabitur,
618 3506 842 3566 observabimus
861 3522 900 3565 ne
917 3507 1031 3604 lutosus
1050 3522 1127 3579 aper
1145 3511 1296 3565 tractetur
1314 3523 1392 3565 neue

243 3614 365 3686 cuiauis
386 3613 496 3671 nimbis
514 3614 737 3684 semimualidus,
761 3628 852 3687 quam
876 3617 991 3671 terram
1015 3614 1126 3671 rustici
1148 3615 1264 3672 uarium
1289 3614 1392 3673 eurio·

242 3735 367 3793 samque
385 3722 548 3795 appeliant.
585 3738 622 3780 ea
642 3727 693 3792 esi,
718 3736 786 3779 eam
806 3726 874 3795 post
895 3720 1002 3793 lampas
1020 3721 1175 3779 siccitates
1195 3722 1268 3779 leuis
1283 3721 1391 3794 pluuia

242 3828 430 3901 superiorem
450 3834 571 3902 partem
593 3828 774 3900 pluebarum
797 3823 969 3900 madefecit,
996 3824 1172 3901 inferiorem
1195 3843 1254 3886 nun
1279 3827 1390 3899 attipit.

243 3930 349 3991 deinde
378 3936 527 4009 plostrum
559 3951 593 3991 ex
622 3930 727 3992 Aldina
760 3932 889 3993 alitione
917 3940 1070 4011 receptum
1099 3940 1158 4014 est,
1190 3941 1219 3993 et
1247 3932 1301 3993 bac
1330 3950 1390 3992 una

243 4037 379 4099 vocabuli
407 4039 501 4099 lorma
524 4038 596 4098 Cato
622 4041 652 4098 in
676 4038 733 4099 boc
757 4038 832 4099 libro
857 4057 930 4099 usus
954 4049 1007 4100 est
1050 4043 1198 4116 plostrum
1222 4047 1251 4099 et
1271 4043 1390 4115 plostra

243 4147 274 4205 iu
298 4144 458 4224 archetypo
481 4145 626 4222 scriptum
646 4153 710 4205 erat
728 4142 760 4225 2,
774 4142 803 4205 7.
828 4144 878 4227 10,
892 4144 921 4207 2.
946 4144 998 4226 11,
1013 4143 1042 4206 2.
1066 4144 1117 4208 62.
1142 4143 1193 4207 63.
1219 4142 1291 4225 135,
1307 4144 1339 4225 13
1354 4141 1390 4205 5:

241 4255 423 4329 plustrarios
442 4257 472 4309 et
488 4254 687 4326 plusirarium
708 4250 759 4335 11,
775 4253 807 4333 13
822 4250 856 4314 2:
873 4257 1044 4330 plaustrum
1063 4261 1182 4333 praeter
1196 4254 1275 4314 lium
1290 4252 1389 4312 locum

244 4357 349 4437 semel,
377 4353 420 4417 63
445 4356 550 4433 sunem
578 4361 693 4420 torma
721 4361 752 4419 in
772 4363 957 4436 plaustrum,
986 4357 1038 4418 sed
1063 4358 1169 4419 deinde
1192 4362 1334 4435 subiupia
1358 4363 1389 4420 in

240 4470 389 4547 plostrum
421 4473 452 4525 et
482 4466 585 4526 vitiose
616 4461 728 4546 135,5
754 4468 898 4542 subiupia
926 4468 956 4526 ia
984 4469 1127 4527 lustrum:
1158 4468 1189 4526 in
1217 4464 1389 4545 Originibus
