2874 4994
149 312 211 377 108
487 321 678 378 COMllENT.
697 323 736 377 tu
755 322 942 380 VARRONIS

147 484 218 556 tam,
241 479 324 551 prend
345 479 461 538 calmas
484 481 600 539 extalit.
636 481 788 555 spiraeo,
812 497 891 554 qaae
908 481 1023 540 matica
1040 495 1102 539 aon
1121 484 1165 539 est
1182 476 1317 549 luent-

147 582 212 664 dus,
235 581 287 643 ubi
310 588 448 645 mutilata
468 583 616 645 Victorius
639 587 780 645 restituit.
817 588 848 645 ia
865 586 1018 661 repetibat
1036 592 1139 645 atatem
1153 582 1332 660 {nomem

149 697 260 765 loram,
288 694 370 765 qaod
396 696 511 752 calmas
538 696 660 766 extulit,
688 694 783 768 spica.
819 711 856 753 eo
884 710 963 767 qaae
991 695 1132 753 mutilata
1153 708 1212 754 aaa
1231 710 1332 768 effi

147 805 179 856 at
203 800 233 857 ia
256 800 371 859 hordeo
395 797 558 879 Gesnerus‚
584 802 614 859 in
638 801 789 874 sepelibat
817 806 917 861 autom
941 798 1144 875 framentum,
1172 801 1202 860 ia
1225 816 1332 879 pq„

148 906 263 964 calinas
282 909 391 965 ntulit
408 909 538 983 spicam:
556 925 593 967 ea
608 925 687 982 qaae
701 910 840 968 mutilata
855 925 914 968 noa
933 913 985 981 ert,
1006 908 1038 966 ia
1056 908 1153 967 ordeo
1167 904 1320 979 Schnef.

147 1008 246 1092 dorus,
271 1015 301 1072 ia
324 1014 475 1088 sepelibat
498 1019 598 1074 autem
618 1012 767 1088 frameati
789 1031 880 1088 qaam
902 1018 1019 1075 calmas
1037 1015 1149 1074 caralit
1165 1015 1305 1099 opicum

146 1135 184 1178 aa
211 1135 275 1196 sqq.
303 1118 372 1179 olim
400 1121 522 1180 conieci.
565 1138 665 1180 reram
698 1119 856 1181 verborum
885 1122 1063 1182 sententiam
1096 1136 1296 1198 perspexerat

146 1221 306 1306 Cerneres,
329 1243 506 1304 quamquam
534 1227 598 1306 ipsa
623 1225 709 1286 verba
738 1244 797 1287 non
826 1228 898 1287 satis
926 1235 993 1307 apte
1021 1226 1186 1287 constituit
1219 1243 1286 1295 nam
1328 1228 1332 1235 '

145 1340 302 1409 postquam
326 1332 362 1392 de
388 1334 553 1393 seminariis
577 1342 608 1394 et
630 1335 724 1412 pratis
748 1333 877 1394 breviter
901 1333 1094 1413 dictumest,
1123 1334 1278 1401 accuratius

146 1437 182 1497 de
211 1437 362 1517 segetibus
390 1439 558 1518 disputatur
586 1442 639 1520 ita,
672 1449 705 1500 ut
736 1448 836 1518 partes
864 1457 940 1519 quae
968 1440 1097 1500 suntin
1126 1437 1225 1499 culinis
1248 1452 1270 1504 et

146 1545 263 1605 nomina
287 1545 396 1624 quibus
420 1565 471 1606 eae
495 1546 681 1627 appellantur
704 1545 892 1607 definiantur.
930 1564 966 1606 ex
989 1545 1036 1606 his
1055 1546 1185 1626 primunt
1204 1550 1267 1625 poni·

144 1662 193 1713 tur
217 1654 307 1732 spica,
331 1670 391 1731 quo
416 1655 533 1713 nomine
558 1653 640 1732 illud,
663 1671 722 1731 qno
745 1652 861 1713 culmus
884 1654 914 1712 in
935 1651 1087 1731 segetibus
1106 1652 1263 1714 frumentun

145 1758 259 1839 extulit,
283 1758 456 1839 appellatur.
494 1759 599 1820 deinde
629 1758 766 1820 subtilius
796 1761 891 1838 ipsius
919 1761 1017 1839 spicae
1047 1767 1149 1838 partes
1176 1759 1264 1821 deari-

143 1864 265 1927 buntur.
302 1865 337 1925 ad
362 1865 437 1926 hanc
461 1868 638 1927 seutentiam
667 1869 696 1927 in
724 1866 804 1927 hunc
832 1865 952 1946 modurn
980 1864 1070 1926 verba
1100 1866 1265 1945 conternati,

144 1977 175 2034 ia
197 1975 348 2049 repetibat
367 1982 468 2035 uatem
483 1971 669 2050 frarrreatam
687 1991 746 2049 qao
765 1976 881 2034 calmas
895 1977 1014 2055 extulit,
1031 1977 1136 2050 spica:
1153 1992 1188 2035 ea
1202 1990 1268 2049 qaae

144 2084 284 2141 atatilato
308 2090 443 2156 moreest,
467 2088 500 2140 at
523 2084 554 2140 ia
577 2083 692 2142 hordeo
710 2098 791 2162 sqq.,
816 2082 874 2141 nisi
897 2083 996 2159 potius
1020 2100 1058 2142 eo
1086 2098 1171 2157 quom
1195 2082 1265 2140 mati-

143 2192 207 2249 lata
231 2206 291 2249 aaa
314 2196 359 2248 est
382 2186 572 2247 scribendum
597 2198 670 2248 erat.
1330 2258 1332 2275 Ι

232 2293 386 2354 Proinde
411 2303 448 2354 ot
470 2296 571 2374 grani
595 2312 681 2373 apex
711 2297 759 2355 sit
786 2295 902 2374 giunta
927 2303 962 2356 et
989 2293 1121 2372 arista]
1149 2294 1269 2354 Prota&

144 2410 177 2462 at
196 2405 292 2477 proni
314 2403 402 2462 theca
425 2405 465 2462 sit
485 2404 597 2476 plorata,
622 2409 651 2463 et
674 2399 755 2479 apea
778 2406 877 2463 aristo
900 2401 1060 2464 iucundus.

232 2505 252 2569 2
285 2507 468 2587 Scriptum
502 2510 578 2567 scio
612 2526 691 2568 esse
724 2511 759 2569 in
792 2507 977 2570 euhemeri
1009 2507 1116 2569 libris
1147 2500 1266 2579 uersis]

143 2619 226 2677 Scito
244 2615 405 2676 Muellerus
424 2614 498 2675 Enn.
519 2615 621 2694 lragm.
640 2635 667 2694 p.
685 2612 736 2677 82.
774 2618 953 2696 scripturam
969 2615 1122 2695 archetypi
1139 2618 1169 2675 ia
1182 2613 1269 2673 Enic-

143 2725 343 2794 remitteris,
367 2740 442 2801 quae
471 2724 501 2782 in
529 2723 664 2801 principe
692 2723 821 2784 editione
850 2728 988 2804 corrupta
1017 2731 1096 2804 erat,
1123 2721 1272 2783 Politianus

143 2827 330 2889 adnotatione
353 2830 384 2888 in
408 2830 539 2908 margine
563 2828 702 2889 editionis
725 2829 873 2908 adscripta
901 2830 1043 2891 defendit.
1081 2829 1196 2892 eandem
1216 2823 1270 2886 rd-

144 2937 325 2996 notationem
349 2943 450 3015 postea
474 2937 504 2995 in
528 2933 785 2995 miscellaneorum
810 2953 834 2996 o.
854 2933 897 2997 25
920 2934 1021 2999 edidit.

230 3041 390 3122 Elymum
416 3040 548 3101 hahere
577 3060 592 3100 a
621 3039 819 3120 gluhondo]
847 3041 927 3106 Paul.
953 3061 1016 3102 exc.
1042 3041 1120 3104 l'est
1142 3061 1168 3123 ρ.
1184 3036 1226 3118 98,
1247 3029 1280 3093 8

145 3149 251 3210 Glama
274 3150 385 3210 hordei
406 3152 552 3222 laniculo,
575 3151 657 3223 qrtod
676 3150 824 3223 piabatur
848 3153 919 3210 lade
939 3167 1082 3224 arontam.

232 3256 297 3316 ll'oa
320 3263 354 3315 at
379 3259 483 3330 alama
507 3263 561 3316 oat
589 3259 687 3316 (trista
715 3264 807 3331 perat
832 3289 867 3298 —
894 3260 951 3318 rad
976 3264 1010 3318 at
1037 3275 1131 3319 auam
1157 3255 1288 3337 plurimi¹

142 3361 318 3441 apographa.
358 3366 414 3422 sed
440 3379 532 3423 aaom
563 3362 655 3422 codex
684 3361 881 3424 Florentinus.
919 3382 980 3425 noa
1011 3351 1044 3425 at
1069 3368 1197 3442 plumam
1216 3355 1290 3421 oui

143 3472 271 3529 aristam
291 3476 383 3543 perat
409 3501 445 3510 —
471 3472 527 3529 sed
549 3487 636 3529 traam
662 3468 823 3530 Politianus
848 3472 876 3530 in
905 3471 1043 3550 principe
1067 3471 1192 3532 editione
1212 3469 1292 3528 nal]

142 3577 281 3635 correxit.

231 3679 251 3742 3
284 3679 354 3748 Orto
384 3680 571 3742 srrlrlatent
599 3680 726 3762 herba]
756 3686 819 3744 Sab
842 3702 903 3759 aaa
926 3689 1021 3746 lateat
1044 3687 1141 3747 limbo
1166 3669 1293 3759 scripssi·

142 3805 208 3863 nam
233 3804 329 3865 neque
352 3790 512 3864 sublateret,
536 3789 614 3867 quod
639 3800 707 3850 arrtc
732 3790 897 3851 Gesnerum
917 3790 1082 3874 legebatur,
1100 3791 1202 3853 dictum
1214 3784 1292 3849 at,

142 3911 238 3973 neque
263 3913 323 3969 aaa
345 3897 402 3956 sab
426 3900 520 3957 lateat
542 3899 647 3970 aerbo,
672 3896 749 3975 quod
775 3896 926 3959 Gesnerus
950 3898 1057 3981 edidit,
1086 3897 1200 3960 Varroni
1216 3885 1287 3953 tri·

140 3999 290 4062 hueudum
316 4021 382 4061 esse
406 4002 503 4063 oredo.

229 4107 327 4176 erod
353 4109 496 4168 infirma
520 4110 617 4186 spica
644 4109 684 4167 ad
710 4108 862 4171 culmum
893 4114 1087 4172 stramenti
1114 4112 1272 4183 sumnum
1330 4182 1332 4187 Ι

140 4216 224 4273 item
249 4215 366 4273 minus
391 4232 489 4292 quam
513 4232 659 4292 granum
684 4224 738 4275 est
767 4216 973 4296 appellatur
1002 4235 1169 4281 urrucum
1190 4225 1263 4275 oon·

142 4318 332 4396 licuisset]
357 4323 535 4396 Appellatar
559 4320 581 4378 l
606 4338 633 4379 m
658 4330 688 4381 et
716 4324 807 4382 codex
833 4323 1024 4386 Florentinus
1052 4344 1121 4387 cum
1148 4320 1255 4405 primia

141 4422 269 4483 editione
293 4444 308 4484 a
328 4425 472 4485 l’olitiano
497 4443 554 4485 non
579 4436 723 4510 correcta,
746 4433 930 4506 appellatam
948 4431 1117 4512 apographa
1135 4425 1247 4512 quodem
