2874 4994
357 337 488 393 RERVM
506 339 745 395 RVSTIGARVM
766 339 833 396 LIB.
852 340 865 394 Ι
885 338 925 395 39
1174 329 1217 392 95

163 488 182 551 3
213 489 295 552 Cum
328 495 462 553 semina
493 495 567 554 sint
599 494 675 553 lere
708 502 882 572 quattuor
918 511 1088 572 generum
1128 509 1216 571 quae

121 598 348 660 ansleruntur
373 619 389 660 e
413 609 512 661 terra
536 603 571 660 in
594 610 729 662 terram
758 603 861 661 uiuos
889 598 1031 660 radices
1059 618 1148 680 quae
1177 616 1216 659 cx

120 702 261 765 boribus
298 704 437 786 dempta
470 705 717 767 demittuntur
753 707 786 766 in
825 706 967 768 humum
1000 725 1088 786 quae
1121 708 1217 767 inse·

120 821 201 871 intur
232 830 272 872 ex
306 811 500 873 arboribus
534 813 570 873 in
598 810 762 890 arbores]
791 815 914 875 Semina
939 813 1009 890 [ονε
1030 817 1091 874 sint
1118 815 1218 874 minus

121 927 205 978 curate
236 917 416 999 Pontianus,
452 923 568 980 semina
600 923 662 980 sint
694 918 765 995 [ονε
797 922 894 981 omnia
927 920 1102 1000 apographa.
1149 936 1217 981 cum

120 1027 188 1085 uino
205 1023 275 1100 [ονε
298 1034 445 1101 qvattvor
467 1030 710 1101 duracmum,
733 1044 812 1101 εααε
835 1026 1068 1103 transferuntur
1091 1044 1108 1088 ε
1131 1033 1217 1087 terra

136 1138 250 1211 terrum,
272 1151 332 1208 per
357 1150 391 1193 se
413 1151 433 1193 α
457 1141 585 1205 nutura,
609 1135 672 1193 vtio
700 1151 741 1193 εοο
769 1136 922 1194 industrio
946 1141 979 1193 ut
998 1131 1122 1208 sociant
1144 1136 1216 1193 vivi-

120 1238 192 1297 tdices
214 1255 278 1317 sqq.
306 1237 433 1318 Merula,
465 1256 534 1299 cvm
565 1242 681 1300 semina
710 1238 781 1314 [ονε
812 1248 945 1314 quatuor
972 1243 1033 1300 sint
1060 1256 1215 1313 εενοονοαα,

120 1359 155 1403 ue
172 1362 229 1405 oon
252 1344 485 1420 transferuntur
508 1365 525 1406 ο
552 1354 639 1406 terro
667 1348 698 1406 in
727 1353 855 1420 terrum,
878 1349 935 1407 scd
959 1365 1019 1422 per
1041 1364 1074 1407 sc
1093 1349 1173 1419 dunt
1195 1364 1215 1405 α

120 1455 195 1531 duro,
217 1455 281 1511 oliv
304 1469 344 1512 eac
368 1455 529 1525 industria,
551 1460 586 1513 vt
604 1451 728 1528 faciunt
750 1455 934 1514 viviradices
956 1451 1116 1513 iucundus.
1147 1470 1216 1513 con·

120 1558 192 1617 rturis
215 1556 363 1618 editorum
386 1556 459 1619 haec
483 1568 623 1637 corrupta
652 1577 717 1619 esse
746 1559 953 1620 animadvertit
975 1557 1138 1640 Victorius,
1162 1561 1213 1639 qui

120 1664 191 1723 notis
223 1666 259 1725 iis
292 1682 367 1744 quac
396 1664 432 1725 ab
460 1665 519 1726 illis
547 1665 645 1726 addita
672 1648 757 1726 erant
784 1664 872 1726 rerba
900 1668 939 1726 ita
969 1665 1117 1748 exhibuit,
1145 1685 1213 1727 εανα

120 1771 184 1830 nina
202 1769 272 1846 [ονε
294 1776 693 1853 quatuordecimam,
715 1790 795 1848 εοεαε
824 1771 1058 1848 transferuntur
1081 1792 1098 1834 ε
1125 1781 1212 1834 terro

140 1883 259 1951 terrum,
293 1882 485 1939 viviradices.
530 1878 609 1939 idem
638 1898 673 1939 cx
702 1888 843 1958 quattuor
870 1879 1031 1958 generibus
1065 1881 1211 1940 seminum

120 1984 231 2045 amodo
251 1984 374 2046 indicari
394 1987 516 2047 monuit.
550 1985 785 2068 eumadelectum
804 1988 843 2047 ita
865 1985 1061 2065 supplendum
1086 1988 1214 2047 coniecit

120 2089 207 2170 sinus,
239 2110 318 2165 εααο
350 2095 550 2169 primiqeviv,
583 2111 663 2168 εααο
699 2092 931 2168 transferuntur
963 2111 1040 2173 sqq,
1077 2093 1212 2154 similiter

120 2211 177 2271 pma
200 2207 376 2272 quaerente
400 2199 446 2260 rel
469 2218 548 2275 εααε
566 2202 657 2276 privs
680 2218 771 2275 εαααο
798 2207 867 2260 saia
894 2207 982 2274 nutv,
1005 2218 1085 2275 quae
1112 2208 1211 2261 truns-

120 2311 210 2365 vntvr
233 2324 297 2385 sqq.
339 2305 473 2367 lacunam
505 2306 608 2367 codem
642 2306 706 2367 loco
737 2306 887 2366 Gesnerus
919 2305 1067 2367 indicarit.
1113 2313 1211 2366 tamen

120 2405 268 2472 bneidcrus
296 2431 386 2492 praro
415 2414 689 2493 antiquissimarum
718 2412 881 2474 editionum
910 2412 1008 2473 studio
1033 2421 1063 2472 et
1089 2421 1211 2473 auctore

120 2517 233 2579 niedcra
256 2538 284 2599 p.
307 2517 369 2582 148
397 2519 604 2600 interpolatam
636 2520 794 2581 lectionem
821 2521 973 2602 repetivit,
1000 2536 1067 2580 cvm
1095 2523 1211 2580 semino

120 2634 286 2700 equatvor
308 2629 369 2687 sint
389 2645 545 2703 εονοενααο,
564 2645 644 2703 εααο
663 2646 722 2704 per
743 2646 777 2688 se
796 2631 877 2701 fiunt
899 2645 919 2686 v
942 2633 1065 2704 natura,
1085 2630 1148 2687 vlia
1172 2644 1212 2687 ex

120 2728 228 2812 butria,
246 2751 326 2808 εααο
349 2733 581 2809 transferuntur
599 2754 616 2796 ε
635 2742 721 2795 terra
745 2736 776 2794 in
800 2741 924 2808 terrum,
944 2740 977 2793 vt
996 2731 1120 2808 [αεοανοο
1141 2735 1212 2793 vivi-

120 2837 197 2900 b'ces.
221 2843 350 2918 primurn
365 2859 460 2919 genus
479 2843 635 2916 seminum,
654 2859 730 2921 quac
750 2848 898 2920 tamquam
918 2842 1092 2920 primigenia
1107 2849 1211 2900 natura

120 2944 156 3025 iit,
179 2946 362 3026 descriptum
386 2957 432 3008 est
454 2945 545 3028 40,1
572 2957 602 3008 et
624 2945 645 3008 2
665 2952 798 3025 primum
821 2966 921 3009 semen
943 2980 978 2990 -
1003 2966 1042 3008 ex
1064 2965 1211 3024 raporum

120 3057 243 3114 issicum.
280 3052 369 3115 buius
392 3056 568 3133 significatio
587 3054 644 3115 hoc
663 3053 727 3115 loco
747 3056 777 3114 in
797 3053 899 3115 codice
919 3055 1027 3114 omissa
1051 3063 1106 3113 est.
1145 3071 1210 3114 nam

136 3160 299 3221 secundum
331 3179 439 3240 genus,
467 3161 546 3241 quod
575 3158 666 3242 40‚3
695 3159 878 3239 descriptum
907 3167 965 3240 est,
993 3160 1146 3238 pertinent
1178 3177 1211 3218 ea

120 3282 146 3325 re
168 3266 399 3342 transferuntur
423 3287 439 3328 ε
467 3277 554 3329 terro
582 3271 613 3328 in
637 3276 766 3347 terrum,
790 3285 858 3328 cunr
886 3265 1002 3346 plantae
1027 3264 1072 3324 vel
1098 3264 1212 3325 surculi

120 3375 220 3433 nsuis
244 3373 393 3435 radicibus
418 3394 452 3434 ex
477 3382 557 3434 terra
581 3375 710 3454 exempti
728 3374 759 3433 in
783 3373 868 3433 aliam
892 3380 1003 3433 terram
1026 3371 1210 3432 transierun-

120 3523 126 3536 .
170 3480 248 3559 quod
273 3498 367 3559 genus
391 3480 565 3540 viviradices
588 3479 688 3540 dicere
713 3479 857 3562 solebant,
879 3497 953 3560 quas
976 3482 1007 3540 in
1031 3476 1140 3539 vitibus
1164 3495 1209 3537 ac-

120 3588 198 3646 atius
223 3587 382 3666 descripsit
405 3586 566 3647 Columella
590 3585 612 3645 V
631 3584 662 3668 5,
682 3585 699 3648 i
706 3634 715 3667 ‚
738 3605 833 3666 eoque
864 3589 982 3648 nomine
1006 3584 1098 3666 Vqrro
1121 3604 1210 3665 supra

120 3686 156 3752 35
183 3693 219 3753 dc
247 3695 325 3754 rosis
353 3712 426 3755 usus
455 3703 507 3755 est.
553 3693 631 3754 idern
660 3693 715 3754 boc
742 3692 808 3754 loco
832 3693 944 3754 Merula
971 3692 1113 3754 ediderat.
1159 3692 1209 3752 sed

120 3797 165 3858 ins
188 3803 324 3860 cervive
352 3804 474 3882 radice,
498 3800 577 3880 quod
605 3802 702 3879 ipsum
732 3808 830 3859 vetere
859 3802 1029 3860 coniectura
1058 3802 1210 3861 inventum

123 3906 221 3966 codice
245 3925 273 3965 nr
297 3905 416 3984 legitur.
462 3925 529 3967 nam
553 3909 614 3967 viva
644 3905 743 3967 radice
771 3904 843 3966 haec
872 3908 984 3966 semina
1011 3924 1048 3966 ex
1073 3917 1151 3966 terra
1180 3909 1210 3966 in

120 4025 176 4071 ram
201 4011 430 4073 transferuntur.
467 4016 567 4093 itaque
592 4015 698 4092 scripsi
722 4030 789 4073 cum
813 4015 929 4073 semino
951 4015 1012 4072 sint
1031 4011 1101 4087 [ονε
1123 4020 1211 4086 qvot-

120 4133 141 4172 ν
163 4137 321 4195 cenerum,
349 4138 429 4194 εααε
457 4128 572 4180 notura
601 4122 696 4192 dedit,
724 4137 803 4193 εοεαε
830 4117 1063 4194 transferuntur
1086 4124 1211 4177 eterra

127 4229 235 4285 terrum
263 4230 331 4286 viva
359 4229 476 4287 radice.
522 4228 659 4306 sequitur
687 4227 807 4285 tertium
835 4242 943 4304 genus,
971 4223 1008 4283 de
1037 4240 1096 4302 quo
1118 4221 1211 4305 40‚4

120 4332 173 4412 tur,
195 4351 263 4393 cum
288 4351 323 4393 ex
347 4331 506 4393 arboribus
530 4330 644 4394 surculi
667 4329 712 4390 rel
736 4329 828 4391 taleae
852 4333 881 4390 in
905 4329 1029 4391 humum
1052 4329 1211 4392 demittun-

120 4449 136 4512 ',
154 4447 183 4499 et
205 4448 358 4521 quartum,
382 4438 461 4519 quod
490 4440 523 4499 tn
550 4435 756 4512 insitionibus,
779 4436 858 4516 quod
881 4434 934 4520 40,
953 4435 974 4498 5
998 4445 1028 4498 et
1051 4433 1071 4497 6
1100 4437 1211 4499 descri-
