<?xml version="1.0" encoding="UTF-8"?>
<!DOCTYPE html PUBLIC "-//W3C//DTD XHTML 1.0 Transitional//EN"
    "http://www.w3.org/TR/xhtml1/DTD/xhtml1-transitional.dtd">
<html xmlns="http://www.w3.org/1999/xhtml" xml:lang="en" lang="en">
 <head>
  <title>
</title>
<meta http-equiv="Content-Type" content="text/html;charset=utf-8" />
  <meta name='ocr-system' content='tesseract 3.04.00' />
  <meta name='ocr-capabilities' content='ocr_page ocr_carea ocr_par ocr_line ocrx_word'/>
</head>
<body>
  <div class='ocr_page' id='page_1' title='image "./mporcicatonisde00keilgoog_0431.png"; bbox 0 0 2874 4994; ppageno 0'>
   <div class='ocr_carea' id='block_1_1' title="bbox 209 322 1055 387">
    <p class='ocr_par' dir='ltr' id='par_1_1' title="bbox 209 322 1055 387">
     <span class='ocr_line' id='line_1_1' title="bbox 209 322 1055 387; baseline -0.001 -1"><span class='ocrx_word' id='word_1_1' title='bbox 209 345 212 350; x_wconf 82' lang='lat'>·</span> <span class='ocrx_word' id='word_1_2' title='bbox 255 322 320 387; x_wconf 79' lang='lat'><strong>208</strong></span> <span class='ocrx_word' id='word_1_3' title='bbox 597 329 788 385; x_wconf 80' lang='lat' dir='ltr'><strong>GOMMENT.</strong></span> <span class='ocrx_word' id='word_1_4' title='bbox 807 329 847 384; x_wconf 86' lang='lat' dir='ltr'><strong>IN</strong></span> <span class='ocrx_word' id='word_1_5' title='bbox 866 326 1055 385; x_wconf 76' lang='lat' dir='ltr'>VARRONIS</span> 
     </span>
    </p>
   </div>
   <div class='ocr_carea' id='block_1_2' title="bbox 250 479 1429 4521">
    <p class='ocr_par' dir='ltr' id='par_1_2' title="bbox 256 479 1367 674">
     <span class='ocr_line' id='line_1_2' title="bbox 256 479 1367 564; baseline -0.002 -18"><span class='ocrx_word' id='word_1_6' title='bbox 256 503 324 546; x_wconf 91' lang='lat' dir='ltr'><strong>narn</strong></span> <span class='ocrx_word' id='word_1_7' title='bbox 348 484 479 547; x_wconf 81' lang='lat' dir='ltr'>interdiu</span> <span class='ocrx_word' id='word_1_8' title='bbox 502 502 607 545; x_wconf 88' lang='lat' dir='ltr'><strong>omnes</strong></span> <span class='ocrx_word' id='word_1_9' title='bbox 630 487 828 545; x_wconf 87' lang='lat' dir='ltr'><strong>communiter</strong></span> <span class='ocrx_word' id='word_1_10' title='bbox 850 501 989 564; x_wconf 86' lang='lat' dir='ltr'><strong>pascere,</strong></span> <span class='ocrx_word' id='word_1_11' title='bbox 1010 489 1104 544; x_wconf 88' lang='lat' dir='ltr'><strong>noctu</strong></span> <span class='ocrx_word' id='word_1_12' title='bbox 1127 479 1167 545; x_wconf 78' lang='lat' dir='ltr'><strong>ad</strong></span> <span class='ocrx_word' id='word_1_13' title='bbox 1187 498 1274 545; x_wconf 73' lang='lat' dir='ltr'><strong>san!</strong></span> <span class='ocrx_word' id='word_1_14' title='bbox 1290 498 1367 562; x_wconf 75' lang='lat' dir='ltr'><strong>qaeu·</strong></span> 
     </span>
     <span class='ocr_line' id='line_1_3' title="bbox 257 599 1189 674; baseline -0.001 -21"><span class='ocrx_word' id='word_1_15' title='bbox 257 611 315 671; x_wconf 87' lang='lat' dir='ltr'><strong>qne</strong></span> <span class='ocrx_word' id='word_1_16' title='bbox 338 609 458 671; x_wconf 79' lang='lat' dir='ltr'>gregem</span> <span class='ocrx_word' id='word_1_17' title='bbox 484 601 660 671; x_wconf 92' lang='lat' dir='ltr'><strong>pernoctare</strong></span> <span class='ocrx_word' id='word_1_18' title='bbox 683 599 810 669; x_wconf 81' lang='lat' dir='ltr'><strong>oportet</strong></span> <span class='ocrx_word' id='word_1_19' title='bbox 983 669 985 674; x_wconf 17' lang='lat'><strong>³</strong></span> <span class='ocrx_word' id='word_1_20' title='bbox 1186 660 1189 665; x_wconf 52' lang='grc'><em>,</em></span> 
     </span>
    </p>

    <p class='ocr_par' dir='ltr' id='par_1_3' title="bbox 254 685 1377 1524">
     <span class='ocr_line' id='line_1_4' title="bbox 346 685 1371 777; baseline -0.005 -17"><span class='ocrx_word' id='word_1_21' title='bbox 346 696 496 768; x_wconf 81' lang='lat' dir='ltr'><strong>2&#39;Ouod</strong></span> <span class='ocrx_word' id='word_1_22' title='bbox 530 700 560 758; x_wconf 90' lang='lat' dir='ltr'><strong>is</strong></span> <span class='ocrx_word' id='word_1_23' title='bbox 593 700 653 777; x_wconf 87' lang='lat' dir='ltr'><strong>qni</strong></span> <span class='ocrx_word' id='word_1_24' title='bbox 685 707 803 759; x_wconf 90' lang='lat' dir='ltr'><strong>aetate</strong></span> <span class='ocrx_word' id='word_1_25' title='bbox 840 706 876 759; x_wconf 89' lang='lat' dir='ltr'><strong>et</strong></span> <span class='ocrx_word' id='word_1_26' title='bbox 906 699 1064 759; x_wconf 84' lang='lat' dir='ltr'><strong>scientia</strong></span> <span class='ocrx_word' id='word_1_27' title='bbox 1095 702 1258 777; x_wconf 72' lang='lat' dir='ltr'><strong>praestat</strong></span> <span class='ocrx_word' id='word_1_28' title='bbox 1281 685 1371 758; x_wconf 71' lang='lat' dir='ltr'><strong>anino</strong></span> 
     </span>
     <span class='ocr_line' id='line_1_5' title="bbox 257 799 1372 886; baseline -0.002 -19"><span class='ocrx_word' id='word_1_29' title='bbox 257 807 428 886; x_wconf 83' lang='lat' dir='ltr'><strong>aequiore</strong></span> <span class='ocrx_word' id='word_1_30' title='bbox 461 804 596 884; x_wconf 84' lang='lat' dir='ltr'><strong>reliqui</strong></span> <span class='ocrx_word' id='word_1_31' title='bbox 628 802 773 884; x_wconf 89' lang='lat' dir='ltr'><strong>parent]</strong></span> <span class='ocrx_word' id='word_1_32' title='bbox 803 806 890 876; x_wconf 78' lang='lat' dir='ltr'><strong>Quod</strong></span> <span class='ocrx_word' id='word_1_33' title='bbox 915 807 942 866; x_wconf 83' lang='lat' dir='ltr'><strong>is</strong></span> <span class='ocrx_word' id='word_1_34' title='bbox 968 806 1024 880; x_wconf 75' lang='lat' dir='ltr'><strong>qur·</strong></span> <span class='ocrx_word' id='word_1_35' title='bbox 1043 835 1089 847; x_wconf 89' lang='lat'>-</span> <span class='ocrx_word' id='word_1_36' title='bbox 1108 806 1252 880; x_wconf 73' lang='lat' dir='ltr'><strong>praesui</strong></span> <span class='ocrx_word' id='word_1_37' title='bbox 1273 799 1372 881; x_wconf 64' lang='lat' dir='ltr'><strong>nicht</strong></span> 
     </span>
     <span class='ocr_line' id='line_1_6' title="bbox 257 909 1374 993; baseline -0.003 -21"><span class='ocrx_word' id='word_1_38' title='bbox 257 912 424 993; x_wconf 81' lang='lat' dir='ltr'><strong>apographa</strong></span> <span class='ocrx_word' id='word_1_39' title='bbox 447 920 478 973; x_wconf 89' lang='lat' dir='ltr'><strong>ct</strong></span> <span class='ocrx_word' id='word_1_40' title='bbox 500 911 590 973; x_wconf 89' lang='lat' dir='ltr'><strong>editio</strong></span> <span class='ocrx_word' id='word_1_41' title='bbox 620 913 759 991; x_wconf 87' lang='lat' dir='ltr'><strong>princeps</strong></span> <span class='ocrx_word' id='word_1_42' title='bbox 783 929 798 970; x_wconf 90' lang='lat' dir='ltr'><strong>a</strong></span> <span class='ocrx_word' id='word_1_43' title='bbox 824 909 967 972; x_wconf 85' lang='lat' dir='ltr'><strong>Politiano</strong></span> <span class='ocrx_word' id='word_1_44' title='bbox 994 927 1056 973; x_wconf 87' lang='lat' dir='ltr'><strong>nnn</strong></span> <span class='ocrx_word' id='word_1_45' title='bbox 1082 916 1236 991; x_wconf 64' lang='lat' dir='ltr'><strong>maroch,</strong></span> <span class='ocrx_word' id='word_1_46' title='bbox 1256 910 1374 985; x_wconf 70' lang='lat' dir='ltr'><strong>poan</strong></span> 
     </span>
     <span class='ocr_line' id='line_1_7' title="bbox 256 1015 1375 1100; baseline -0.003 -19"><span class='ocrx_word' id='word_1_47' title='bbox 256 1024 310 1096; x_wconf 80' lang='lat' dir='ltr'><strong>aui</strong></span> <span class='ocrx_word' id='word_1_48' title='bbox 335 1053 372 1064; x_wconf 87' lang='lat'>-</span> <span class='ocrx_word' id='word_1_49' title='bbox 395 1026 558 1097; x_wconf 80' lang='lat' dir='ltr'><em>praestant</em></span> <span class='ocrx_word' id='word_1_50' title='bbox 583 1037 618 1078; x_wconf 83' lang='lat' dir='ltr'><strong>ex</strong></span> <span class='ocrx_word' id='word_1_51' title='bbox 649 1017 804 1100; x_wconf 83' lang='lat' dir='ltr'><strong>codicem</strong></span> <span class='ocrx_word' id='word_1_52' title='bbox 833 1020 863 1078; x_wconf 92' lang='lat' dir='ltr'><strong>in</strong></span> <span class='ocrx_word' id='word_1_53' title='bbox 886 1016 1022 1079; x_wconf 80' lang='lat' dir='ltr'><strong>Aldinam</strong></span> <span class='ocrx_word' id='word_1_54' title='bbox 1048 1015 1214 1079; x_wconf 82' lang='lat' dir='ltr'><strong>editionem</strong></span> <span class='ocrx_word' id='word_1_55' title='bbox 1239 1022 1375 1096; x_wconf 56' lang='lat' dir='ltr'><strong>ram</strong></span> 
     </span>
     <span class='ocr_line' id='line_1_8' title="bbox 256 1121 1375 1205; baseline -0.003 -17"><span class='ocrx_word' id='word_1_56' title='bbox 256 1146 292 1188; x_wconf 85' lang='lat' dir='ltr'><strong>cx</strong></span> <span class='ocrx_word' id='word_1_57' title='bbox 316 1126 370 1186; x_wconf 91' lang='lat' dir='ltr'><strong>bac</strong></span> <span class='ocrx_word' id='word_1_58' title='bbox 394 1125 430 1186; x_wconf 94' lang='lat' dir='ltr'><strong>ad</strong></span> <span class='ocrx_word' id='word_1_59' title='bbox 454 1124 583 1204; x_wconf 88' lang='lat' dir='ltr'><strong>reliquas</strong></span> <span class='ocrx_word' id='word_1_60' title='bbox 607 1132 802 1205; x_wconf 81' lang='lat' dir='ltr'><strong>propagatum</strong></span> <span class='ocrx_word' id='word_1_61' title='bbox 825 1133 897 1186; x_wconf 89' lang='lat' dir='ltr'><strong>erat.</strong></span> <span class='ocrx_word' id='word_1_62' title='bbox 943 1126 1084 1185; x_wconf 79' lang='lat' dir='ltr'><strong>restituto</strong></span> <span class='ocrx_word' id='word_1_63' title='bbox 1111 1121 1257 1203; x_wconf 66' lang='lat' dir='ltr'><strong>singulfi-l</strong></span> <span class='ocrx_word' id='word_1_64' title='bbox 1275 1138 1375 1185; x_wconf 68' lang='lat' dir='ltr'><strong>nm</strong></span> 
     </span>
     <span class='ocr_line' id='line_1_9' title="bbox 254 1231 1377 1312; baseline -0.004 -17"><span class='ocrx_word' id='word_1_65' title='bbox 254 1241 406 1312; x_wconf 76' lang='lat' dir='ltr'><em>praestat,</em></span> <span class='ocrx_word' id='word_1_66' title='bbox 434 1235 485 1312; x_wconf 90' lang='lat' dir='ltr'><strong>qui</strong></span> <span class='ocrx_word' id='word_1_67' title='bbox 513 1234 544 1292; x_wconf 93' lang='lat' dir='ltr'><strong>in</strong></span> <span class='ocrx_word' id='word_1_68' title='bbox 573 1231 733 1310; x_wconf 75' lang='lat' dir='ltr'><strong>archetypo</strong></span> <span class='ocrx_word' id='word_1_69' title='bbox 757 1231 826 1312; x_wconf 87' lang='lat' dir='ltr'><strong>init,</strong></span> <span class='ocrx_word' id='word_1_70' title='bbox 853 1232 962 1311; x_wconf 85' lang='lat' dir='ltr'><strong>scripsi</strong></span> <span class='ocrx_word' id='word_1_71' title='bbox 992 1232 1077 1306; x_wconf 79' lang='lat' dir='ltr'><strong>quod</strong></span> <span class='ocrx_word' id='word_1_72' title='bbox 1105 1232 1139 1293; x_wconf 87' lang='lat' dir='ltr'><strong>ei</strong></span> <span class='ocrx_word' id='word_1_73' title='bbox 1166 1233 1224 1307; x_wconf 76' lang='lat' dir='ltr'><strong>qui</strong></span> <span class='ocrx_word' id='word_1_74' title='bbox 1247 1234 1377 1293; x_wconf 63' lang='lat' dir='ltr'><strong>unet</strong></span> 
     </span>
     <span class='ocr_line' id='line_1_10' title="bbox 256 1336 1377 1418; baseline -0.004 -16"><span class='ocrx_word' id='word_1_75' title='bbox 256 1343 386 1402; x_wconf 88' lang='lat' dir='ltr'><strong>seientia</strong></span> <span class='ocrx_word' id='word_1_76' title='bbox 407 1346 559 1417; x_wconf 80' lang='lat' dir='ltr'><strong><em>praestat,</em></strong></span> <span class='ocrx_word' id='word_1_77' title='bbox 584 1337 661 1417; x_wconf 90' lang='lat' dir='ltr'><strong>quad</strong></span> <span class='ocrx_word' id='word_1_78' title='bbox 692 1339 789 1417; x_wconf 89' lang='lat' dir='ltr'><strong>ipsum</strong></span> <span class='ocrx_word' id='word_1_79' title='bbox 814 1336 1039 1418; x_wconf 77' lang='lat' dir='ltr'><strong>commendatur</strong></span> <span class='ocrx_word' id='word_1_80' title='bbox 1065 1337 1104 1399; x_wconf 84' lang='lat' dir='ltr'><strong>iis</strong></span> <span class='ocrx_word' id='word_1_81' title='bbox 1130 1352 1213 1418; x_wconf 78' lang='lat' dir='ltr'><strong>quas</strong></span> <span class='ocrx_word' id='word_1_82' title='bbox 1238 1342 1377 1417; x_wconf 62' lang='lat' dir='ltr'><strong>manau</strong></span> 
     </span>
     <span class='ocr_line' id='line_1_11' title="bbox 257 1446 1128 1524; baseline -0.005 -16"><span class='ocrx_word' id='word_1_83' title='bbox 257 1450 301 1508; x_wconf 90' lang='lat' dir='ltr'><strong>ita</strong></span> <span class='ocrx_word' id='word_1_84' title='bbox 324 1456 425 1508; x_wconf 86' lang='lat' dir='ltr'><strong>tamen</strong></span> <span class='ocrx_word' id='word_1_85' title='bbox 448 1452 565 1524; x_wconf 86' lang='lat' dir='ltr'><strong>oportet</strong></span> <span class='ocrx_word' id='word_1_86' title='bbox 588 1453 689 1506; x_wconf 90' lang='lat' dir='ltr'><strong>aetate</strong></span> <span class='ocrx_word' id='word_1_87' title='bbox 708 1452 881 1523; x_wconf 90' lang='lat' dir='ltr'><strong>praestare,</strong></span> <span class='ocrx_word' id='word_1_88' title='bbox 904 1451 940 1506; x_wconf 90' lang='lat' dir='ltr'><strong>ut</strong></span> <span class='ocrx_word' id='word_1_89' title='bbox 960 1475 1005 1488; x_wconf 88' lang='lat'>-</span> <span class='ocrx_word' id='word_1_90' title='bbox 1024 1446 1128 1522; x_wconf 81' lang='lat' dir='ltr'><strong>possit.</strong></span> 
     </span>
    </p>

    <p class='ocr_par' dir='ltr' id='par_1_4' title="bbox 250 1540 1408 2380">
     <span class='ocr_line' id='line_1_12' title="bbox 341 1540 1408 1635; baseline -0.004 -21"><span class='ocrx_word' id='word_1_91' title='bbox 341 1552 363 1614; x_wconf 88' lang='grc'>4</span> <span class='ocrx_word' id='word_1_92' title='bbox 393 1553 516 1633; x_wconf 85' lang='lat' dir='ltr'><strong>Neque</strong></span> <span class='ocrx_word' id='word_1_93' title='bbox 541 1550 714 1612; x_wconf 90' lang='lat' dir='ltr'><strong>bascnlus</strong></span> <span class='ocrx_word' id='word_1_94' title='bbox 741 1569 856 1631; x_wconf 87' lang='lat' dir='ltr'><strong>neque</strong></span> <span class='ocrx_word' id='word_1_95' title='bbox 885 1551 1058 1635; x_wconf 82' lang='lat' dir='ltr'><strong>turdulos</strong></span> <span class='ocrx_word' id='word_1_96' title='bbox 1083 1550 1211 1613; x_wconf 87' lang='lat' dir='ltr'><strong>idonei</strong></span> <span class='ocrx_word' id='word_1_97' title='bbox 1237 1549 1318 1631; x_wconf 78' lang='lat' dir='ltr'><strong>galli</strong></span> <span class='ocrx_word' id='word_1_98' title='bbox 1338 1540 1408 1629; x_wconf 56' lang='lat' dir='ltr'><strong>aps</strong></span> 
     </span>
     <span class='ocr_line' id='line_1_13' title="bbox 255 1655 1381 1740; baseline -0.001 -21"><span class='ocrx_word' id='word_1_99' title='bbox 255 1662 391 1740; x_wconf 85' lang='lat' dir='ltr'><strong>positis</strong></span> <span class='ocrx_word' id='word_1_100' title='bbox 419 1661 449 1719; x_wconf 91' lang='lat' dir='ltr'><strong>si</strong></span> <span class='ocrx_word' id='word_1_101' title='bbox 477 1660 623 1719; x_wconf 82' lang='lat' dir='ltr'><strong>maxime</strong></span> <span class='ocrx_word' id='word_1_102' title='bbox 647 1657 687 1718; x_wconf 92' lang='lat' dir='ltr'><strong>ad</strong></span> <span class='ocrx_word' id='word_1_103' title='bbox 712 1657 887 1740; x_wconf 87' lang='lat' dir='ltr'><strong>iumenta]</strong></span> <span class='ocrx_word' id='word_1_104' title='bbox 910 1657 1134 1736; x_wconf 82' lang='lat' dir='ltr'><strong>Appositisst&#39;rni</strong></span> <span class='ocrx_word' id='word_1_105' title='bbox 1154 1655 1312 1738; x_wconf 81' lang='lat' dir='ltr'><strong>Victorius,</strong></span> <span class='ocrx_word' id='word_1_106' title='bbox 1330 1674 1381 1718; x_wconf 74' lang='lat' dir='ltr'><strong>aar</strong></span> 
     </span>
     <span class='ocr_line' id='line_1_14' title="bbox 256 1758 1382 1845; baseline -0.002 -19"><span class='ocrx_word' id='word_1_107' title='bbox 256 1775 342 1827; x_wconf 82' lang='lat' dir='ltr'><strong>sueto</strong></span> <span class='ocrx_word' id='word_1_108' title='bbox 365 1768 395 1826; x_wconf 92' lang='lat' dir='ltr'><strong>in</strong></span> <span class='ocrx_word' id='word_1_109' title='bbox 419 1766 466 1826; x_wconf 91' lang='lat' dir='ltr'><strong>his</strong></span> <span class='ocrx_word' id='word_1_110' title='bbox 490 1764 574 1826; x_wconf 91' lang='lat' dir='ltr'><strong>libris</strong></span> <span class='ocrx_word' id='word_1_111' title='bbox 599 1784 653 1826; x_wconf 72' lang='lat' dir='ltr'><strong>usur</strong></span> <span class='ocrx_word' id='word_1_112' title='bbox 675 1764 822 1845; x_wconf 78' lang='lat' dir='ltr'><strong>vocabuli,</strong></span> <span class='ocrx_word' id='word_1_113' title='bbox 845 1764 858 1825; x_wconf 96' lang='lat' dir='ltr'><strong>l</strong></span> <span class='ocrx_word' id='word_1_114' title='bbox 878 1762 907 1845; x_wconf 83' lang='lat'><strong>7,</strong></span> <span class='ocrx_word' id='word_1_115' title='bbox 925 1762 946 1826; x_wconf 83' lang='lat'>5</span> <span class='ocrx_word' id='word_1_116' title='bbox 970 1768 1014 1826; x_wconf 88' lang='lat' dir='ltr'><strong>ad</strong></span> <span class='ocrx_word' id='word_1_117' title='bbox 1034 1768 1126 1826; x_wconf 85' lang='lat' dir='ltr'><strong>vitem</strong></span> <span class='ocrx_word' id='word_1_118' title='bbox 1147 1767 1317 1842; x_wconf 66' lang='lat' dir='ltr'><strong>adporucn</strong></span> <span class='ocrx_word' id='word_1_119' title='bbox 1331 1758 1382 1843; x_wconf 78' lang='lat' dir='ltr'><strong>9,b</strong></span> 
     </span>
     <span class='ocr_line' id='line_1_15' title="bbox 256 1869 1381 1953; baseline 0 -19"><span class='ocrx_word' id='word_1_120' title='bbox 256 1877 300 1934; x_wconf 82' lang='lat' dir='ltr'><strong>aa</strong></span> <span class='ocrx_word' id='word_1_121' title='bbox 320 1876 466 1935; x_wconf 86' lang='lat' dir='ltr'><strong>serendos</strong></span> <span class='ocrx_word' id='word_1_122' title='bbox 489 1875 856 1950; x_wconf 83' lang='lat' dir='ltr'><strong>surculos-adpositus,</strong></span> <span class='ocrx_word' id='word_1_123' title='bbox 879 1869 969 1953; x_wconf 81' lang='lat'><strong>23,1</strong></span> <span class='ocrx_word' id='word_1_124' title='bbox 994 1875 1058 1934; x_wconf 90' lang='lat' dir='ltr'><strong>alia</strong></span> <span class='ocrx_word' id='word_1_125' title='bbox 1077 1876 1158 1935; x_wconf 70' lang='lat' dir='ltr'><strong>min</strong></span> <span class='ocrx_word' id='word_1_126' title='bbox 1177 1876 1248 1936; x_wconf 85' lang='lat' dir='ltr'><strong>loca</strong></span> <span class='ocrx_word' id='word_1_127' title='bbox 1267 1874 1381 1950; x_wconf 58' lang='lat' dir='ltr'><strong>amris</strong></span> 
     </span>
     <span class='ocr_line' id='line_1_16' title="bbox 254 1975 1385 2061; baseline 0.001 -21"><span class='ocrx_word' id='word_1_128' title='bbox 254 1988 326 2041; x_wconf 87' lang='lat' dir='ltr'><strong>sunt</strong></span> <span class='ocrx_word' id='word_1_129' title='bbox 356 1983 399 2040; x_wconf 89' lang='lat' dir='ltr'><strong>ad</strong></span> <span class='ocrx_word' id='word_1_130' title='bbox 422 1977 563 2055; x_wconf 83' lang='lat' dir='ltr'><strong>faenum,</strong></span> <span class='ocrx_word' id='word_1_131' title='bbox 595 1977 622 2039; x_wconf 95' lang='lat' dir='ltr'><strong>ll</strong></span> <span class='ocrx_word' id='word_1_132' title='bbox 644 1977 778 2059; x_wconf 82' lang='lat' dir='ltr'><strong>praeib</strong></span> <span class='ocrx_word' id='word_1_133' title='bbox 804 1982 848 2041; x_wconf 88' lang='lat' dir='ltr'><strong>ad</strong></span> <span class='ocrx_word' id='word_1_134' title='bbox 876 1982 910 2041; x_wconf 86' lang='lat' dir='ltr'><strong>id</strong></span> <span class='ocrx_word' id='word_1_135' title='bbox 932 1998 1028 2057; x_wconf 88' lang='lat' dir='ltr'><strong>pecus</strong></span> <span class='ocrx_word' id='word_1_136' title='bbox 1054 1983 1246 2058; x_wconf 74' lang='lat' dir='ltr'><strong>adpasrinnr,</strong></span> <span class='ocrx_word' id='word_1_137' title='bbox 1277 1976 1305 2061; x_wconf 81' lang='lat' dir='ltr'><strong>i,</strong></span> <span class='ocrx_word' id='word_1_138' title='bbox 1320 1975 1340 2041; x_wconf 80' lang='lat' dir='ltr'><strong>b</strong></span> <span class='ocrx_word' id='word_1_139' title='bbox 1355 1979 1385 2041; x_wconf 77' lang='lat' dir='ltr'><strong>tl</strong></span> 
     </span>
     <span class='ocr_line' id='line_1_17' title="bbox 258 2072 1384 2168; baseline 0 -20"><span class='ocrx_word' id='word_1_140' title='bbox 258 2089 437 2148; x_wconf 86' lang='lat' dir='ltr'><strong>medendum</strong></span> <span class='ocrx_word' id='word_1_141' title='bbox 456 2089 621 2165; x_wconf 86' lang='lat' dir='ltr'><strong>adpositus,</strong></span> <span class='ocrx_word' id='word_1_142' title='bbox 639 2082 759 2168; x_wconf 86' lang='lat'><strong>1118,3</strong></span> <span class='ocrx_word' id='word_1_143' title='bbox 779 2089 823 2147; x_wconf 87' lang='lat' dir='ltr'><strong>ad</strong></span> <span class='ocrx_word' id='word_1_144' title='bbox 838 2072 1043 2162; x_wconf 68' lang='lat' dir='ltr'><strong>sa’ainandum</strong></span> <span class='ocrx_word' id='word_1_145' title='bbox 1061 2089 1318 2164; x_wconf 62' lang='lat' dir='ltr'><strong>adpositissimam</strong></span> <span class='ocrx_word' id='word_1_146' title='bbox 1331 2093 1384 2148; x_wconf 76' lang='lat' dir='ltr'><strong>tart</strong></span> 
     </span>
     <span class='ocr_line' id='line_1_18' title="bbox 250 2190 1385 2273; baseline 0.002 -19"><span class='ocrx_word' id='word_1_147' title='bbox 250 2212 318 2271; x_wconf 83' lang='lat' dir='ltr'><strong>pus,</strong></span> <span class='ocrx_word' id='word_1_148' title='bbox 342 2190 372 2273; x_wconf 85' lang='lat'><strong>9,</strong></span> <span class='ocrx_word' id='word_1_149' title='bbox 395 2191 414 2254; x_wconf 89' lang='grc'><strong>9</strong></span> <span class='ocrx_word' id='word_1_150' title='bbox 441 2196 682 2270; x_wconf 76' lang='lat' dir='ltr'><strong>adpositissimae</strong></span> <span class='ocrx_word' id='word_1_151' title='bbox 705 2196 749 2254; x_wconf 90' lang='lat' dir='ltr'><strong>ad</strong></span> <span class='ocrx_word' id='word_1_152' title='bbox 766 2201 899 2271; x_wconf 86' lang='lat' dir='ltr'><strong>partum.</strong></span> <span class='ocrx_word' id='word_1_153' title='bbox 945 2201 1099 2273; x_wconf 88' lang='lat' dir='ltr'><strong>praeterea</strong></span> <span class='ocrx_word' id='word_1_154' title='bbox 1130 2194 1275 2256; x_wconf 74' lang='lat' dir='ltr'><strong>Vastatis</strong></span> <span class='ocrx_word' id='word_1_155' title='bbox 1301 2191 1385 2272; x_wconf 66' lang='lat' dir='ltr'><strong>serini</strong></span> 
     </span>
     <span class='ocr_line' id='line_1_19' title="bbox 260 2299 1125 2380; baseline 0.001 -20"><span class='ocrx_word' id='word_1_156' title='bbox 260 2319 313 2380; x_wconf 93' lang='lat' dir='ltr'><strong>pro</strong></span> <span class='ocrx_word' id='word_1_157' title='bbox 338 2319 374 2361; x_wconf 89' lang='lat' dir='ltr'><strong>eo</strong></span> <span class='ocrx_word' id='word_1_158' title='bbox 398 2299 478 2379; x_wconf 90' lang='lat' dir='ltr'><strong>quod</strong></span> <span class='ocrx_word' id='word_1_159' title='bbox 501 2299 596 2361; x_wconf 90' lang='lat' dir='ltr'><strong>adbuc</strong></span> <span class='ocrx_word' id='word_1_160' title='bbox 621 2302 650 2360; x_wconf 92' lang='lat' dir='ltr'><strong>in</strong></span> <span class='ocrx_word' id='word_1_161' title='bbox 675 2299 856 2361; x_wconf 78' lang='lat' dir='ltr'><strong>editionibus</strong></span> <span class='ocrx_word' id='word_1_162' title='bbox 879 2310 944 2361; x_wconf 90' lang='lat' dir='ltr'><strong>erat</strong></span> <span class='ocrx_word' id='word_1_163' title='bbox 966 2299 1125 2364; x_wconf 82' lang='lat' dir='ltr'><strong>Bascatlrts.</strong></span> 
     </span>
    </p>

    <p class='ocr_par' dir='ltr' id='par_1_5' title="bbox 257 2405 1387 2699">
     <span class='ocr_line' id='line_1_20' title="bbox 344 2405 1387 2486; baseline 0.004 -19"><span class='ocrx_word' id='word_1_164' title='bbox 344 2408 411 2469; x_wconf 81' lang='lat' dir='ltr'><strong>dut</strong></span> <span class='ocrx_word' id='word_1_165' title='bbox 443 2409 473 2468; x_wconf 89' lang='lat' dir='ltr'><strong>si</strong></span> <span class='ocrx_word' id='word_1_166' title='bbox 501 2409 538 2467; x_wconf 93' lang='lat' dir='ltr'><strong>in</strong></span> <span class='ocrx_word' id='word_1_167' title='bbox 567 2409 647 2467; x_wconf 89' lang='lat' dir='ltr'><strong>iure</strong></span> <span class='ocrx_word' id='word_1_168' title='bbox 680 2409 793 2468; x_wconf 82' lang='lat' dir='ltr'><strong>cessit</strong></span> <span class='ocrx_word' id='word_1_169' title='bbox 816 2409 875 2468; x_wconf 90' lang='lat' dir='ltr'><strong>cui</strong></span> <span class='ocrx_word' id='word_1_170' title='bbox 902 2409 1026 2486; x_wconf 87' lang='lat' dir='ltr'><strong>potius</strong></span> <span class='ocrx_word' id='word_1_171' title='bbox 1054 2405 1205 2486; x_wconf 87' lang='lat' dir='ltr'><strong>cedere]</strong></span> <span class='ocrx_word' id='word_1_172' title='bbox 1237 2407 1387 2486; x_wconf 54' lang='lat' dir='ltr'><strong>aripti</strong></span> 
     </span>
     <span class='ocr_line' id='line_1_21' title="bbox 257 2512 1386 2597; baseline 0.001 -21"><span class='ocrx_word' id='word_1_173' title='bbox 257 2517 368 2577; x_wconf 81' lang='lat' dir='ltr'><strong>cedere</strong></span> <span class='ocrx_word' id='word_1_174' title='bbox 391 2513 468 2575; x_wconf 87' lang='lat' dir='ltr'><strong>edita</strong></span> <span class='ocrx_word' id='word_1_175' title='bbox 492 2513 561 2575; x_wconf 91' lang='lat' dir='ltr'><strong>inde</strong></span> <span class='ocrx_word' id='word_1_176' title='bbox 585 2512 622 2575; x_wconf 89' lang='lat' dir='ltr'><strong>ab</strong></span> <span class='ocrx_word' id='word_1_177' title='bbox 642 2512 746 2574; x_wconf 77' lang='lat' dir='ltr'><strong>Aldina</strong></span> <span class='ocrx_word' id='word_1_178' title='bbox 771 2514 900 2576; x_wconf 89' lang='lat' dir='ltr'><strong>editione</strong></span> <span class='ocrx_word' id='word_1_179' title='bbox 919 2513 1108 2597; x_wconf 83' lang='lat' dir='ltr'><strong>exemplaria,</strong></span> <span class='ocrx_word' id='word_1_180' title='bbox 1125 2518 1183 2590; x_wconf 80' lang='lat' dir='ltr'><strong>qui</strong></span> <span class='ocrx_word' id='word_1_181' title='bbox 1200 2518 1284 2592; x_wconf 80' lang='lat' dir='ltr'><strong>potis</strong></span> <span class='ocrx_word' id='word_1_182' title='bbox 1299 2517 1386 2577; x_wconf 76' lang='lat' dir='ltr'><strong>cetri</strong></span> 
     </span>
     <span class='ocr_line' id='line_1_22' title="bbox 259 2619 1259 2699; baseline 0.002 -18"><span class='ocrx_word' id='word_1_183' title='bbox 259 2621 399 2699; x_wconf 82' lang='lat' dir='ltr'><strong>Scaliger.</strong></span> <span class='ocrx_word' id='word_1_184' title='bbox 444 2624 499 2695; x_wconf 80' lang='lat' dir='ltr'><strong>aui</strong></span> <span class='ocrx_word' id='word_1_185' title='bbox 516 2624 617 2698; x_wconf 87' lang='lat' dir='ltr'><strong>potuit</strong></span> <span class='ocrx_word' id='word_1_186' title='bbox 640 2624 751 2683; x_wconf 81' lang='lat' dir='ltr'><strong>cedere</strong></span> <span class='ocrx_word' id='word_1_187' title='bbox 773 2620 841 2682; x_wconf 89' lang='lat' dir='ltr'><strong>dedi</strong></span> <span class='ocrx_word' id='word_1_188' title='bbox 864 2640 901 2683; x_wconf 85' lang='lat' dir='ltr'><strong>ex</strong></span> <span class='ocrx_word' id='word_1_189' title='bbox 925 2623 1098 2683; x_wconf 84' lang='lat' dir='ltr'><strong>coniectura</strong></span> <span class='ocrx_word' id='word_1_190' title='bbox 1121 2619 1259 2683; x_wconf 84' lang='lat' dir='ltr'><strong>Gesncri.</strong></span> 
     </span>
    </p>

    <p class='ocr_par' dir='ltr' id='par_1_6' title="bbox 257 2724 1429 3875">
     <span class='ocr_line' id='line_1_23' title="bbox 345 2724 1387 2809; baseline -0.002 -22"><span class='ocrx_word' id='word_1_191' title='bbox 345 2724 366 2787; x_wconf 83' lang='lat'>5</span> <span class='ocrx_word' id='word_1_192' title='bbox 398 2726 436 2787; x_wconf 95' lang='lat' dir='ltr'><strong>ln</strong></span> <span class='ocrx_word' id='word_1_193' title='bbox 460 2726 586 2788; x_wconf 86' lang='lat' dir='ltr'><strong>borum</strong></span> <span class='ocrx_word' id='word_1_194' title='bbox 613 2730 794 2809; x_wconf 81' lang='lat' dir='ltr'><strong>emptione</strong></span> <span class='ocrx_word' id='word_1_195' title='bbox 818 2727 911 2790; x_wconf 89' lang='lat' dir='ltr'><strong>solet</strong></span> <span class='ocrx_word' id='word_1_196' title='bbox 939 2727 1114 2790; x_wconf 85' lang='lat' dir='ltr'><strong>accedere</strong></span> <span class='ocrx_word' id='word_1_197' title='bbox 1141 2727 1325 2807; x_wconf 88' lang='lat' dir='ltr'><strong>peculium</strong></span> <span class='ocrx_word' id='word_1_198' title='bbox 1343 2734 1387 2788; x_wconf 80' lang='lat' dir='ltr'><strong>art</strong></span> 
     </span>
     <span class='ocr_line' id='line_1_24' title="bbox 258 2833 1389 2913; baseline 0 -19"><span class='ocrx_word' id='word_1_199' title='bbox 258 2835 418 2912; x_wconf 86' lang='lat' dir='ltr'><strong>excipiet</strong></span> <span class='ocrx_word' id='word_1_200' title='bbox 450 2833 640 2913; x_wconf 84' lang='lat' dir='ltr'><strong>stipulatio</strong></span> <span class='ocrx_word' id='word_1_201' title='bbox 672 2834 904 2896; x_wconf 87' lang='lat' dir='ltr'><strong>intercedere</strong></span> <span class='ocrx_word' id='word_1_202' title='bbox 937 2852 1021 2896; x_wconf 90' lang='lat' dir='ltr'><strong>sane</strong></span> <span class='ocrx_word' id='word_1_203' title='bbox 1054 2852 1134 2896; x_wconf 88' lang='lat' dir='ltr'><strong>eum</strong></span> <span class='ocrx_word' id='word_1_204' title='bbox 1166 2833 1265 2913; x_wconf 84' lang='lat' dir='ltr'><strong>esso]</strong></span> <span class='ocrx_word' id='word_1_205' title='bbox 1293 2834 1389 2896; x_wconf 76' lang='lat' dir='ltr'><strong>Antii</strong></span> 
     </span>
     <span class='ocr_line' id='line_1_25' title="bbox 257 2939 1390 3021; baseline -0.002 -19"><span class='ocrx_word' id='word_1_206' title='bbox 257 2943 391 3019; x_wconf 76' lang='lat' dir='ltr'><strong>excipiet</strong></span> <span class='ocrx_word' id='word_1_207' title='bbox 417 2943 571 3017; x_wconf 81' lang='lat' dir='ltr'><strong>stipulatio</strong></span> <span class='ocrx_word' id='word_1_208' title='bbox 600 2943 807 3021; x_wconf 80' lang='lat' dir='ltr'><strong>intercedere,</strong></span> <span class='ocrx_word' id='word_1_209' title='bbox 834 2958 942 3003; x_wconf 84' lang='lat' dir='ltr'><strong>sanum</strong></span> <span class='ocrx_word' id='word_1_210' title='bbox 970 2959 1038 3004; x_wconf 88' lang='lat' dir='ltr'><strong>eum</strong></span> <span class='ocrx_word' id='word_1_211' title='bbox 1061 2959 1127 3004; x_wconf 83' lang='lat' dir='ltr'><strong>esse</strong></span> <span class='ocrx_word' id='word_1_212' title='bbox 1148 2939 1280 3017; x_wconf 86' lang='lat' dir='ltr'><strong>ldcrula,</strong></span> <span class='ocrx_word' id='word_1_213' title='bbox 1307 2941 1390 3003; x_wconf 76' lang='lat' dir='ltr'><strong>antri</strong></span> 
     </span>
     <span class='ocr_line' id='line_1_26' title="bbox 257 3045 1390 3130; baseline -0.001 -21"><span class='ocrx_word' id='word_1_214' title='bbox 257 3051 363 3125; x_wconf 81' lang='lat' dir='ltr'><strong>excipi</strong></span> <span class='ocrx_word' id='word_1_215' title='bbox 384 3056 414 3109; x_wconf 89' lang='lat' dir='ltr'><strong>et</strong></span> <span class='ocrx_word' id='word_1_216' title='bbox 440 3050 610 3124; x_wconf 79' lang='lat' dir='ltr'><strong>stipulatio,</strong></span> <span class='ocrx_word' id='word_1_217' title='bbox 639 3051 831 3110; x_wconf 87' lang='lat' dir='ltr'><strong>intercedere</strong></span> <span class='ocrx_word' id='word_1_218' title='bbox 852 3066 961 3111; x_wconf 88' lang='lat' dir='ltr'><strong>sanum</strong></span> <span class='ocrx_word' id='word_1_219' title='bbox 984 3066 1052 3111; x_wconf 80' lang='lat' dir='ltr'><strong>euin</strong></span> <span class='ocrx_word' id='word_1_220' title='bbox 1080 3067 1147 3110; x_wconf 90' lang='lat' dir='ltr'><strong>esse</strong></span> <span class='ocrx_word' id='word_1_221' title='bbox 1169 3048 1334 3130; x_wconf 86' lang='lat' dir='ltr'><strong>iucundus,</strong></span> <span class='ocrx_word' id='word_1_222' title='bbox 1351 3045 1390 3108; x_wconf 78' lang='lat' dir='ltr'><strong>ali</strong></span> 
     </span>
     <span class='ocr_line' id='line_1_27' title="bbox 257 3155 1390 3237; baseline -0.002 -21"><span class='ocrx_word' id='word_1_223' title='bbox 257 3163 313 3216; x_wconf 90' lang='lat' dir='ltr'><strong>aut</strong></span> <span class='ocrx_word' id='word_1_224' title='bbox 340 3158 369 3216; x_wconf 86' lang='lat' dir='ltr'><strong>si</strong></span> <span class='ocrx_word' id='word_1_225' title='bbox 398 3157 530 3231; x_wconf 82' lang='lat' dir='ltr'><strong>excipiet</strong></span> <span class='ocrx_word' id='word_1_226' title='bbox 559 3159 714 3233; x_wconf 80' lang='lat' dir='ltr'><strong>stipulatio</strong></span> <span class='ocrx_word' id='word_1_227' title='bbox 744 3155 893 3217; x_wconf 87' lang='lat' dir='ltr'><strong>Victorius</strong></span> <span class='ocrx_word' id='word_1_228' title='bbox 921 3155 1011 3217; x_wconf 82' lang='lat' dir='ltr'><strong>dedit</strong></span> <span class='ocrx_word' id='word_1_229' title='bbox 1056 3165 1196 3217; x_wconf 85' lang='lat' dir='ltr'><strong>correcta</strong></span> <span class='ocrx_word' id='word_1_230' title='bbox 1225 3174 1316 3237; x_wconf 79' lang='lat' dir='ltr'><strong>praru</strong></span> <span class='ocrx_word' id='word_1_231' title='bbox 1340 3170 1390 3215; x_wconf 86' lang='lat' dir='ltr'><strong>rcr-</strong></span> 
     </span>
     <span class='ocr_line' id='line_1_28' title="bbox 258 3260 1391 3342; baseline 0.004 -22"><span class='ocrx_word' id='word_1_232' title='bbox 258 3260 364 3322; x_wconf 88' lang='lat' dir='ltr'><strong>borum</strong></span> <span class='ocrx_word' id='word_1_233' title='bbox 388 3261 579 3322; x_wconf 91' lang='lat' dir='ltr'><strong>distinctione</strong></span> <span class='ocrx_word' id='word_1_234' title='bbox 604 3265 784 3341; x_wconf 88' lang='lat' dir='ltr'><strong>scripturam</strong></span> <span class='ocrx_word' id='word_1_235' title='bbox 807 3262 961 3342; x_wconf 79' lang='lat' dir='ltr'><strong>archetypi</strong></span> <span class='ocrx_word' id='word_1_236' title='bbox 984 3269 1039 3324; x_wconf 87' lang='lat' dir='ltr'><strong>aut</strong></span> <span class='ocrx_word' id='word_1_237' title='bbox 1066 3265 1175 3339; x_wconf 69' lang='lat' dir='ltr'><strong>esopi</strong></span> <span class='ocrx_word' id='word_1_238' title='bbox 1200 3268 1232 3324; x_wconf 82' lang='lat' dir='ltr'><strong>et</strong></span> <span class='ocrx_word' id='word_1_239' title='bbox 1257 3263 1391 3341; x_wconf 56' lang='lat' dir='ltr'><strong>amiati</strong></span> 
     </span>
     <span class='ocr_line' id='line_1_29' title="bbox 258 3366 1392 3455; baseline 0.004 -27"><span class='ocrx_word' id='word_1_240' title='bbox 258 3371 452 3429; x_wconf 86' lang='lat' dir='ltr'><strong>intercedere</strong></span> <span class='ocrx_word' id='word_1_241' title='bbox 470 3367 618 3429; x_wconf 75' lang='lat' dir='ltr'><strong>Arnaldns</strong></span> <span class='ocrx_word' id='word_1_242' title='bbox 638 3387 695 3429; x_wconf 84' lang='lat' dir='ltr'><strong>var.</strong></span> <span class='ocrx_word' id='word_1_243' title='bbox 715 3372 840 3431; x_wconf 88' lang='lat' dir='ltr'><strong>coniect.</strong></span> <span class='ocrx_word' id='word_1_244' title='bbox 863 3388 891 3448; x_wconf 93' lang='lat' dir='ltr'><strong>p.</strong></span> <span class='ocrx_word' id='word_1_245' title='bbox 910 3366 977 3431; x_wconf 81' lang='lat'><strong>320</strong></span> <span class='ocrx_word' id='word_1_246' title='bbox 996 3369 1137 3431; x_wconf 78' lang='lat' dir='ltr'><strong>restituit.</strong></span> <span class='ocrx_word' id='word_1_247' title='bbox 1164 3369 1287 3455; x_wconf 12' lang='lat' dir='ltr'><strong>‘nunde</strong></span> <span class='ocrx_word' id='word_1_248' title='bbox 1303 3382 1392 3433; x_wconf 66' lang='lat' dir='ltr'><strong>sca·</strong></span> 
     </span>
     <span class='ocr_line' id='line_1_30' title="bbox 258 3476 1392 3554; baseline 0.004 -19"><span class='ocrx_word' id='word_1_249' title='bbox 258 3493 322 3535; x_wconf 90' lang='lat' dir='ltr'><strong>esse</strong></span> <span class='ocrx_word' id='word_1_250' title='bbox 351 3476 471 3554; x_wconf 81' lang='lat' dir='ltr'><strong>scripsi,</strong></span> <span class='ocrx_word' id='word_1_251' title='bbox 501 3483 557 3536; x_wconf 91' lang='lat' dir='ltr'><strong>aut</strong></span> <span class='ocrx_word' id='word_1_252' title='bbox 583 3479 688 3552; x_wconf 62' lang='lat' dir='ltr'><strong>enaim</strong></span> <span class='ocrx_word' id='word_1_253' title='bbox 717 3484 746 3537; x_wconf 92' lang='lat' dir='ltr'><strong>et</strong></span> <span class='ocrx_word' id='word_1_254' title='bbox 775 3480 931 3554; x_wconf 83' lang='lat' dir='ltr'><strong>stipulatio</strong></span> <span class='ocrx_word' id='word_1_255' title='bbox 962 3479 1170 3552; x_wconf 77' lang='lat' dir='ltr'><strong>intercedere,</strong></span> <span class='ocrx_word' id='word_1_256' title='bbox 1197 3494 1309 3539; x_wconf 71' lang='lat' dir='ltr'><strong>wiern</strong></span> <span class='ocrx_word' id='word_1_257' title='bbox 1335 3491 1392 3538; x_wconf 69' lang='lat' dir='ltr'><strong>estc</strong></span> 
     </span>
     <span class='ocr_line' id='line_1_31' title="bbox 259 3579 1429 3664; baseline 0.006 -25"><span class='ocrx_word' id='word_1_258' title='bbox 259 3579 392 3659; x_wconf 85' lang='lat' dir='ltr'><strong>exempla</strong></span> <span class='ocrx_word' id='word_1_259' title='bbox 430 3581 654 3660; x_wconf 87' lang='lat' dir='ltr'><strong>stipulationum</strong></span> <span class='ocrx_word' id='word_1_260' title='bbox 696 3585 725 3643; x_wconf 96' lang='lat' dir='ltr'><strong>in</strong></span> <span class='ocrx_word' id='word_1_261' title='bbox 769 3583 939 3645; x_wconf 82' lang='lat' dir='ltr'><strong>venditione</strong></span> <span class='ocrx_word' id='word_1_262' title='bbox 978 3584 1201 3663; x_wconf 83' lang='lat' dir='ltr'><strong>mancipiorum</strong></span> <span class='ocrx_word' id='word_1_263' title='bbox 1243 3582 1395 3664; x_wconf 48' lang='lat' dir='ltr'><strong>comma&amp;</strong></span> <span class='ocrx_word' id='word_1_264' title='bbox 1426 3618 1429 3623; x_wconf 95' lang='lat'>·</span> 
     </span>
     <span class='ocr_line' id='line_1_32' title="bbox 257 3685 1394 3770; baseline 0.004 -25"><span class='ocrx_word' id='word_1_265' title='bbox 257 3685 410 3767; x_wconf 86' lang='lat' dir='ltr'><strong>Hortalus,</strong></span> <span class='ocrx_word' id='word_1_266' title='bbox 439 3686 524 3748; x_wconf 88' lang='lat' dir='ltr'><strong>Gellii</strong></span> <span class='ocrx_word' id='word_1_267' title='bbox 548 3707 623 3766; x_wconf 90' lang='lat' dir='ltr'><strong>quae</strong></span> <span class='ocrx_word' id='word_1_268' title='bbox 647 3688 681 3748; x_wconf 94' lang='lat' dir='ltr'><strong>ad</strong></span> <span class='ocrx_word' id='word_1_269' title='bbox 706 3691 753 3750; x_wconf 91' lang='lat' dir='ltr'><strong>ius</strong></span> <span class='ocrx_word' id='word_1_270' title='bbox 782 3692 934 3769; x_wconf 84' lang='lat' dir='ltr'><strong>pertinent</strong></span> <span class='ocrx_word' id='word_1_271' title='bbox 962 3691 1057 3769; x_wconf 82' lang='lat' dir='ltr'><strong>capita</strong></span> <span class='ocrx_word' id='word_1_272' title='bbox 1085 3698 1232 3770; x_wconf 75' lang='lat' dir='ltr'><strong>quattum</strong></span> <span class='ocrx_word' id='word_1_273' title='bbox 1261 3690 1321 3755; x_wconf 89' lang='lat' dir='ltr'><strong>ind.</strong></span> <span class='ocrx_word' id='word_1_274' title='bbox 1339 3689 1394 3750; x_wconf 83' lang='lat' dir='ltr'><strong>lact.</strong></span> 
     </span>
     <span class='ocr_line' id='line_1_33' title="bbox 261 3791 779 3875; baseline 0.015 -25"><span class='ocrx_word' id='word_1_275' title='bbox 261 3791 413 3854; x_wconf 88' lang='lat' dir='ltr'><strong>Vratislav.</strong></span> <span class='ocrx_word' id='word_1_276' title='bbox 436 3793 495 3855; x_wconf 93' lang='lat' dir='ltr'><strong>bib.</strong></span> <span class='ocrx_word' id='word_1_277' title='bbox 520 3814 544 3856; x_wconf 90' lang='lat' dir='ltr'><strong>a.</strong></span> <span class='ocrx_word' id='word_1_278' title='bbox 571 3792 655 3857; x_wconf 88' lang='grc'>1868</span> <span class='ocrx_word' id='word_1_279' title='bbox 680 3815 707 3875; x_wconf 84' lang='grc' dir='ltr'><strong>ρ.</strong></span> <span class='ocrx_word' id='word_1_280' title='bbox 730 3793 779 3858; x_wconf 85' lang='grc'><strong>14.</strong></span> 
     </span>
    </p>

    <p class='ocr_par' dir='ltr' id='par_1_7' title="bbox 257 3901 1408 4521">
     <span class='ocr_line' id='line_1_34' title="bbox 347 3901 1398 3984; baseline -0.002 -22"><span class='ocrx_word' id='word_1_281' title='bbox 347 3902 458 3963; x_wconf 88' lang='lat' dir='ltr'><strong>Cibus</strong></span> <span class='ocrx_word' id='word_1_282' title='bbox 483 3921 603 3962; x_wconf 85' lang='lat' dir='ltr'><strong>eorum</strong></span> <span class='ocrx_word' id='word_1_283' title='bbox 628 3901 734 3962; x_wconf 91' lang='lat' dir='ltr'><strong>debet</strong></span> <span class='ocrx_word' id='word_1_284' title='bbox 757 3921 838 3964; x_wconf 90' lang='lat' dir='ltr'><strong>esse</strong></span> <span class='ocrx_word' id='word_1_285' title='bbox 866 3903 1049 3965; x_wconf 90' lang='lat' dir='ltr'><strong>interdius</strong></span> <span class='ocrx_word' id='word_1_286' title='bbox 1076 3906 1282 3984; x_wconf 81' lang='lat' dir='ltr'><strong>separatim</strong></span> <span class='ocrx_word' id='word_1_287' title='bbox 1303 3905 1398 3966; x_wconf 82' lang='lat' dir='ltr'><strong>unios</strong></span> 
     </span>
     <span class='ocr_line' id='line_1_35' title="bbox 257 4011 1399 4092; baseline -0.002 -22"><span class='ocrx_word' id='word_1_288' title='bbox 257 4012 435 4089; x_wconf 87' lang='lat' dir='ltr'><strong>cuiusque</strong></span> <span class='ocrx_word' id='word_1_289' title='bbox 469 4012 591 4087; x_wconf 81' lang='lat' dir='ltr'><strong>gisnes</strong></span> <span class='ocrx_word' id='word_1_290' title='bbox 618 4011 739 4089; x_wconf 82' lang='lat' dir='ltr'><strong>gregis</strong></span> <span class='ocrx_word' id='word_1_291' title='bbox 775 4013 1011 4091; x_wconf 88' lang='lat' dir='ltr'><strong>uespertinus</strong></span> <span class='ocrx_word' id='word_1_292' title='bbox 1042 4011 1078 4070; x_wconf 91' lang='lat' dir='ltr'><strong>in</strong></span> <span class='ocrx_word' id='word_1_293' title='bbox 1111 4027 1204 4073; x_wconf 90' lang='lat' dir='ltr'><strong>cena</strong></span> <span class='ocrx_word' id='word_1_294' title='bbox 1235 4014 1399 4092; x_wconf 74' lang='lat' dir='ltr'><strong>quisunt</strong></span> 
     </span>
     <span class='ocr_line' id='line_1_36' title="bbox 258 4116 1400 4195; baseline 0.001 -18"><span class='ocrx_word' id='word_1_295' title='bbox 258 4116 323 4177; x_wconf 87' lang='lat' dir='ltr'><strong>sub</strong></span> <span class='ocrx_word' id='word_1_296' title='bbox 357 4134 425 4176; x_wconf 90' lang='lat' dir='ltr'><strong>uno</strong></span> <span class='ocrx_word' id='word_1_297' title='bbox 459 4117 632 4194; x_wconf 83' lang='lat' dir='ltr'><strong>magistro</strong></span> <span class='ocrx_word' id='word_1_298' title='bbox 665 4116 883 4195; x_wconf 88' lang='lat' dir='ltr'><strong>communis]</strong></span> <span class='ocrx_word' id='word_1_299' title='bbox 911 4118 1001 4179; x_wconf 80' lang='lat' dir='ltr'><strong>Cibus</strong></span> <span class='ocrx_word' id='word_1_300' title='bbox 1028 4133 1135 4179; x_wconf 69' lang='lat' dir='ltr'><strong>aarum</strong></span> <span class='ocrx_word' id='word_1_301' title='bbox 1162 4120 1259 4182; x_wconf 76' lang='lat' dir='ltr'><strong>debet</strong></span> <span class='ocrx_word' id='word_1_302' title='bbox 1284 4136 1345 4182; x_wconf 80' lang='lat' dir='ltr'><strong>esre</strong></span> <span class='ocrx_word' id='word_1_303' title='bbox 1363 4120 1400 4178; x_wconf 71' lang='lat' dir='ltr'><strong>ir</strong></span> 
     </span>
     <span class='ocr_line' id='line_1_37' title="bbox 258 4225 1402 4301; baseline 0.005 -19"><span class='ocrx_word' id='word_1_304' title='bbox 258 4225 361 4284; x_wconf 77' lang='lat' dir='ltr'><strong>teretia</strong></span> <span class='ocrx_word' id='word_1_305' title='bbox 389 4227 555 4298; x_wconf 88' lang='lat' dir='ltr'><strong>separatim</strong></span> <span class='ocrx_word' id='word_1_306' title='bbox 582 4227 674 4284; x_wconf 89' lang='lat' dir='ltr'><strong>unius</strong></span> <span class='ocrx_word' id='word_1_307' title='bbox 702 4227 849 4300; x_wconf 83' lang='lat' dir='ltr'><strong>cuiusque</strong></span> <span class='ocrx_word' id='word_1_308' title='bbox 873 4227 987 4300; x_wconf 66' lang='lat' dir='ltr'><strong>crepis.</strong></span> <span class='ocrx_word' id='word_1_309' title='bbox 1033 4227 1233 4301; x_wconf 59' lang='lat' dir='ltr'><strong>remum</strong></span> <span class='ocrx_word' id='word_1_310' title='bbox 1260 4229 1295 4288; x_wconf 82' lang='lat' dir='ltr'><strong>in</strong></span> <span class='ocrx_word' id='word_1_311' title='bbox 1318 4241 1402 4287; x_wconf 72' lang='lat' dir='ltr'><strong>com</strong></span> 
     </span>
     <span class='ocr_line' id='line_1_38' title="bbox 259 4328 1405 4411; baseline 0.009 -24"><span class='ocrx_word' id='word_1_312' title='bbox 259 4331 313 4402; x_wconf 80' lang='lat' dir='ltr'><strong>aui</strong></span> <span class='ocrx_word' id='word_1_313' title='bbox 334 4331 372 4387; x_wconf 85' lang='lat' dir='ltr'><strong>sit</strong></span> <span class='ocrx_word' id='word_1_314' title='bbox 394 4331 450 4389; x_wconf 89' lang='lat' dir='ltr'><strong>sub</strong></span> <span class='ocrx_word' id='word_1_315' title='bbox 480 4348 539 4390; x_wconf 74' lang='lat' dir='ltr'><strong>arno</strong></span> <span class='ocrx_word' id='word_1_316' title='bbox 567 4334 714 4406; x_wconf 64' lang='lat' dir='ltr'><strong>manistro</strong></span> <span class='ocrx_word' id='word_1_317' title='bbox 741 4332 908 4393; x_wconf 71' lang='lat' dir='ltr'><strong>communis</strong></span> <span class='ocrx_word' id='word_1_318' title='bbox 935 4329 1062 4411; x_wconf 85' lang='lat' dir='ltr'><strong>Merula,</strong></span> <span class='ocrx_word' id='word_1_319' title='bbox 1087 4328 1144 4393; x_wconf 88' lang='lat' dir='ltr'><strong>ubi</strong></span> <span class='ocrx_word' id='word_1_320' title='bbox 1168 4331 1337 4396; x_wconf 79' lang='lat' dir='ltr'><strong>Politianua</strong></span> <span class='ocrx_word' id='word_1_321' title='bbox 1359 4332 1405 4410; x_wconf 68' lang='lat' dir='ltr'><strong>oti</strong></span> 
     </span>
     <span class='ocr_line' id='line_1_39' title="bbox 257 4437 1408 4521; baseline 0.005 -27"><span class='ocrx_word' id='word_1_322' title='bbox 257 4437 296 4495; x_wconf 84' lang='lat' dir='ltr'><strong>sit</strong></span> <span class='ocrx_word' id='word_1_323' title='bbox 320 4453 378 4495; x_wconf 91' lang='lat' dir='ltr'><strong>non</strong></span> <span class='ocrx_word' id='word_1_324' title='bbox 402 4439 539 4517; x_wconf 86' lang='lat' dir='ltr'><strong>mutavit,</strong></span> <span class='ocrx_word' id='word_1_325' title='bbox 562 4440 727 4498; x_wconf 85' lang='lat' dir='ltr'><strong>communis</strong></span> <span class='ocrx_word' id='word_1_326' title='bbox 755 4446 854 4499; x_wconf 89' lang='lat' dir='ltr'><strong>autem</strong></span> <span class='ocrx_word' id='word_1_327' title='bbox 882 4437 1126 4518; x_wconf 83' lang='lat' dir='ltr'><strong>superscriptae</strong></span> <span class='ocrx_word' id='word_1_328' title='bbox 1156 4437 1264 4504; x_wconf 78' lang='lat' dir='ltr'><strong>littera</strong></span> <span class='ocrx_word' id='word_1_329' title='bbox 1289 4440 1408 4521; x_wconf 64' lang='lat' dir='ltr'><strong>mori</strong></span> 
     </span>
    </p>
   </div>
   <div class='ocr_carea' id='block_1_3' title="bbox 0 0 1451 4994">
    <p class='ocr_par' dir='ltr' id='par_1_8' title="bbox 0 0 1451 4994">
     <span class='ocr_line' id='line_1_40' title="bbox 0 0 1451 4994; baseline 0 0"><span class='ocrx_word' id='word_1_330' title='bbox 0 0 1451 4994; x_wconf 95' lang='lat' dir='ltr'><strong> </strong></span> 
     </span>
    </p>
   </div>
  </div>
 </body>
</html>
