2874 4994
360 293 492 394 nntium
513 337 756 394 nvsmotnvu
774 339 841 394 LlB.
860 339 900 393 Ill
920 337 938 392 2
1154 331 1221 396 229

120 494 130 552 i
152 491 195 553 ibi
219 493 281 554 nati
303 501 399 574 eraut,
417 491 504 554 Seius
528 511 564 554 ex
588 511 641 555 sua
660 493 727 553 villa
746 491 912 554 macellario
932 492 1034 554 vendit
1052 511 1141 573 apros
1161 512 1220 554 non

120 608 163 659 tos
186 597 307 680 ibidem,
329 597 383 659 sed
405 600 437 661 lu
460 597 607 678 leporario
631 598 754 660 habitos.

168 702 211 767 12
242 704 354 766 Posse
381 705 421 766 ad
450 714 483 767 te
512 704 615 784 lieri]
645 709 696 768 Ad
721 713 751 768 te
777 707 874 767 omnia
903 705 1071 786 apographa
1099 714 1130 766 et
1151 713 1219 767 ante

120 813 241 873 utorium
264 810 413 894 Angelius,
437 815 522 890 opud
543 821 573 875 te
595 815 626 873 in
654 815 788 892 principe
817 812 947 875 editione
970 812 1133 874 Politianus
1157 830 1218 874 non

120 919 216 979 rexit.

165 1020 209 1085 13
245 1021 318 1084 lluo
350 1026 443 1086 enim
479 1044 610 1105 genera
648 1044 726 1088 cum
763 1027 838 1086 sint
874 1028 1078 1104 pastionum
1112 1042 1218 1086 unum

120 1138 218 1191 reste
241 1131 276 1190 in
296 1148 365 1210 quo
384 1132 578 1209 pecuariae
597 1141 680 1194 sunt
698 1131 851 1193 alterum
871 1131 1075 1193 uillaticum
1093 1133 1128 1192 in
1148 1149 1218 1211 qno

120 1243 161 1296 nt
179 1235 337 1315 gallinae
355 1254 395 1298 ac
414 1237 598 1299 columbae
618 1247 653 1299 et
671 1257 755 1318 apes
774 1246 809 1299 et
827 1248 948 1301 cetera
968 1256 1056 1318 quae
1076 1239 1110 1299 in
1129 1236 1219 1299 uilla

126 1351 194 1404 ent
216 1344 316 1422 pasci
338 1342 379 1412 de
404 1343 535 1423 quibus
558 1353 593 1406 et
619 1363 758 1424 poenus
786 1363 884 1424 mago
912 1355 947 1406 et
975 1346 1116 1406 cassius
1142 1344 1219 1405 dio·

120 1450 201 1510 sius
225 1458 259 1511 ot
282 1447 345 1509 alii
368 1447 460 1528 quod
485 1452 678 1529 separatim
702 1469 740 1512 ao
763 1451 957 1530 dispersim
976 1452 1011 1512 in
1033 1449 1139 1512 libris
1162 1469 1217 1511 re·

120 1564 265 1634 ¹uerunt
284 1573 372 1635 quas
391 1558 492 1617 seius
510 1556 644 1635 legisse
662 1556 830 1635 uidetur]
850 1559 919 1619 Duo
935 1576 1054 1633 periero
1068 1566 1099 1619 et
1112 1557 1218 1619 deinde

120 1681 148 1724 >s
173 1663 262 1724 Seius
285 1661 376 1722 editio
398 1663 553 1742 princeps:
580 1681 657 1739 quos
678 1662 842 1740 Politianus
871 1682 907 1724 ex
931 1662 1034 1725 codice
1061 1661 1218 1725 adnotavit

120 1787 133 1830 r
152 1771 233 1830 enim
249 1778 450 1844 peneracum
466 1771 584 1830 sint-
599 1773 656 1830 olii
671 1773 748 1846 quid
759 1773 927 1847 separatim
945 1788 984 1832 oc
1003 1773 1162 1848 dispersim
1186 1774 1217 1832 in

120 1878 162 1937 ris
181 1878 381 1951 reliquerunt,
399 1892 474 1950 quos
492 1875 581 1936 Seius
599 1878 708 1951 leprose
726 1878 848 1937 videtur
871 1875 949 1937 edita
967 1875 1036 1938 inde
1059 1875 1096 1937 ab
1114 1875 1217 1937 Aldina

120 1984 203 2043 tione
228 1980 414 2060 exemplaria.
460 1980 496 2041 de
526 1989 679 2042 structura
701 1981 860 2043 verborum
889 1982 1041 2044 Gesnerus
1069 1982 1219 2044 adnotavit

120 2109 158 2170 ec,
183 2083 327 2169 ‘protasis
350 2089 522 2149 continetur
544 2087 615 2148 solis
638 2087 737 2149 verbis
761 2091 821 2150 duo
839 2091 918 2151 enim
934 2107 1053 2165 genera
1072 2107 1141 2150 oum
1158 2093 1219 2151 sini

120 2199 254 2269 itionum,
277 2193 393 2274 reliqua
411 2196 509 2255 omnia
528 2195 680 2273 pertinent
698 2193 734 2254 ad
754 2190 927 2275 apodosin'3
945 2197 1004 2256 icoc
1027 2189 1131 2276 (immo
1149 2189 1218 2277 hos)

120 2305 161 2364 its
185 2299 277 2362 scribi
301 2299 394 2361 voluit
416 2300 558 2382 Ursinus,
587 2303 647 2362 duo
668 2319 786 2376 persero
808 2309 879 2362 sunt
898 2304 1072 2378 pastionum
1095 2299 1218 2361 Schnei-

120 2427 172 2470 us.
209 2411 266 2469 eiii
291 2408 442 2482 quaedam
470 2414 502 2466 et
529 2405 636 2467 deinde
663 2424 743 2483 quoe
765 2407 854 2468 Seius
876 2409 992 2486 scripsi.
1030 2425 1097 2468 nam
1125 2409 1216 2468 inter·

120 2533 162 2576 ssa
184 2524 253 2595 post
280 2512 432 2574 relativam
463 2514 640 2574 sententiam
668 2516 706 2574 de
732 2515 843 2589 quibus
864 2545 902 2557 -
923 2516 1116 2590 reliquerunt
1138 2532 1216 2574 oom-

120 2624 181 2683 titio
210 2618 368 2681 verborum
397 2618 601 2699 neglegentiae
628 2637 645 2680 a
672 2617 814 2680 Varronis
842 2637 979 2682 sermone
1012 2638 1071 2682 non
1103 2619 1216 2682 alienae

120 2731 166 2789 oui
184 2730 305 2808 poterit,
324 2729 384 2787 duo
402 2728 483 2786 erint
494 2744 612 2801 genero
631 2744 700 2788 eum
718 2730 780 2788 sint
793 2731 967 2805 pastionum
981 2760 1033 2802 -·,
1052 2729 1090 2790 de
1108 2729 1217 2803 guidus

122 2836 244 2896 Poenus
267 2834 361 2909 Mago
392 2840 421 2893 et
447 2833 569 2894 Cassius
593 2835 758 2911 Dionysius
785 2840 816 2895 et
837 2837 895 2895 olii
914 2836 1065 2910 quaedam
1083 2867 1127 2877 -
1145 2837 1215 2896 reii-

120 2949 213 3016 suot,
236 2958 316 3016 quoe
334 2940 423 3001 Seius
437 2943 545 3016 legisse
558 2942 679 3003 videtur
701 2947 732 3002 et
754 2943 822 3002 ideo
846 2959 885 3002 es
906 2944 943 3001 iis
962 2942 1154 3017 pastionibus
1175 2973 1213 2985 -

120 3056 194 3109 {cius
219 3064 340 3124 capere.
384 3031 439 3106 alia
462 3048 528 3107 eius
551 3044 753 3107 anacoluthiae
778 3045 909 3125 exempla
934 3048 1088 3125 composui
1110 3044 1123 3104 1
1144 3043 1171 3125 1,
1187 3044 1216 3106 2.

162 3150 205 3214 14
234 3155 410 3232 Aprorum
439 3162 582 3214 ceterae
608 3150 840 3228 uenationes]
866 3154 1018 3228 Aprorum
1041 3159 1071 3212 et
1093 3158 1216 3212 ceterae

120 3262 241 3322 tationis
259 3258 420 3320 iucundus.
458 3276 605 3335 aprorum
623 3263 653 3319 et
671 3264 775 3318 cetero
794 3260 963 3318 uenationis
981 3257 1073 3317 editio
1092 3255 1215 3318 Victorii
1333 3254 1336 3262 '

120 3366 228 3429 nilesto
252 3365 374 3425 editoris
398 3382 511 3444 errore,
534 3366 585 3442 qui
610 3374 709 3424 tamen
732 3361 840 3423 deinde
863 3364 893 3424 in
918 3362 1047 3443 reliquas
1068 3362 1214 3424 editiones

120 3481 251 3554 ‚pagatus
279 3480 351 3533 erat.
393 3475 513 3532 venatio
541 3469 651 3531 dicitur
678 3487 766 3531 omne
798 3487 892 3548 genus
924 3470 1107 3550 animalium,
1138 3488 1214 3548 quae

120 3589 173 3661 pto
188 3577 391 3658 includuntur,
411 3575 451 3637 lll
468 3573 518 3657 12,
532 3573 553 3638 2
566 3586 703 3654 saeptum
716 3578 892 3649 venationis,
908 3575 1020 3637 Colum.
1034 3574 1075 3637 lll
1088 3578 1180 3656 prael.
1196 3574 1211 3636 l

120 3705 177 3748 usa
200 3688 327 3746 uenatio.
375 3697 379 3711 ’

160 3791 208 3852 Er
233 3790 365 3872 quibus
394 3790 503 3852 rebus
526 3788 644 3851 scriba
672 3788 907 3850 librarius-
929 3787 1009 3867 plus
1039 3790 1212 3868 quinqua·

120 3918 161 3960 na
185 3898 283 3960 milia
311 3915 328 3958 e
353 3897 438 3958 uilla
469 3915 597 3977 capere
630 3895 793 3974 dicebat]
823 3895 853 3956 Ε
879 3898 950 3956 oilie
978 3912 1014 3954 ex
1042 3895 1213 3956 coniectura

120 4008 172 4068 sini
196 4004 348 4066 Gesnerus
371 4013 401 4065 et
425 4003 627 4065 Schneiderus
645 4001 841 4065 incluserunt
878 4003 1042 4080 geminatae
1061 4002 1214 4080 praeposi-

120 4115 161 4174 nis
185 4109 319 4191 exempla
343 4109 411 4171 dedi
433 4109 570 4190 liprael.
588 4106 619 4173 5.

161 4216 203 4282 15
235 4221 348 4296 Atque
377 4220 412 4278 in
435 4216 498 4278 lrac
525 4214 614 4278 uilla
642 4218 702 4295 qui
725 4225 780 4276 est
802 4212 995 4290 ornithon]
1023 4217 1118 4290 Atqui
1143 4231 1212 4275 con-

120 4330 141 4388 it
164 4326 302 4386 Ursinus.
339 4322 479 4384 Varronis
498 4339 666 4385 sermonem
685 4331 753 4401 post
769 4319 1038 4402 interpellationem
1058 4320 1123 4381 lxii
1142 4337 1213 4382 con·

120 4436 183 4496 nari
206 4433 356 4494 adnotavit
378 4429 538 4492 Gesnerus.
