2874 4994
241 332 302 396 178
580 341 769 397 COMMENT.
788 343 829 397 IN
847 343 1036 399 VARRONIS

238 494 363 556 dicunt
400 495 438 556 ad
477 498 643 557 uictimas
681 496 838 575 iaciunt]
874 500 1024 560 Fereiunt
1058 496 1219 560 iucundus.
1255 497 1345 575 [mnu
1412 544 1432 586 p

238 601 438 664 Schneiderus
461 606 607 685 restituit3
637 603 714 664 idem
738 607 988 684 praepositionem
1017 608 1062 666 ad
1082 612 1153 666 ante
1176 607 1298 667 uictisne
1312 606 1344 669 de

237 708 353 771 lendam
377 728 443 771 esse
467 712 604 772 coniecit.
642 711 721 772 hunc
746 721 867 773 secutus
891 713 998 792 scripsi
1018 715 1159 774 uictimas
1176 710 1345 788 [neustrii
1409 697 1432 787 .,,·,’

237 821 336 897 potius
369 817 559 879 scribendum
588 825 651 879 erat
679 822 722 879 ud
750 822 887 880 uictimas
916 817 1040 894 faciunt
1067 823 1214 898 pinques:
1243 817 1346 900 timu
1413 858 1419 877 .-

236 924 324 986 boves
346 928 444 987 altiles
468 929 510 987 ud
531 929 691 999 sacrificiu
711 928 836 1003 publicu
860 930 997 1002 supinati
1019 929 1169 988 dictentur
1190 930 1283 1003 opimi.

323 1031 397 1092 Non
418 1039 485 1092 tam
506 1033 717 1111 trequentes
736 1051 945 1113 quamquam
971 1035 1005 1094 in
1030 1032 1186 1111 thracia]
1214 1034 1350 1109 manni

235 1141 266 1199 in
289 1138 422 1200 Πιναρία
441 1137 517 1199 edita
543 1138 610 1198 inde
634 1158 650 1199 a
668 1141 803 1219 principe
823 1139 953 1201 editione
973 1138 1153 1220 exemplaria
1172 1142 1268 1221 inepte
1283 1143 1353 1202 intor-

236 1248 331 1325 posito
355 1248 538 1327 pronomine.
577 1248 676 1326 itaque
702 1247 799 1307 deleto
823 1265 914 1323 quam
937 1248 1044 1328 scripsi
1066 1264 1159 1323 quam
1181 1251 1215 1308 in
1239 1246 1363 1310 lbraer'm

325 1352 364 1415 11
399 1353 508 1415 Penio
542 1354 734 1416 uerhosius
767 1356 854 1416 haec
882 1357 942 1435 qui
971 1353 1104 1417 mamili
1138 1356 1288 1417 usticula
1310 1373 1363 1415 se·

235 1469 366 1521 cuntur
389 1459 476 1521 lanii
500 1463 560 1540 qui
584 1460 623 1521 ad
643 1461 801 1523 cultrum
821 1462 946 1524 bouem
965 1470 1088 1523 emunt
1107 1463 1170 1541 qui
1193 1460 1232 1522 ad
1250 1461 1378 1523 altaria

228 1567 372 1628 hostiae
396 1570 589 1629 sanitatem
622 1587 691 1630 non
715 1569 859 1631 soluent
887 1567 1074 1650 stipulari]
1099 1569 1225 1630 Manilii
1244 1571 1388 1630 minues

228 1684 259 1736 et
281 1674 388 1735 deinde
412 1694 473 1735 non
496 1679 592 1736 soient
615 1674 736 1737 Merula.
782 1685 812 1737 et
834 1679 889 1752 qni
910 1680 953 1738 ed
974 1679 1091 1737 ulteria
1115 1674 1273 1755 iucundus,
1292 1671 1394 1755 quod

231 1801 246 1842 a
271 1782 400 1845 Victorio
425 1792 579 1863 receptum
604 1792 634 1844 et
658 1783 764 1845 deinde
788 1784 823 1844 ad
855 1783 984 1863 reliquas
1015 1783 1163 1844 editiones
1186 1791 1395 1863 propagatum

230 1900 302 1951 erat.
349 1908 407 1969 quo
433 1898 598 1950 commotus
622 1900 668 1951 est
692 1888 825 1969 Scaliger
849 1900 882 1951 ut
905 1908 993 1969 prava
1018 1889 1212 1951 distinctione
1240 1891 1269 1950 io
1292 1888 1396 1950 hunc

228 1996 347 2057 modum
391 1996 478 2057 verba
521 1997 686 2077 dirimeret,
726 2001 820 2074 paule
857 1999 1013 2058 verbosius
1044 1999 1136 2078 haec,
1169 2000 1225 2073 qni
1254 1991 1397 2057 nonii

226 2107 362 2165 actiones
384 2112 560 2179 sequnntur.
602 2109 691 2186 lanii,
711 2108 766 2180 qni
787 2107 830 2165 cd
858 2108 989 2166 cultrum
1013 2107 1116 2166 bouem
1140 2112 1249 2184 emunt,
1270 2112 1297 2165 et
1312 2098 1396 2179 qru‘

227 2214 270 2272 cd
291 2215 407 2272 ultoria
431 2230 495 2290 sqq.
532 2212 612 2272 hunc
637 2211 787 2272 Gesnerus
812 2221 841 2273 et
865 2210 1066 2272 Schneiderus
1090 2213 1188 2272 secuti
1212 2219 1285 2273 sunt
1317 2208 1397 2269 de-

227 2318 286 2378 leto
310 2328 346 2392 et,
367 2318 445 2398 quod
470 2336 530 2378 non
550 2320 607 2379 iuit
629 2321 659 2379 in
684 2318 853 2400 archetypo,
873 2317 962 2379 verba
982 2320 1034 2401 sic,
1053 2328 1088 2379 ut
1107 2321 1138 2378 in
1159 2316 1398 2398 antiquioribus

228 2424 408 2486 editionibus
441 2443 581 2504 expressa
615 2435 711 2506 erant,
744 2424 877 2505 exhibui,
907 2429 1001 2502 penio
1025 2427 1182 2487 verbosius
1204 2426 1292 2498 baec,
1316 2416 1400 2499 qui

120 2612 126 2625 .
227 2533 340 2593 Manili
371 2536 506 2593 actiones
533 2540 680 2593 secuntur
708 2535 798 2605 lanii,
821 2535 875 2607 qui
898 2534 942 2592 cd
969 2536 1102 2593 cultrum
1131 2534 1235 2593 bovem
1260 2534 1401 2593 munt:

227 2644 281 2712 qni
303 2643 346 2699 nd
368 2643 483 2700 ulteria
507 2658 572 2718 sqq.
609 2641 640 2700 in
660 2641 809 2719 emptione
828 2637 918 2699 boum
938 2638 1018 2718 lanii,
1039 2641 1091 2719 qui
1110 2637 1223 2699 Manilii
1245 2640 1405 2699 actione!

227 2754 379 2825 secuntur,
399 2744 554 2805 verbosius
574 2746 709 2824 stipulari
728 2745 838 2826 solent3
859 2747 880 2806 ii
900 2747 950 2825 qui
970 2744 1005 2805 ad
1025 2743 1129 2806 aitaris
1148 2744 1260 2806 horem
1272 2743 1407 2806 entur!i

226 2853 382 2913 sanitatem
406 2870 464 2911 non
488 2850 586 2913 soient
609 2853 751 2931 stipuiari.

315 2938 437 3019 Hiemb
468 2977 545 3020 cum
579 2958 772 3020 hibernant
805 2959 1005 3021 secundum
1036 2977 1131 3020 mara
1166 2967 1269 3022 aestu
1297 2957 1411 3020 ahi‘

226 3072 359 3144 gantur
381 3068 417 3126 in
447 3073 585 3127 montes
614 3059 819 3150 frondosos]
849 3069 920 3128 Cum
943 3069 1110 3129 hibernant
1137 3072 1287 3148 tamquam
1306 3070 1413 3128 ortat

226 3191 261 3233 ex
285 3175 529 3254 interpretatione
555 3193 579 3234 v.
608 3177 705 3235 hieme
728 3173 821 3235 deleri
845 3174 1006 3236 voluerunt
1028 3173 1161 3254 Scaliger
1186 3182 1217 3236 et
1241 3173 1413 3240 nmmos

224 3279 411 3342 incluserunt
441 3279 593 3342 Gesnerus
626 3290 656 3342 et
684 3280 892 3343 Schneiderus.
939 3284 1108 3358 abiguntur
1139 3292 1225 3344 recte
1252 3279 1412 3343 hiemi&

226 3389 250 3448 si
284 3388 379 3448 hieme
412 3406 516 3466 greges
549 3387 725 3448 hibernandi
762 3407 850 3450 causa
887 3388 1052 3450 secundum
1084 3406 1168 3449 mare
1201 3388 1410 3470 pascuaria,

225 3504 335 3556 aestate
360 3496 389 3554 in
414 3503 530 3555 montes
554 3494 710 3556 frondosos
734 3495 811 3576 abigi
835 3495 941 3557 solent.
982 3513 1050 3556 nam
1073 3497 1173 3557 hieme
1196 3494 1232 3557 ad
1256 3502 1410 3574 tempus

224 3601 414 3662 indicandum
438 3601 570 3663 additum
594 3612 640 3663 est
663 3614 786 3683 propter
808 3602 881 3664 iliud
905 3602 984 3683 quod
1009 3605 1146 3682 sequitur
1170 3610 1266 3665 cestre

316 3705 355 3768 13
381 3707 576 3786 Signiiicat
603 3709 774 3770 discensu
803 3719 928 3771 taurus
958 3727 1035 3771 eum
1063 3711 1134 3771 init
1162 3712 1195 3771 si
1221 3708 1308 3790 quod
1339 3699 1405 3763 Ξῖ

225 3832 294 3874 mas
323 3824 379 3875 est
406 3817 440 3875 in
469 3815 710 3877 dexteriorem
739 3825 876 3896 partem
905 3814 997 3895 abit]
1025 3818 1098 3878 Cum
1122 3819 1201 3892 iniit,
1223 3816 1402 3893 siquidm

222 3924 251 3980 si
271 3939 335 3982 mes
358 3930 403 3982 est
425 3922 504 3982 edita
528 3922 595 3984 inde
619 3942 635 3983 a
658 3926 793 4004 principe
820 3925 949 3986 editione
978 3923 1167 4006 exemplaria,
1193 3929 1396 4004 quanqum

222 4031 369 4102 siquidem
398 4029 453 4088 hoe
477 4028 564 4090 modo
592 4049 608 4090 a
631 4029 762 4092 Varrone
791 4030 903 4093 dictum
932 4050 991 4093 non
1020 4041 1075 4094 est
1121 4049 1191 4094 nam
1218 4031 1389 4094 binnan

223 4142 269 4193 est
292 4133 317 4192 ii
340 4133 425 4213 11‚1
465 4140 494 4195 si
524 4140 657 4218 quidem,
682 4141 817 4214 inquom,
847 4141 1033 4201 adieceritis.
1078 4140 1182 4220 itaqua
1216 4137 1303 4201 deicio
1344 4128 1384 4191 δ”

225 4242 324 4316 prime
348 4240 412 4299 loeo
436 4251 566 4303 veterem
591 4243 747 4306 lectionem
772 4248 904 4326 restitui,
926 4249 958 4307 in
982 4264 1039 4326 qua
1063 4263 1133 4308 cnm
1156 4249 1215 4307 init
1234 4244 1268 4305 de
1286 4249 1368 4303 tem

223 4361 295 4421 pore
319 4346 440 4407 ineundi
464 4348 508 4409 vei
534 4350 714 4418 admissurae
740 4352 851 4414 dictum
875 4361 929 4413 est.
976 4362 1082 4415 taurus
1109 4361 1190 4435 tum,
1212 4368 1273 4414 cum
1291 4345 1353 4422 1⁰¹⁶&

223 4449 368 4512 descensu
393 4456 545 4536 signifieat,
565 4466 665 4519 utrum
689 4477 752 4519 mas
775 4478 811 4520 an
836 4460 943 4521 semina
963 4468 1108 4541 concepta
1127 4462 1177 4524 sit.
1205 4458 1343 4521 Vumheffl
1431 4534 1437 4550 ,Δ
