2874 4994
146 298 189 364 36
487 305 678 361 contiuua.
696 305 737 359 IN
754 303 943 360 VARRONIS

148 461 315 523 harundine
338 461 472 540 deligatis
497 459 647 522 Gesnerus
671 462 884 540 interpretatus
907 467 965 539 est,
993 460 1026 520 in
1049 459 1272 521 arundinetum

148 568 364 649 Schneiderus,
391 573 422 630 in
446 571 557 630 horum
580 571 735 644 iuaotionc
757 566 923 629 Pontedera
946 584 975 645 p.
994 561 1048 626 94.
1084 568 1117 626 in
1140 568 1275 626 orticow

145 679 228 737 tione
247 676 316 736 olim
330 678 459 738 conieci:
478 695 545 736 narn
560 675 794 737 articulationem
808 673 921 735 Plinius
932 671 999 732 lllll
1011 667 1073 734 101
1089 681 1122 733 et
1135 667 1290 735 xv11163

145 784 226 860 ipsos
245 783 387 845 articulos
406 800 557 844 ramorum
577 784 657 843 dicit
692 781 745 843 sed
763 779 925 862 probabilis
943 778 1111 841 emendatio
1129 786 1297 858 corruptae

144 890 225 953 uocis
247 890 366 952 inventa
389 910 449 951 non
473 901 527 951 est

235 997 341 1058 Palus
364 1016 380 1058 e
403 998 544 1077 pertica
563 996 712 1057 meliore
736 995 823 1056 dura
842 1012 910 1074 quo
929 992 1153 1072 diuturnior]
1177 994 1313 1056 Melior

148 1107 269 1186 edura,
283 1107 367 1181 quod
379 1108 555 1166 diuturnior
574 1122 611 1163 er
625 1102 729 1164 Aldina
744 1103 873 1165 editione
893 1100 1043 1182 vulgatum
1061 1110 1137 1163 erat
1170 1102 1309 1167 restitui

148 1212 306 1273 lectionem
330 1210 490 1292 archetypi,
514 1213 543 1271 in
564 1229 620 1290 qua
640 1229 698 1286 quo
721 1228 791 1271 cum
809 1211 1007 1289 comparativo
1026 1209 1161 1288 positum
1184 1212 1307 1275 estad

145 1336 264 1379 caueam
293 1336 350 1397 qua
378 1317 450 1396 quid
473 1317 601 1378 efficitur
624 1316 824 1378 indicandam:
851 1318 980 1397 pertica,
1006 1334 1023 1376 e
1052 1334 1112 1395 qua
1139 1313 1225 1396 palus
1244 1315 1305 1406 iit,

148 1424 253 1486 melior
277 1435 323 1485 est
341 1423 424 1506 dura,
443 1424 522 1503 quod
547 1443 582 1484 eo
601 1424 771 1485 diuturnior
795 1432 848 1485 est.
885 1421 897 1482 l
916 1419 1004 1504 40‚3
1022 1431 1152 1486 amaon
1175 1431 1302 1501 tempus

146 1535 300 1607 idoneum,
329 1550 388 1607 quo
415 1534 514 1592 minus
541 1533 633 1592 dohet
659 1535 785 1605 umoris,
817 1528 844 1589 ll
866 1527 892 1610 1,
914 1529 951 1591 11
982 1548 1041 1605 quo
1063 1534 1173 1592 melior
1192 1538 1296 1609 potest

146 1640 240 1713 dicet,
268 1636 349 1718 112,
370 1635 410 1701 18
434 1657 472 1699 ne
499 1643 572 1699 lonc
601 1641 790 1714 inquinetur,
817 1640 998 1713 quominus
1026 1640 1074 1699 oei
1096 1640 1185 1712 infici
1205 1650 1288 1705 recte

140 1749 237 1822 possit
259 1749 307 1807 oet
327 1748 438 1825 lovari,
461 1742 571 1826 113,3
595 1749 693 1807 ovium
715 1764 815 1808 comeo
839 1748 960 1806 tordius
978 1762 1051 1819 esse,
1074 1762 1137 1820 quo
1155 1763 1212 1806 ece
1225 1750 1280 1809 sini

142 1856 337 1928 placidiores
373 1854 445 1912 item
468 1871 537 1913 cum
560 1855 587 1912 vi
612 1855 801 1914 consecutiva
819 1853 856 1914 ad
875 1850 1057 1913 conectenda
1076 1870 1112 1912 ea
1131 1870 1206 1931 quae
1223 1854 1281 1924 eii,

144 1961 265 2021 ciuntur
293 1960 305 2020 l
331 1957 347 2020 1
354 2007 363 2040 ‚
384 1957 423 2021 11
454 1978 513 2035 quo
541 1962 663 2021 brevius
691 1963 729 2022 de
756 1979 794 2021 eo
821 1979 857 2022 re
880 1977 974 2023 conor
1002 1960 1103 2020 tribuo
1126 1961 1212 2021 tibris
1230 1979 1267 2021 ec·

141 2084 271 2147 ponere,
300 2062 397 2145 40,4
421 2068 549 2142 plantae
574 2070 670 2128 solum
695 2068 848 2146 stabilius,
875 2085 934 2142 quo
961 2070 1054 2128 latior
1081 2073 1139 2128 out
1164 2068 1266 2128 rodt'rer

142 2170 268 2248 facilius
290 2174 389 2252 mittit,
412 2171 440 2233 h.
460 2193 485 2234 e.
509 2191 568 2252 quo
591 2174 681 2234 litut
704 2192 739 2234 eo
762 2173 851 2234 latius
874 2176 979 2255 mittat,
1006 2169 1093 2255 54,1
1119 2190 1178 2249 quo
1195 2177 1265 2251 prt'or

143 2282 286 2361 rependo,
318 2276 496 2359 11116,33
523 2298 582 2356 quo
608 2288 737 2359 propter
759 2284 882 2343 odorem
906 2283 1026 2342 ovidius
1055 2283 1213 2358 adplicant
1229 2299 1265 2348 te:

138 2403 242 2465 neque
270 2388 369 2448 minus
396 2404 485 2465 saepe
512 2389 576 2448 sine
605 2390 803 2468 comparativo
831 2386 844 2448 l
869 2385 961 2468 13,t
990 2404 1050 2462 quo
1076 2389 1114 2448 di
1137 2388 1264 2459 laborant,

143 2492 174 2554 h.
193 2511 218 2553 e.
237 2512 296 2573 quo
320 2494 354 2554 fit
374 2504 409 2555 ut
431 2492 575 2575 laborent,
598 2492 611 2553 l
632 2491 717 2575 19,2
736 2497 998 2571 prosequendum
1016 2495 1112 2570 nobo,
1135 2492 1206 2556 tlt
1223 2509 1265 2570 oto

106 2657 110 2663 .
144 2607 174 2660 et
192 2619 288 2676 pecus
312 2602 350 2661 ab
370 2608 463 2679 proto
487 2604 701 2683 ceilmundum,
731 2598 964 2684 11110‚5qoo
987 2604 1215 2680 temperandum
1232 2602 1265 2674 iis,

147 2701 233 2784 16,6
257 2723 316 2780 quo
339 2724 425 2768 nemo
448 2709 504 2768 lior
526 2711 615 2790 videt,
638 2716 673 2769 ot
695 2712 771 2784 illos,
796 2712 827 2770 in
850 2727 955 2771 corne.

78 2895 81 2902 Ι
233 2811 343 2883 Ouem
366 2833 444 2874 cum
467 2816 630 2876 infimum
654 2824 752 2877 terra
776 2816 893 2878 noluit
914 2824 1021 2895 puter
1044 2817 1265 2878 euertiturct

144 2919 192 2978 lit
215 2918 328 2981 solum
353 2920 544 3000 summum]
577 2923 674 2985 Terra
701 2927 789 2984 solvit
810 2922 961 2984 Gesnerus
988 2922 1044 2983 hac
1071 2922 1171 2985 addita
1194 2925 1265 2984 inter·

144 3028 321 3108 pretatione,
345 3023 446 3108 ‘puter
468 3030 547 3090 enim
571 3031 715 3090 evertitur
738 3048 793 3090 seu
817 3031 1001 3091 convertitur
1030 3037 1061 3090 et
1086 3029 1122 3090 iit
1143 3028 1265 3091 solone

143 3133 245 3215 imum,
269 3134 348 3213 quod
372 3144 440 3197 ante
465 3136 572 3217 iuerat,
595 3139 653 3197 iarn
672 3132 846 3198 summum'.
883 3153 971 3212 quem
995 3153 1064 3197 cum
1087 3144 1175 3199 terro
1191 3138 1265 3207 sodi,

141 3247 234 3316 puter
257 3246 406 3303 evertitur
433 3251 462 3305 et
486 3248 523 3317 fit
550 3247 645 3304 solum
672 3247 806 3317 infimum
832 3261 978 3304 summum
1006 3241 1266 3315 Schneiderus.fil

143 3351 240 3408 solum
262 3367 408 3411 summum
432 3353 457 3412 si
482 3369 584 3411 verum
608 3359 661 3430 est,
684 3368 830 3411 summum
853 3351 963 3411 dicitur
986 3368 1102 3411 summa
1125 3369 1194 3431 pars
1216 3346 1266 3431 ptii,

143 3472 228 3535 quae,
252 3458 277 3515 si
301 3457 400 3516 infima
428 3475 496 3535 pars
524 3456 619 3518 soluta
648 3466 678 3519 et
704 3459 869 3538 putrefacta
898 3466 957 3538 est,
985 3456 1046 3518 sola
1073 3458 1121 3520 iit:
1153 3451 1266 3538 113‚4

142 3565 243 3621 latero
267 3569 297 3623 et
315 3579 470 3622 sommum.
508 3563 646 3624 similiter
673 3574 779 3625 neutra
807 3564 1030 3646 adiectivorum‚
1053 3564 1164 3644 quibus
1186 3571 1266 3646 partes

142 3685 244 3728 rerum
268 3668 481 3749 significantur,
503 3687 558 3748 pro
577 3669 768 3731 substantivis
792 3672 887 3750 posita
911 3680 982 3732 sunt
1004 3668 1090 3753 151,
1111 3670 1128 3734 1
1153 3671 1267 3734 emedio

142 3775 186 3833 od
207 3765 384 3855 extremum,
407 3771 553 3855 1115,15
576 3779 620 3837 cd
641 3785 822 3858 extremum,
845 3774 992 3858 111514
1015 3781 1133 3854 infimo,
1162 3771 1267 3857 148‚1

142 3883 225 3955 quod
245 3890 289 3942 ert
312 3885 447 3944 intimum
465 3886 590 3958 coldum,
614 3882 697 3962 138,
717 3881 737 3946 3
757 3888 788 3946 in
808 3888 914 3965 medie,
937 3881 990 3964 50,
1009 3882 1030 3946 2
1053 3904 1074 3946 o
1098 3904 1158 3962 quo
1180 3885 1269 3954 modio,

141 3984 167 4046 ll
184 3984 212 4068 l,
227 3986 247 4051 8
266 3993 373 4051 scillae
390 3993 529 4065 medium,
548 3987 633 4069 1115,
651 3988 691 4051 12
710 4010 727 4052 e
745 3993 851 4065 medio,
871 3990 909 4052 ih.
933 3989 973 4052 14
993 3995 1024 4052 in
1043 3985 1269 4083 medir3‚118‚5

142 4096 298 4156 dimidium
322 4100 423 4172 vineti,
447 4100 604 4159 dimidium
622 4101 730 4173 oliveti,
754 4095 868 4178 1223
888 4101 1012 4160 dimidio
1032 4103 1141 4176 minue,
1164 4091 1269 4178 1119,6

142 4202 265 4261 dimidio
284 4204 424 4283 minorare,
448 4199 629 4283 11116‚10;
652 4199 696 4264 34
719 4206 876 4279 reliquum.

231 4303 429 4384 Colligatas
452 4308 559 4369 libris
583 4309 778 4371 demittunt
802 4312 836 4370 in
866 4310 1012 4372 tubulos
1041 4313 1181 4376 fictiles
1207 4328 1269 4374 cun

143 4409 251 4469 iuudo
276 4422 446 4489 pertusos
470 4433 558 4493 quos
582 4416 752 4495 cuspides
772 4417 971 4497 appellant]
1000 4421 1073 4481 Com
1093 4419 1193 4498 fundo
1210 4437 1271 4498 pet·
