2874 4994
331 334 461 389 annun
480 335 718 391 nvsarosuvu
736 336 803 392 nra.
823 337 835 390 1
854 334 984 393 att-40
1088 297 1092 305 ⁸
1185 327 1226 392 97

120 493 162 551 lam
191 492 269 550 anim
304 492 347 551 od
374 494 546 566 ponendam
574 510 676 569 prono
707 510 801 568 osque
833 495 910 554 odeo
939 511 1047 570 parvo.
1094 493 1229 554 similiter

120 599 232 676 criptum
260 605 306 657 est
332 606 434 677 postea
462 595 555 678 41‚4
578 602 622 660 od
643 601 841 660 crescendum
860 617 961 676 prono
985 600 1073 662 etde
1097 602 1229 662 iuvencis

133 699 212 777 lb?
235 707 278 764 od
300 707 481 766 domandum
501 710 601 783 proni.

181 807 200 871 2
221 810 306 871 Num
330 815 442 892 prima
462 831 549 893 qnae
569 815 645 876 sine
665 814 792 875 colono
812 816 1022 894 priusquam
1041 823 1116 875 sata
1136 813 1228 892 nata]

120 911 193 996 nepte
209 917 282 979 baec
301 918 369 980 inde
393 919 429 980 ab
449 920 551 981 Aldina
572 922 700 982 editione
719 924 930 1001 interrogative
949 921 1129 984 serebantur.
1160 941 1230 983 nom

120 1027 191 1086 rimo
203 1025 352 1087 Gesnerus
372 1027 561 1089 scribendum
576 1031 712 1110 coniecit,
727 1028 804 1109 quod
826 1048 860 1090 en
876 1028 986 1090 Veneto
1006 1028 1108 1090 codice
1123 1029 1228 1090 Ponte-

120 1127 163 1192 'era
184 1135 210 1193 in
235 1133 378 1195 addendis
401 1134 437 1195 ad
461 1135 585 1197 Gesneri
609 1136 769 1197 editionem
785 1136 952 1198 adnotavit.
998 1136 1050 1197 sed
1074 1136 1108 1197 ad
1132 1136 1230 1197 brevi·

120 1243 345 1301 demorationis
368 1244 466 1320 aptius
489 1261 555 1303 esse
575 1245 670 1305 risum
694 1253 740 1304 cst
763 1242 860 1305 deleto
884 1262 964 1317 nom,
983 1243 1062 1323 quod
1087 1262 1122 1304 an
1146 1261 1231 1322 repe-

120 1350 143 1403 ta
171 1347 374 1427 praecedentis
405 1348 538 1410 vocabuli
567 1348 674 1430 syllaba
709 1359 840 1411 extrema
873 1359 972 1411 ortum
1006 1367 1071 1411 csse
1105 1349 1230 1430 videtur,

120 1449 219 1514 ribere
232 1458 338 1532 primo
356 1473 436 1530 quoe
455 1474 517 1536 sqq.
551 1460 644 1536 prima
668 1465 767 1519 autem
786 1458 899 1518 semina
923 1465 991 1518 sunt
1015 1475 1143 1536 eaquae
1167 1458 1231 1518 sine

121 1554 399 1642 lono,'priusquam
423 1571 607 1643 sererentur,
627 1572 692 1625 nata
716 1573 794 1643 sunt,
818 1565 947 1625 secunda
971 1583 1003 1624 ea
1028 1582 1113 1646 quae,
1136 1567 1232 1644 prius·

120 1681 178 1727 tam
201 1677 262 1729 sata
285 1678 396 1750 essent,
415 1677 482 1730 nata
506 1689 565 1731 non
589 1679 668 1751 sunt,
688 1670 739 1732 sed
764 1670 886 1732 collecta
911 1688 945 1732 ex
971 1670 1029 1732 illis
1054 1690 1128 1751 quae
1147 1681 1232 1732 antea

120 1780 148 1832 la
184 1787 275 1837 erant.
321 1786 409 1856 atqua
442 1776 528 1858 haec,
558 1797 632 1858 quae
666 1779 795 1840 secunda
827 1779 983 1860 dicuntur,
1011 1787 1082 1839 sunt
1108 1797 1141 1839 ea
1170 1780 1233 1860 ipsa

122 1896 167 1942 ae
185 1882 290 1944 deinde
310 1887 340 1944 in
360 1884 491 1946 secundo
511 1903 619 1964 genere
640 1887 786 1946 seminum
806 1885 1027 1966 deseribuntur,
1045 1903 1105 1945 non
1120 1885 1233 1965 reliqua

120 1990 196 2070 ania,
221 1993 303 2070 quasi
327 2009 401 2052 nova
425 1993 571 2052 seminum
596 1991 701 2053 divisio
725 1991 847 2054 induas
870 2000 970 2072 partes
994 1993 1071 2054 laeta
1094 2001 1182 2075 esset,
1201 2001 1234 2054 ut

122 2111 220 2158 snero
244 2101 340 2159 risum
363 2108 418 2160 est.

178 2201 198 2264 3
230 2203 305 2274 Ouo
333 2208 450 2266 minus
478 2206 583 2267 babet
611 2206 758 2285 umoris]
790 2209 878 2280 Quod
898 2211 996 2268 minos
1020 2206 1231 2269 Schneiderus.

120 2324 147 2367 ο
174 2329 239 2372 cum
263 2316 462 2391 comparativo
487 2316 575 2394 positi
599 2314 730 2394 exempla
755 2314 822 2374 dedi
846 2311 956 2396 18,<4.

178 2414 200 2477 4
230 2418 392 2480 Tertium
417 2439 530 2499 genus
554 2423 702 2482 seminis
726 2420 818 2500 quod
843 2439 882 2482 an
911 2419 1040 2481 arbore
1068 2439 1131 2501 per
1155 2441 1232 2482 sur·

120 2537 165 2584 os
187 2524 353 2587 defertur
377 2529 411 2586 in
436 2537 568 2588 terram
593 2529 622 2588 si
645 2530 680 2588 in
704 2527 846 2588 humum
869 2526 1070 2589 dimittitur
1099 2531 1134 2589 in
1158 2531 1234 2608 qui·

132 2632 233 2692 sdam
258 2651 332 2694 oum
357 2642 412 2694 est
436 2633 627 2695 uidendum
653 2644 690 2697 ut
714 2654 753 2695 eo
783 2642 945 2715 tempore
973 2634 1022 2694 sit
1049 2632 1233 2714 deplanta-

120 2751 162 2797 m
190 2740 281 2818 quod
310 2740 468 2820 oportet]
493 2742 529 2801 Si
555 2746 584 2802 in
613 2723 734 2803 balmum
759 2775 799 2786 -
825 2760 893 2803 com
921 2749 966 2803 est
993 2750 1141 2821 tamquam
1170 2751 1234 2803 orta

151 2846 389 2908 adnotationibus
413 2851 442 2908 in
468 2851 598 2927 margine
628 2849 785 2930 adscriptis
810 2849 942 2929 Scaliger
970 2849 1092 2931 delevit,
1121 2849 1234 2929 reliqua

153 2956 283 3035 scripsit,
311 2959 431 3015 tertiano
453 2975 551 3032 genus
574 2961 708 3032 aalaidis,
732 2961 814 3032 quod
836 2977 876 3017 ex
899 2960 1011 3019 arbore
1031 2977 1090 3034 per
1116 2960 1234 3018 surclos

120 3065 241 3121 seritur
265 3065 296 3122 in
321 3070 444 3123 terrant.
482 3067 700 3125 videndumst
727 3083 761 3125 eo
789 3072 922 3141 tempore
949 3067 989 3124 sit
1017 3067 1233 3140 (lapidatorum,

120 3165 292 3245 opportet.
339 3168 390 3228 sed
415 3173 444 3229 in
468 3169 524 3230 hoc
548 3188 658 3249 genere
682 3172 818 3250 seminis,
843 3169 920 3250 quod
953 3188 1007 3249 per
1031 3169 1168 3230 surculos
1192 3170 1233 3248 lit,

120 3285 163 3332 ae
187 3277 319 3335 rationes
339 3295 354 3335 a
374 3274 505 3337 Varrone
524 3277 668 3338 indicatae
688 3285 766 3358 sunt,
785 3276 886 3359 altera,
905 3294 972 3337 cum
995 3275 1144 3356 surculus,
1163 3276 1234 3336 dum

149 3379 251 3441 arbore
281 3381 398 3465 haeret,
426 3386 456 3444 in
486 3384 608 3445 humum
637 3385 816 3465 demittitur,
846 3393 879 3444 ut
907 3383 1021 3446 radices
1053 3391 1131 3464 agat,
1155 3384 1233 3462 qnod

120 3499 185 3547 nris
209 3487 280 3549 Cato
305 3509 329 3552 c.
351 3487 413 3551 133
438 3490 608 3572 descripsit,
632 3491 733 3570 altera,
756 3510 823 3552 cum
848 3490 884 3552 da
908 3492 1014 3553 arbore
1038 3490 1164 3553 clavolae
1190 3490 1236 3549 rel

124 3610 182 3654 eae
202 3614 278 3675 quae
297 3596 438 3657 dicuntur
458 3599 521 3658 sine
542 3596 690 3658 radicibus
710 3599 941 3662 transferuntur.
974 3601 1124 3680 inpriore
1144 3598 1236 3677 igitur

120 3700 210 3782 lione,
234 3703 269 3762 ad
294 3721 381 3782 quam
406 3704 478 3764 baec
501 3707 661 3787 pertinent,
679 3707 710 3765 in
734 3705 911 3785 quibusdam
935 3705 1093 3767 arboribus
1118 3713 1234 3766 'certum

120 3818 208 3886 napos
231 3808 447 3871 observandum
472 3818 531 3891 est,
555 3820 588 3871 ut
616 3811 770 3891 surculus,
794 3830 882 3890 quem
911 3814 978 3891 quis
1006 3821 1109 3891 postea
1140 3821 1236 3873 trans·

120 3925 167 3973 ore
191 3915 260 3996 vult,
283 3916 478 3998 deplantatns,
503 3918 531 3977 id
556 3921 654 3979 estin
678 3919 801 3980 humum
826 3919 973 3980 demissus
998 3921 1050 3999 sit,
1075 3926 1235 3999 antequam

121 4033 235 4083 mmare
267 4036 319 4085 aut
350 4025 457 4086 llorere
490 4028 644 4106 inceperit.
690 4029 790 4107 itaque
822 4028 932 4087 omisso
970 4045 1053 4106 cum,
1087 4044 1141 4106 pro
1176 4044 1235 4105 quo

120 4140 186 4189 mea
210 4133 239 4190 in
263 4131 364 4192 codice
390 4152 417 4192 m
447 4142 476 4193 et
503 4135 534 4193 in
562 4135 695 4213 principe
727 4133 857 4194 editione
886 4132 1007 4215 legitur,
1036 4134 1143 4214 scripsi
1172 4141 1232 4194 ier·

120 4250 163 4294 zm
182 4256 279 4312 genus
293 4273 336 4281 —
355 4244 384 4300 si
405 4244 436 4300 in
459 4243 581 4300 bomem
605 4243 780 4314 demittitur,
804 4243 835 4300 in
860 4242 1039 4315 patibusdom
1063 4250 1107 4302 est
1131 4243 1232 4302 viden-

120 4357 161 4402 tm
183 4353 216 4405 act
239 4365 273 4407 eo
297 4350 493 4423 temperarit
516 4348 732 4433 deplorationem,
756 4365 814 4422 qaae
839 4353 963 4423 oportet.

176 4451 213 4511 ld
239 4452 282 4512 lit
299 4452 393 4530 tum]
419 4453 458 4513 Id
476 4457 514 4526 fil
537 4461 636 4514 tantan
662 4472 698 4534 m,
723 4457 756 4513 id
774 4457 811 4527 fit
835 4457 913 4513 enim
937 4452 1059 4515 Merula

146 4560 217 4605 itanu⁴
233 4573 285 4605 aza.
300 4574 367 4605 avan.
394 4563 425 4605 11.
1010 4562 1025 4611 7
