2874 4994
238 345 282 409 80
597 352 786 408 OOMMENT.
805 353 846 407 IN
864 352 1022 409 CATONIS

238 511 394 569 consterni
406 515 467 582 aut,
482 510 511 568 si
524 526 584 569 aton
599 512 645 582 sit,
657 512 786 585 perticis
795 512 922 584 sultanis
932 511 1089 587 uiridibus,
1102 512 1132 569 si
1139 526 1239 584 neqne
1247 509 1310 570 leae
1316 510 1379 583 sint,

237 618 405 688 sarmentis,
430 618 473 674 ita
496 623 530 675 nt
552 618 583 675 in
606 618 768 676 altitudine
788 619 915 691 semipes
933 618 1119 677 detranatur
1136 617 1305 693 (semipede
1320 622 1379 676 tra·

238 724 353 783 leantur
367 722 494 802 codices,
508 725 634 799 semipes
649 725 833 784 tletrolmtnr
846 722 958 797 laurus).
988 723 1088 784 fauces
1102 722 1258 784 sulcorum
1272 720 1379 783 Plinius

239 848 382 890 summam
402 828 554 897 sulcorum
574 838 689 909 partem
709 830 783 890 dixit
802 837 832 891 et
850 832 925 891 imos
942 830 1042 891 sulcos
1056 830 1165 910 plurali
1178 846 1317 911 numero,
1333 827 1378 889 nbi

238 940 372 1009 irtfitnnm
400 936 477 1015 apud
502 936 641 996 Catonem
670 939 814 1016 scriptum
843 943 889 997 est
914 936 1062 1037 singulari
1079 954 1206 997 numero
1229 941 1300 1015 post
1320 934 1379 1014 plu·

237 1042 329 1102 ralem
347 1047 446 1103 sericos
465 1045 571 1121 positu.
604 1043 710 1103 deinde
730 1047 773 1104 ito
792 1051 826 1104 nt
839 1047 871 1104 in
885 1047 1046 1105 altitudine
1059 1046 1187 1120 semipes
1200 1044 1379 1103 detrnltetar

238 1148 352 1209 Plinius
370 1148 483 1209 addidit
502 1158 625 1228 prepter
643 1169 677 1210 ea
697 1169 771 1229 qnae
791 1150 827 1210 de
847 1149 1004 1211 scrobibus
1022 1149 1099 1229 apud
1115 1148 1259 1210 Catonem
1276 1150 1378 1228 scripta

238 1266 316 1338 sum,
336 1264 441 1333 postea
465 1259 587 1318 scrobes
607 1257 706 1334 facite
730 1263 807 1319 altos
826 1277 857 1335 p.
877 1259 967 1333 IIIS,
991 1262 1070 1319 letos
1088 1276 1119 1335 p.
1140 1257 1221 1317 1111.

327 1363 483 1423 Pertieis
511 1362 684 1442 saligneis
712 1365 894 1426 uiridibus
922 1364 1190 1426 controuersiis
1215 1360 1378 1439 conlatis]

242 1473 452 1531 Corttrouersis
480 1474 597 1531 calletis
624 1471 736 1532 Merula
764 1481 795 1531 et
822 1471 984 1552 Victorius,
1014 1486 1241 1550 quoquoversus
1269 1470 1379 1529 collatis

239 1577 397 1638 lucundus.
443 1586 552 1638 contre
576 1582 683 1653 uersis,
707 1578 736 1638 h.
757 1597 782 1638 e.
807 1575 898 1657 ‘quae
922 1587 1025 1639 contra
1049 1577 1095 1638 vel
1118 1576 1264 1638 adversus
1287 1592 1320 1635 se
1340 1576 1379 1633 in-

239 1687 332 1744 vicem
356 1701 458 1743 versae
482 1680 566 1744 sunt'
591 1686 718 1744 eotrieeit
738 1684 968 1766 Schoettgenus3
991 1686 1145 1745 conuersis
1163 1686 1248 1744 inter
1265 1700 1300 1743 se
1316 1698 1380 1743 eon·

239 1795 365 1852 sternite
398 1789 608 1851 Schneiderus.
659 1789 789 1851 dubitari
819 1808 878 1850 non
911 1787 1038 1851 debebat
1069 1792 1140 1868 quin
1174 1807 1281 1851 verum
1308 1798 1380 1849 esset

239 1906 460 1958 controversas.
486 1915 551 1956 nam
567 1898 688 1976 perticis
701 1895 840 1975 saligneis
851 1897 995 1958 viridibus
1004 1896 1080 1958 sulci
1089 1898 1130 1957 ita
1140 1903 1382 1974 consternuntur,

240 2013 273 2065 ut
300 2003 386 2063 binae
413 2004 543 2082 perticae
567 2006 596 2064 in
621 2006 799 2065 contrariam
824 2012 937 2083 partem
962 2007 1041 2065 inter
1064 2022 1095 2066 se
1119 2022 1285 2065 conversae
1307 2020 1382 2064 eom·

240 2117 401 2190 ponantur,
433 2112 491 2169 nisi
523 2112 623 2189 petius
653 2119 866 2173 controversus
893 2114 1043 2187 colligatis
1073 2110 1232 2189 legendum
1261 2118 1323 2192 est,
1352 2118 1383 2169 ut

239 2216 371 2295 colligari
394 2219 525 2296 perticae
549 2219 580 2277 in
604 2219 783 2278 contrariam
803 2227 926 2297 partem,
953 2236 1012 2278 non
1031 2217 1162 2278 conlerri
1180 2216 1228 2277 vel
1248 2218 1383 2297 componi

239 2324 385 2384 dieantur.
431 2332 657 2386 controversum
685 2343 721 2385 ex
745 2323 917 2385 Florentino
945 2324 1047 2385 codiee
1072 2323 1188 2402 Apuleii
1210 2326 1383 2387 restitutum

239 2439 286 2490 est
310 2429 385 2508 apol.
408 2451 433 2491 u.
455 2428 496 2492 15
520 2450 547 2509 p.
567 2430 633 2492 422
657 2440 884 2493 ceretrorersum
908 2421 1118 2509 respondeant.

330 2536 350 2598 2
375 2537 515 2598 Vitibus
539 2540 659 2600 sulcos
683 2548 718 2599 et
741 2541 957 2618 propagines
981 2558 1023 2599 ne
1046 2540 1162 2600 minus
1181 2555 1209 2616 p.
1228 2536 1280 2598 llS
1301 2556 1384 2618 que·

243 2662 309 2723 quo
338 2662 468 2704 uersus
494 2642 617 2724 facito]
642 2648 883 2723 Propaeatioues
907 2645 983 2706 edita
1008 2653 1076 2706 ante
1099 2644 1266 2707 victorium
1289 2663 1384 2706 exem·

240 2750 331 2830 pluria
360 2769 395 2809 en
424 2750 556 2832 rubrica,
584 2770 659 2830 quae
688 2753 717 2811 in
747 2770 835 2812 manu
863 2753 984 2831 scriptis
1011 2750 1095 2811 libris
1122 2752 1310 2831 praescripta
1332 2759 1384 2813 est

240 2860 349 2919 nitidas
376 2862 474 2918 sulcos
499 2863 744 2935 prapapiucsque
771 2861 801 2919 in
831 2859 928 2920 indice
956 2857 1162 2938 capitulorum.
1208 2861 1385 2939 propagines

241 2963 441 3024 Selnreitlerus
470 2965 561 3025 voluit
588 2966 646 3025 ‹liei
675 2965 810 3047 scrobes,
840 2985 914 3045 quae
938 2965 1136 3045 propagandIs
1158 2963 1272 3027 ritibus
1294 2965 1384 3027 saeue

240 3080 348 3131 essesut.
387 3073 475 3131 immo
499 3081 570 3132 sunt
594 3074 647 3152 ipsi
673 3073 787 3133 surculi
811 3074 923 3155 vitium,
947 3074 1052 3153 quiin
1076 3072 1168 3134 sulcis
1190 3074 1233 3133 ita
1257 3072 1384 3152 penendi

240 3185 324 3259 suun,
354 3187 385 3239 ut
409 3198 527 3258 ustoque
551 3198 655 3240 versus
679 3198 716 3239 ne
741 3156 840 3240 minus
862 3179 954 3259 perles
978 3180 1053 3241 duos
1076 3189 1106 3241 et
1129 3177 1287 3241 dimidium
1310 3182 1386 3241 inter

239 3303 271 3345 se
297 3284 415 3346 distent.

329 3392 442 3453 Semel
471 3396 507 3454 in
535 3413 654 3455 mense
683 3394 804 3455 sulcos
833 3405 867 3455 et
894 3396 1030 3454 circum
1057 3395 1177 3473 capita
1199 3393 1385 3474 oleaginea

239 3499 329 3577 quoi
351 3499 535 3559 mensibus
555 3519 667 3579 iusque
687 3501 799 3561 detrec
821 3504 945 3562 trimae
965 3511 1071 3562 erunt
1088 3501 1212 3562 ledere
1228 3498 1386 3581 oportet]

239 3608 338 3668 Semel
364 3611 394 3667 in
423 3625 523 3666 neeusc
549 3612 677 3682 sarcito,
705 3613 804 3669 sulcos
832 3616 861 3669 et
887 3612 1004 3668 circum
1028 3612 1132 3685 capuita
1154 3612 1302 3686 oleagina
1325 3628 1386 3689 sqq.

240 3713 361 3791 Merula,
381 3711 431 3771 ubi
446 3711 598 3773 lueuutlus
616 3719 716 3776 sulcos
735 3715 851 3775 delevit.
884 3719 976 3775 semel
992 3718 1024 3775 in
1043 3734 1144 3776 interese
1156 3719 1260 3778 sulcos
1272 3720 1387 3777 sarcito

240 3828 268 3877 et
292 3822 408 3878 crlrceau
433 3822 537 3894 cespite
560 3823 701 3895 allucente
727 3820 936 3882 Sclrneitlerus.
983 3820 1175 3882 scribendum
1199 3824 1303 3901 potius
1326 3832 1388 3883 erat

239 3930 331 3986 semel
361 3929 392 3986 in
425 3943 525 3985 menese
557 3931 675 3987 circum
704 3932 804 3988 scalcos
834 3936 863 3987 ct
890 3931 993 4004 capitu
1021 3931 1182 4003 oleaginea
1212 3960 1252 3972 —
1278 3929 1389 4006 sedere

240 4041 364 4109 oportet,
388 4033 416 4095 h.
437 4052 461 4092 e.
482 4033 572 4092 semel
593 4035 623 4092 in
643 4051 744 4093 mense
765 4036 878 4093 circum
898 4033 1006 4114 sulcos,
1030 4036 1060 4093 in
1080 4032 1190 4112 quibus
1209 4038 1389 4116 propagines

241 4141 343 4199 uitium
364 4141 477 4215 positae
498 4150 577 4219 sunt,
596 4149 626 4199 et
645 4142 758 4201 circum
774 4143 883 4218 stirpes
899 4140 1030 4201 olearum
1045 4140 1147 4201 ledere
1160 4150 1283 4221 oportet
1295 4144 1388 4205 omni·

240 4245 296 4304 ltus
326 4243 489 4324 metullum,
520 4264 613 4323 usque
642 4247 735 4307 (torreo
764 4249 838 4306 vites
867 4254 896 4307 et
920 4245 1000 4306 eleae
1026 4249 1130 4307 trimae
1154 4258 1254 4310 erunt.
1299 4248 1388 4311 simili

240 4349 418 4408 alunnlantiu
447 4349 559 4411 (lictum
584 4362 630 4412 est
654 4350 743 4430 sat
770 4357 803 4413 id
825 4357 1005 4428 uliqttotiens
1029 4358 1060 4415 in
1084 4358 1134 4415 die
1156 4358 1272 4418 cotidie
1289 4356 1390 4433 saeito

241 4465 270 4517 et
294 4455 431 4516 similiter
453 4454 523 4537 104,
542 4457 556 4518 1
582 4463 703 4521 trtiseeto
727 4468 774 4520 ter
798 4464 829 4521 in
853 4463 903 4521 die
927 4464 991 4522 dies
1009 4464 1143 4537 petituque
1161 4466 1333 4527 enatares.
1350 4496 1386 4507 -
