2874 4994
267 322 396 378 RERVM
414 320 653 378 eventorum
671 321 739 378 LIB.
758 323 770 376 Ῑ
792 321 920 379 12-13
1121 314 1165 380 45

120 476 138 540 3
160 482 249 554 siqua
272 481 570 540 etiam-aridiora
589 476 666 559 libri,
685 480 792 553 siquae
809 479 926 558 scripsi.
959 477 1165 540 adverbialiter

120 608 123 645 ι
145 586 223 647 dieta
246 596 318 647 sunt
340 586 422 666 haee,
446 583 570 669 112,2
594 589 683 661 siquo
702 593 793 647 erum
814 588 884 647 loca
903 590 1068 667 palustria,
1091 584 1164 650 136

130 701 174 755 est
191 712 284 774 aqua,
306 692 332 754 ll
350 690 433 774 11,t
452 696 542 769 siquo
561 695 592 753 ia
612 701 739 754 tonsura
753 696 879 770 pluqam
898 698 1026 773 occepit,
1044 693 1084 754 III
1099 689 1130 776 b,
1145 691 1165 755 3

120 819 125 861 t
147 804 267 862 intrare
289 817 355 860 mus
383 803 483 861 aliaue
505 817 585 875 quoe
608 801 704 861 bestia
724 804 832 876 possit,
862 798 891 883 l,
910 798 930 862 3
954 818 993 862 ne
1019 819 1085 863 mas
1113 809 1167 864 out

120 915 144 968 to
166 926 228 984 quo
252 910 404 984 adrepere
428 909 471 967 ad
493 909 683 969 columbario
702 911 812 986 possit,
837 905 928 989 10,4
951 927 1025 970 neve
1047 927 1109 985 quo
1131 927 1166 970 eo

120 1018 175 1077 bre
204 1018 323 1093 possint
353 1018 507 1076 mustelae.
553 1014 690 1075 similiter
716 1017 842 1091 aliquod
867 1016 1070 1077 tantummodo
1098 1033 1165 1077 eum

120 1140 155 1203 re,
186 1119 310 1204 141,2
333 1133 365 1182 et
396 1118 548 1204 11110,6
571 1139 624 1183 aas
647 1124 784 1197 aliquod,
816 1120 931 1204 111‚3
963 1126 1089 1199 aliquod
1106 1121 1169 1199 suit

120 1233 222 1307 pium:
261 1219 327 1289 nana
361 1226 488 1310 116,2
522 1232 638 1304 aliquot
668 1232 708 1289 sit
739 1232 964 1306 exportandum
995 1232 1099 1292 vitiose
1136 1233 1167 1290 in

120 1345 183 1417 typo
207 1338 353 1416 seriptum
377 1337 442 1412 luit,
466 1339 587 1412 aliquid
608 1326 884 1399 Merula'restituit.

120 1444 306 1505 Praeterea
325 1442 418 1522 quud
441 1462 458 1504 a
481 1444 557 1505 sole
581 1451 657 1505 toto
677 1444 733 1505 die
756 1444 967 1506 illustratur
986 1444 1168 1507 salubrior

119 1551 202 1630 quod
237 1561 271 1626 et
302 1550 481 1612 bestiolae
513 1553 639 1630 siquae
671 1569 784 1632 prope
818 1561 1017 1613 naseuntur
1049 1560 1084 1614 et
1115 1554 1168 1613 in-

120 1669 193 1720 itur
225 1668 287 1720 aut
319 1658 493 1720 afflantur
526 1667 587 1719 aut
619 1657 803 1719 aritudine
831 1660 905 1720 aito
932 1657 1098 1738 pereunt]
1123 1660 1168 1720 Ab

120 1769 145 1826 in
176 1767 313 1846 principe
346 1764 476 1826 editione
508 1765 672 1826 Politianus
704 1782 763 1825 non
795 1768 939 1846 correxit,
971 1765 1022 1826 sed
1055 1783 1076 1827 a
1106 1769 1169 1827 sole

120 1897 123 1932 l
146 1872 322 1953 apographa.
368 1875 450 1949 quod
472 1874 637 1952 posteriore
665 1871 729 1932 loeo
759 1870 866 1955 delevi,
888 1859 1043 1933 salubrior
1066 1879 1110 1933 est
1140 1880 1170 1934 et

120 1985 168 2042 lae
191 1999 256 2060 sqq.
301 1998 369 2039 nam
397 1979 480 2041 loeus
505 1981 557 2059 qui
580 1978 641 2039 sole
674 1978 840 2040 illustrator
873 1996 933 2040 non
960 1987 1078 2059 poterat
1111 1979 1169 2041 diei

120 2090 171 2148 ior
198 2105 264 2148 esse
291 2096 464 2168 propterea,
494 2087 573 2165 quod
600 2085 743 2147 bestiolae
767 2105 802 2147 ex
825 2089 994 2167 propinquo
1026 2086 1092 2148 loeo
1124 2090 1167 2148 in-

125 2204 174 2256 aut
202 2195 341 2256 efflantur
369 2200 420 2254 aut
448 2194 596 2254 aritudine
625 2200 765 2275 pereunt,
789 2196 874 2273 quasi
900 2193 974 2254 baec
1001 2193 1062 2255 sola
1090 2202 1170 2255 esset

141 2300 336 2376 salubritatis,
361 2299 413 2362 sed
442 2299 477 2360 ad
506 2300 650 2380 reliquam
678 2300 735 2362 loei
767 2300 984 2385 salubritatem,
1008 2319 1083 2381 quae
1107 2301 1168 2363 sole

120 2428 162 2492 ur,
186 2408 259 2470 illud
282 2408 404 2487 accedit,
428 2407 507 2486 quod
531 2405 672 2468 bestiolae
695 2409 830 2488 pereunt.

120 2514 136 2577 I
164 2516 262 2587 Otrod
289 2517 507 2595 improuisus
535 2513 683 2575 facilius
710 2516 918 2595 opprimere
945 2523 1097 2595 possunt
1129 2515 1168 2576 ab

120 2632 266 2703 utraque
290 2624 480 2703 superiora
504 2621 581 2683 loca
603 2621 754 2700 tutiora]
780 2624 946 2700 Improm'si
968 2621 1169 2685 Schneiderus

120 2733 167 2811 rit,
191 2733 351 2807 improuiso
374 2731 475 2809 potius
498 2728 689 2789 scribendum
714 2744 780 2789 esse
803 2728 899 2789 deleta
921 2748 937 2791 s
960 2730 1070 2810 littera,
1093 2747 1169 2809 quae

141 2841 171 2897 ia
195 2839 253 2897 fine
277 2837 488 2898 vocabulorum
512 2835 653 2914 adhaesit,
676 2836 736 2897 dixi
760 2854 848 2916 supra
870 2835 899 2918 l,
913 2835 943 2897 2.
974 2839 1169 2916 nequeenim

128 2945 264 3006 adieetiri
287 2963 375 3006 usum
396 2943 520 3004 Varroni
543 2943 733 3005 tribuendum
758 2961 823 3004 esse
846 2953 929 3024 puto,
942 2954 980 3005 -ut
1002 2946 1169 3025 inprovisos

120 3062 135 3112 l
162 3051 310 3133 homines,
338 3054 390 3131 qui
418 3051 453 3111 ad
483 3053 657 3130 repentinos
690 3051 872 3129 praedonum
904 3053 1033 3131 impetus
1064 3070 1169 3131 parum
1282 3132 1284 3137 s

120 3165 227 3221 esunt.
274 3159 381 3219 deinde
410 3161 449 3219 ab
476 3161 537 3219 boo
565 3166 697 3232 utroque
723 3176 760 3218 re
786 3159 901 3236 scripsi.
947 3175 1014 3218 nam
1044 3160 1082 3218 ab
1110 3160 1170 3218 boo

122 3287 160 3328 ue
189 3286 248 3327 non
277 3266 375 3327 addito
404 3267 524 3325 nomiae
557 3263 615 3324 diei
648 3281 707 3323 non
740 3266 845 3344 potuit.
891 3265 930 3325 ab
958 3265 1015 3324 boo
1041 3271 1171 3339 utroque

121 3374 156 3434 ab
181 3374 284 3435 Aldina
309 3373 437 3433 editione
460 3370 612 3450 irrigatum
636 3380 708 3433 erat.

120 3488 181 3541 IIIII
204 3482 220 3544 1
247 3481 403 3541 Fructus
426 3489 465 3539 nt
488 3486 542 3539 est
565 3480 686 3539 uinum
710 3489 745 3540 et
767 3479 882 3540 oleum
903 3478 984 3540 ioco
1007 3476 1112 3558 plano
1134 3479 1169 3537 in

120 3607 133 3648 s
156 3590 243 3648 item
267 3596 305 3647 ut
328 3604 411 3647 nasa
435 3586 577 3647 uinaria
600 3593 638 3646 et
659 3583 796 3647 olearia
818 3588 939 3666 potins
968 3584 1170 3646 iaciendum

120 3713 155 3755 us
179 3704 217 3755 ut
244 3703 303 3754 est
330 3691 409 3753 laba
438 3702 473 3753 et
501 3692 642 3753 faenum
668 3694 704 3753 in
732 3692 918 3770 tabulatis]
944 3694 1019 3753 Item
1041 3698 1076 3754 ut
1097 3709 1172 3752 oasa

120 3806 152 3862 to
175 3808 204 3862 et
227 3804 345 3862 olearia
365 3803 467 3877 potius
487 3798 640 3876 fortitudo
668 3803 699 3859 ia
727 3803 801 3860 locis
829 3803 934 3860 aridis.
978 3799 1115 3875 fruetus,
1137 3806 1173 3860 ut

120 3911 184 3984 aba,
208 3913 310 3984 lentes,
335 3910 468 3984 ordeum,
492 3914 522 3968 et
540 3906 610 3984 sar,
633 3914 663 3968 et
681 3905 807 3982 foenum
830 3909 861 3966 ia
884 3908 1028 3966 tabrdotis
1051 3905 1171 3981 Merula,

120 4025 136 4075 tt
156 4035 231 4077 uaso
254 4019 377 4077 uinaria
400 4024 429 4076 ot
452 4018 570 4077 olearia
590 4018 692 4093 potius
714 4018 775 4075 siat
798 4017 829 4073 io
854 4016 928 4075 loeis
952 4015 1058 4088 aridis,
1081 4029 1171 4087 quam

120 4127 170 4204 dis,
189 4123 329 4201 fruetus,
352 4131 385 4184 ut
408 4130 453 4184 est
472 4122 556 4199 soba,
581 4126 686 4196 lentes,
709 4124 848 4195 ordeum,
872 4128 901 4182 et
921 4118 976 4196 sar
999 4127 1028 4181 et
1047 4118 1173 4214 saeuum

120 4232 229 4293 ‘balatis
253 4230 412 4292 iucundus.
445 4230 600 4305 fructibus
618 4232 758 4304 humidis,
777 4236 811 4290 ut
829 4234 874 4289 est
895 4230 996 4288 uinum
1019 4235 1049 4289 et
1066 4231 1172 4302 oleum,

121 4356 152 4398 co
172 4343 265 4416 plaao
284 4342 377 4400 cellos
396 4342 498 4415 potius
517 4336 705 4417 faciendum,
724 4339 831 4411 aridis,
850 4344 884 4396 ut
902 4342 947 4396 est
966 4333 1051 4411 faba,
1070 4339 1173 4418 lentes,

120 4463 171 4521 um,
190 4447 246 4524 sor
269 4454 298 4507 et
322 4444 460 4522 foenum,
484 4449 516 4507 ia
539 4446 683 4506 tabulatis
705 4443 845 4526 Ursinus,
868 4460 944 4521 quae
967 4444 1008 4503 ita
1031 4444 1173 4504 transtor-
