2874 4994
141 365 207 431 246
484 368 676 424 COMMENT.
695 368 736 423 IN
753 365 943 423 VARRONIS

141 528 208 589 loco
230 530 308 588 intra
332 525 431 586 laleris
455 525 582 602 spatium
605 522 754 583 inclusum
784 530 830 584 est
852 529 990 601 stagnum
1015 538 1083 582 cnm
1107 521 1252 601 mammet

142 634 248 714 insula,
271 652 307 694 ex
331 650 389 713 qua
413 630 547 692 madbina
571 628 697 709 quadam
726 631 824 690 omnia
853 647 929 709 qnae
952 627 988 690 ad
1018 627 1162 690 edendnm
1184 628 1253 690 aar

142 739 303 802 bibendum
328 748 428 819 parata
452 736 581 799 suntad
605 735 709 798 sedilia
732 737 831 798 avium
854 735 1061 798 admoventur.
1103 731 1254 816 deuiqoeio

143 866 177 909 ea
200 856 284 928 parte
309 846 417 928 laleris,
441 863 517 926 quac
540 842 575 904 ad
595 850 735 923 stagnum
753 851 877 926 spectat,
896 842 976 924 qnod
995 847 1166 922 suggestum
1182 841 1257 904 tuen

142 964 245 1035 postea
269 955 388 1035 dicitur,
411 962 442 1015 et
465 956 495 1014 in
520 955 584 1033 ipso
609 955 741 1031 margine
762 952 859 1031 stagni
877 944 960 1033 (nam
979 951 1054 1012 baec
1072 956 1143 1012 sunt
1161 943 1259 1032 moola)
1314 928 1316 939 ¹

144 1064 259 1124 circum
283 1069 419 1122 excavata
443 1069 513 1121 suut
537 1058 652 1121 stabula
675 1060 814 1120 analium.

232 1168 280 1229 Ad
304 1167 372 1229 duo
396 1167 506 1246 pedes
529 1164 657 1244 altum]
687 1167 770 1228 Duos
793 1173 914 1245 praeter
939 1166 1108 1246 principem
1129 1162 1262 1226 editionem

145 1295 161 1337 a
185 1275 331 1337 Politiano
355 1292 414 1334 non
439 1280 605 1335 correctam
628 1271 740 1333 habent
762 1274 796 1333 m‘
816 1280 847 1333 et
865 1271 959 1334 codex
977 1270 1134 1346 Caesenss,
1156 1270 1204 1332 scd
1220 1273 1264 1333 duo

145 1382 258 1462 reliqna
282 1379 449 1462 apographa
473 1392 503 1441 et
525 1379 631 1441 deinde
651 1381 716 1440 siue
734 1378 879 1441 librorum
899 1379 1101 1460 discrepantia
1118 1381 1176 1440 duo
1193 1379 1266 1456 pede

146 1498 175 1552 et
197 1491 387 1566 semipedem.
424 1489 496 1548 item
517 1489 576 1548 dno
597 1488 653 1548 luit
672 1489 702 1547 in
722 1486 882 1568 archetypo
901 1485 914 1546 l
934 1483 985 1564 18,
999 1481 1030 1547 5.
1054 1484 1081 1545 ll
1100 1481 1130 1567 5,
1147 1482 1193 1547 12.
1210 1482 1265 1564 bt.

146 1594 176 1678 9,
203 1592 252 1658 16.
279 1593 320 1656 lll
340 1594 368 1675 l,
387 1592 416 1657 9.
451 1591 655 1676 16,10;27.
702 1596 778 1656 dnos
805 1595 835 1654 in
863 1593 1002 1654 omnibus
1032 1591 1119 1653 llbris
1146 1594 1267 1672 scripturo

145 1711 192 1764 est
215 1712 274 1781 ter,
302 1699 414 1784 110,1
445 1705 521 1763 dnos
548 1709 651 1777 aetus,
679 1698 794 1782 129,3
817 1703 894 1762 duos
915 1705 1029 1781 sulcos,
1058 1696 1190 1781 1111,4
1212 1701 1268 1760 door

151 1813 283 1884 coaptes.
426 1814 430 1823 '

236 1914 377 1977 Circum
397 1913 512 1975 lalere
531 1923 566 1975 et
590 1914 729 1975 naualia
754 1922 837 1975 suut
856 1923 1030 1975 excanata
1049 1915 1205 1975 anatium
1221 1919 1269 1973 sta·

150 2021 250 2101 bula]
275 2024 315 2083 Et
338 2025 480 2083 natatilia
503 2021 664 2105 lucundus,
687 2025 735 2083 uti
755 2025 879 2083 navalia
904 2021 1039 2102 Ursinus,
1062 2027 1093 2082 et
1115 2024 1270 2082 moolioer

149 2132 212 2191 suis
236 2130 319 2190 libris
344 2130 475 2190 restituit
499 2127 656 2190 Victorius.
693 2130 756 2208 ipsa
781 2130 845 2207 ripa
865 2130 961 2207 stagni
984 2127 1030 2189 vel
1051 2146 1155 2207 margo
1172 2126 1271 2208 pedalis,

148 2238 200 2316 qui
223 2236 310 2296 modo
334 2237 432 2296 (lictors
455 2242 528 2317 erat,
552 2243 675 2314 propter
699 2242 834 2295 excavata
858 2234 909 2295 illo
939 2234 1003 2296 loco
1028 2237 1058 2304 in
1084 2237 1210 2297 circuitu
1229 2241 1272 2294 sta-

148 2343 216 2404 bula
240 2345 370 2404 analium
394 2344 492 2403 iocose
516 2341 627 2402 dicitur
655 2341 775 2404 navalia.

240 2446 282 2511 15
314 2448 365 2510 lta
390 2457 427 2510 ut
451 2448 490 2509 ad
515 2458 713 2510 extremum
738 2448 797 2510 ubi
822 2448 937 2510 orbile
967 2447 1066 2511 solet
1092 2466 1174 2511 esso
1199 2450 1276 2510 acui-

151 2571 222 2619 tonr
247 2555 366 2618 tabula
391 2564 517 2617 cauata
541 2558 590 2617 sit
613 2565 651 2617 ut
674 2555 899 2637 tympanum]
927 2558 1060 2619 Acutum
1087 2555 1166 2618 edita
1188 2556 1278 2618 indeo

153 2665 288 2743 principe
312 2663 440 2746 editione
465 2663 656 2745 exemplaria,
684 2662 762 2743 qnod
787 2682 877 2743 pravo
902 2662 989 2723 modo
1012 2665 1225 2744 interpretatus
1243 2671 1279 2723 est

150 2767 319 2843 Turnebus,
345 2765 409 2829 ‘est
431 2778 530 2830 aritern
554 2769 647 2831 orbile
672 2770 838 2832 rotunditas
866 2772 961 2851 ipsius
983 2769 1081 2851 orbis,
1108 2773 1163 2850 qui
1184 2772 1281 2833 neuun

153 2877 183 2937 in
208 2876 266 2936 line
290 2870 362 2936 est'.
399 2893 459 2935 non
483 2878 582 2937 minus
605 2895 745 2956 perverse
766 2875 898 2957 Scaliger
916 2877 1044 2938 coniecit
1068 2880 1113 2939 ita
1134 2885 1169 2939 ut
1186 2880 1227 2939 nd
1241 2895 1282 2940 ec·

153 2990 289 3063 tremum,
317 2984 371 3044 nbi
392 2984 488 3045 orbile
514 2988 589 3045 solet
612 3003 688 3060 erse,
717 2986 881 3046 acetabulo
903 2991 1015 3045 cavato
1036 2987 1092 3059 sit,
1124 2983 1181 3045 bac
1202 2983 1286 3046 addita

150 3090 410 3172 interpretatione,
438 3083 610 3150 ‘columella
635 3089 699 3152 loco
723 3089 867 3170 cardinis,
892 3091 944 3169 qui
972 3093 1112 3152 convenit
1141 3094 1173 3152 in
1195 3108 1286 3153 carum

151 3195 251 3276 modii,
273 3194 362 3257 babet
385 3195 582 3280 acetabulum,
605 3198 635 3258 in
659 3195 739 3276 quod
764 3199 863 3277 potins
887 3199 951 3276 ipse
974 3203 1058 3258 rotae
1084 3198 1205 3259 modius
1227 3217 1286 3259 oon-

152 3297 261 3364 venit’:
285 3320 351 3363 nam
375 3301 557 3363 acetabulum
582 3321 636 3382 pro
660 3301 813 3364 acetabulo
837 3302 896 3363 dici
917 3301 1016 3363 voluto
1055 3306 1100 3364 o'tn
1119 3311 1156 3365 nt
1178 3307 1221 3366 od
1239 3324 1285 3367 ec·

152 3416 293 3483 tremum,
326 3410 381 3469 nbi
411 3411 507 3471 orbile
537 3415 613 3473 solet
643 3429 725 3490 csse,
758 3429 852 3472 arens
883 3427 953 3471 cnm
984 3409 1091 3472 tabula
1124 3415 1285 3475 creatori

153 3514 323 3575 Sobelierus
352 3513 387 3575 de
417 3533 449 3576 re
473 3517 633 3579 orbiculari
657 3515 709 3580 14
731 3535 760 3596 p.
779 3513 831 3579 49.
877 3525 1041 3578 arcuatum
1065 3519 1190 3598 scripsi,
1217 3517 1288 3599 qnod

153 3621 303 3681 Gesnerus
327 3623 462 3684 coniecit.
499 3624 550 3685 sed
575 3626 686 3685 rectius
710 3633 774 3685 erat
797 3622 930 3686 scribere
953 3632 1088 3686 arcuere
1113 3627 1220 3688 tabula
1244 3645 1290 3688 co·

153 3734 232 3788 vute.
270 3745 337 3787 narn
357 3730 386 3788 in
405 3729 559 3791 columella
579 3738 624 3791 est
638 3739 701 3791 rota
718 3731 838 3810 radiata,
855 3748 931 3810 quae
945 3728 1050 3791 avibus
1063 3731 1163 3792 ricem
1182 3750 1292 3794 mensae

153 3831 285 3914 praebet.
331 3837 361 3896 in
386 3839 450 3897 elus
472 3845 556 3917 parte
580 3846 725 3918 extrema,
754 3835 806 3898 ubi
834 3839 863 3898 in
892 3838 966 3897 rotis
994 3834 1091 3897 orbile
1121 3857 1188 3900 esse
1216 3839 1293 3920 solet,

159 3940 250 4002 radiis
273 3941 365 4001 adfixa
391 3950 436 4002 est
459 3953 577 4003 arcuata
602 3942 709 4025 tabula,
733 3962 808 4023 quae
832 3950 931 4004 cavata
951 3951 997 4004 est
1019 3943 1056 4005 ad
1076 3947 1210 4025 speciem
1228 3954 1292 4028 tyna

152 4050 231 4128 pani.
276 4066 308 4107 ea
334 4056 396 4108 rota
421 4068 437 4109 a
457 4067 550 4129 puero
574 4051 688 4112 circum
711 4068 796 4111 axem
818 4052 858 4111 ita
882 4051 1023 4131 vertitur,
1055 4057 1090 4113 ut
1113 4071 1151 4114 ea
1174 4055 1292 4133 quaein

152 4153 250 4215 tabula
276 4160 379 4213 carata
402 4154 437 4215 ad
462 4155 609 4219 edendum
634 4157 722 4219 etad
746 4155 908 4218 bibendum
932 4159 1030 4237 posita
1051 4159 1181 4221 suntad
1200 4179 1295 4224 ornnes

154 4277 223 4319 aves
246 4256 465 4322 admoveantur.

247 4360 286 4426 16
310 4364 375 4426 Ubi
389 4367 508 4429 solent
522 4387 602 4430 esse
617 4369 915 4452 peripatasmata]
937 4372 1189 4450 Peripatnsmotn
1204 4377 1293 4436 cornia

155 4471 336 4553 apographa,
364 4482 394 4534 et
418 4474 475 4536 boc
498 4476 615 4536 ridetur
638 4478 668 4538 ln
697 4477 856 4559 archetypo
885 4479 1031 4559 scripturn
1061 4480 1171 4563 luisse,
1196 4480 1294 4543 deinde
