2874 4994
369 433 372 440 .
436 351 567 407 RERVM
586 352 825 408 nvsrlcnnvot
849 352 1000 410 nlntio
1229 347 1288 415 171

139 521 215 566 esse
242 504 367 567 Ursinus
390 504 552 588 adnotavit,
575 506 653 587 quod
678 507 879 570 Schneiderus
910 511 1037 589 recepit:
1063 508 1104 570 111
1123 507 1153 590 2,
1172 507 1194 570 4
1215 528 1292 572 nuu-

140 614 222 675 cubi
243 615 295 675 bic
317 616 402 675 rides
424 617 545 677 citrum.

238 718 261 782 3
292 719 335 781 Ut
363 720 497 782 scribit
522 720 701 801 Timaeus]
726 722 797 784 Geli.
817 722 894 784 1111
923 723 1060 785 iimceus
1088 726 1120 784 in
1149 726 1294 805 historiis,

144 845 224 903 quas
248 831 387 889 oratione
406 847 525 905 praeca
549 832 587 892 ele
609 831 701 892 rebus
720 834 827 908 populi
848 832 982 892 Romani
1003 834 1177 911 composuit,
1200 841 1229 892 et
1251 833 1292 894 M.

152 933 256 995 Varro
282 936 314 995 in
342 938 576 1011 antiquitatibus
602 956 706 999 rerum
734 940 938 998 bumanorum
965 945 1082 999 terram
1106 939 1227 999 ltaliam
1256 941 1294 1000 de

145 1059 265 1116 praeeo
288 1044 434 1103 uocabulo
457 1047 640 1120 appellatam
662 1048 866 1126 scripserunt,
894 1048 1036 1120 quoniam
1066 1046 1153 1106 boues
1174 1064 1293 1120 praeca

147 1156 252 1210 uetere
272 1151 378 1224 linqua
402 1147 512 1211 troici
528 1154 655 1212 uocitati
669 1155 740 1231 sint,
757 1168 885 1227 quorum
909 1155 941 1212 in
961 1152 1053 1212 Italia
1072 1170 1185 1228 mnqna
1204 1157 1293 1230 copia

145 1254 258 1330 suerit,
282 1257 451 1332 bucetaque
477 1261 509 1318 in
542 1276 579 1319 ea
609 1266 696 1319 terra
723 1260 814 1334 qr'qni
835 1261 984 1336 pascique
1010 1262 1100 1320 solita
1127 1261 1189 1320 sint
1214 1277 1291 1321 com·

146 1364 291 1439 plurima.

243 1468 288 1530 Ut
310 1470 496 1533 diceretur
518 1471 643 1549 italus]
671 1474 730 1546 Qui
747 1476 904 1536 diceretur
928 1475 1025 1535 Italus
1048 1491 1084 1534 ex
1107 1473 1210 1535 Aldina
1234 1473 1292 1534 edi-

150 1579 232 1638 tione
257 1576 457 1640 Sohneiderus
480 1581 621 1642 restituit.

235 1682 258 1746 4
281 1685 385 1764 Agris
408 1684 635 1766 homogyros]
652 1690 744 1762 Aren
763 1679 931 1768 ὀνόγυρος
949 1685 1028 1747 edita
1047 1685 1115 1746 iude
1134 1685 1172 1746 ab
1191 1687 1294 1747 Aldina

149 1792 278 1854 editione
307 1791 493 1871 exemplaria.
540 1792 700 1873 Homogyri
727 1793 825 1873 Argivi
854 1794 1035 1854 mentionem
1063 1793 1175 1854 iecerat
1203 1794 1294 1855 Varro

150 1901 179 1960 in
202 1898 287 1959 libris
310 1899 458 1978 degente
482 1900 584 1979 popuii
608 1899 741 1980 Romani,
760 1920 776 1962 e
796 1899 905 1980 quibus
924 1901 1016 1979 petita
1035 1910 1106 1960 suut
1124 1900 1197 1961 haee
1216 1900 1292 1979 opud

149 2008 347 2086 Augustinum
376 2005 412 2066 de
441 2009 496 2069 civ.
524 2007 572 2068 dei
595 2006 686 2068 xviri
707 2005 741 2088 6,
774 2025 849 2087 qrrae
876 2006 1039 2067 Kettnerus
1072 2006 1148 2068 stud.
1172 2006 1294 2067 Varron.

147 2132 173 2175 a.
200 2109 287 2176 1865
309 2131 338 2193 p.
358 2111 399 2175 ot
424 2114 555 2176 secundo
579 2114 655 2176 libro
679 2114 796 2197 tribuit,
819 2117 921 2191 Arqus
944 2130 1063 2189 quoque
1090 2123 1160 2190 post
1182 2116 1294 2175 obitum

147 2225 223 2284 deris
246 2224 358 2283 baberi
383 2226 482 2300 coepit
513 2226 620 2300 templo
648 2231 677 2284 et
705 2225 869 2296 sacrifieiis
905 2224 1086 2300 bonoratur,
1113 2223 1167 2295 qui
1197 2222 1294 2281 bonor

147 2348 185 2391 eo
208 2339 359 2406 requame
382 2339 453 2391 ante
477 2333 560 2390 illum
583 2332 701 2391 delatus
729 2339 774 2391 est
800 2332 915 2391 bomini
936 2331 1061 2406 priacto
1084 2334 1113 2387 et
1132 2325 1294 2402 fulminato

145 2440 273 2498 cuidam
296 2438 482 2514 Homoqqro,
505 2454 541 2498 eo
563 2439 646 2513 quod
664 2441 783 2513 primus
806 2440 849 2498 ad
870 2443 1011 2497 aratrum
1034 2435 1122 2495 boves
1146 2437 1293 2495 iunxerit.
1332 2412 1336 2422 ¹

145 2543 256 2604 eodem
278 2546 430 2624 pertinere
459 2561 534 2623 quae
564 2543 709 2605 hocloco
738 2546 848 2624 scripta
876 2553 947 2604 sunt
974 2552 1004 2603 et
1031 2559 1106 2621 quae
1135 2539 1294 2602 Pausanias

143 2650 198 2710 vii
219 2647 272 2731 24,
290 2649 311 2712 2
334 2650 371 2710 de
395 2648 463 2710 lore
485 2650 656 2730 homogyrio
680 2660 780 2712 narrat
799 2649 923 2712 Carolus
942 2647 1078 2710 Frickins
1101 2648 1138 2708 de
1162 2647 1294 2710 sontibus

141 2759 306 2836 Augustini
331 2750 477 2840 (Hoexter
500 2776 524 2818 a.
546 2751 646 2842 1886)
669 2777 697 2839 p.
721 2757 758 2819 17
784 2757 942 2819 adnotavit.

237 2863 326 2925 Noui
350 2865 453 2944 inqui
482 2865 564 2926 diue
589 2864 827 2945 maiestatem]
852 2867 929 2926 Noui
951 2868 1048 2940 inquit
1071 2866 1180 2928 Menas
1202 2870 1294 2928 maie-

138 2979 254 3033 statem
278 2970 436 3033 iucundus.
484 2975 581 3047 iuquit
604 2976 653 3035 ille
676 2972 833 3035 Victorius.
887 3017 894 3026 .

238 3077 397 3159 Bysyoon
428 3077 589 3158 bupaeda
621 3077 792 3156 bolimon]
823 3077 904 3139 Paul.
933 3097 994 3138 erc.
1023 3076 1101 3139 Fest
1131 3098 1159 3159 p.
1179 3077 1230 3160 32,
1252 3077 1293 3140 10

139 3188 298 3247 Bulimum
319 3186 433 3246 Graeci
449 3202 590 3260 muqnam
607 3187 720 3262 samem
739 3189 847 3247 dicunt
864 3189 979 3246 assueti
996 3189 1114 3260 maqnis
1134 3194 1162 3247 et
1185 3190 1293 3263 amplis

139 3295 240 3354 rebus
266 3310 457 3368 praeponere
489 3294 541 3371 bu,
574 3312 593 3352 a
625 3296 834 3369 maqnitutline
864 3296 984 3355 scilieet
1012 3294 1101 3353 bouis.
1147 3296 1219 3354 binc
1250 3303 1294 3355 est

139 3401 231 3476 quod
246 3401 383 3474 prandes
399 3403 493 3476 pueri
510 3401 667 3476 bupuedas
685 3404 839 3478 appellant
860 3410 889 3460 et
907 3404 1071 3461 marr'scam
1091 3402 1185 3473 ticum
1205 3402 1292 3477 busq-

139 3526 214 3569 con.
252 3524 326 3586 quae
350 3525 366 3566 a
390 3505 521 3567 Varrone
545 3509 636 3587 petita
661 3525 728 3568 esse
752 3507 899 3569 Victorius
923 3507 1081 3569 adnotavit.
1281 3487 1282 3490 Ἴ

237 3611 258 3676 5
290 3612 404 3675 Filius
427 3615 582 3692 neptuni
605 3631 622 3674 a
644 3613 861 3695 menalippe]
886 3616 915 3674 E
936 3617 1112 3692 Menalippa
1136 3613 1292 3675 Victorius.

140 3721 238 3784 simili
257 3722 400 3782 brevitate
419 3720 496 3781 dicta
516 3729 586 3782 sunt
606 3721 687 3802 haec,
706 3724 737 3782 in
758 3720 867 3800 qrribus
886 3722 924 3781 ab
943 3722 1122 3799 praepositio
1146 3720 1181 3780 ad
1205 3723 1292 3800 origi-

141 3847 218 3891 nem
241 3847 342 3890 rerum
365 3828 411 3890 vel
429 3829 583 3890 hominum
603 3828 788 3889 indicandam
808 3825 975 3889 nominibus
994 3826 1091 3887 addita
1111 3838 1165 3908 est,
1185 3827 1211 3888 11
1227 3826 1255 3908 i,
1273 3825 1290 3889 1

137 3945 285 4015 pastores
304 3955 323 3997 a
342 3938 525 4024 Perqamide
544 3935 710 4011 Maledove,
730 3933 756 3994 11
778 3933 867 4015 11‚2
890 3939 939 3995 lac
957 3937 1062 3994 melius
1084 3942 1129 3994 est
1152 3953 1172 3993 a
1192 3938 1291 3996 ualen-

141 4045 237 4118 tibus,
261 4042 296 4102 de
316 4042 385 4122 ling.
404 4043 451 4104 lat.
472 4042 494 4100 V
513 4041 553 4105 31
580 4045 653 4103 Asin
677 4045 761 4103 elicta
784 4045 823 4104 ab
847 4044 986 4119 nympha,
1010 4059 1030 4101 a
1052 4059 1124 4118 qua,
1138 4049 1167 4102 et
1187 4042 1292 4118 Iapeto

140 4153 286 4214 traditur
309 4153 515 4212 Prometheus.

108 4336 112 4340 .
239 4256 345 4318 Nasci
381 4257 610 4319 dulcissimas
647 4276 731 4337 apes
769 4257 886 4318 mellis
923 4265 1053 4317 matres
1087 4275 1103 4316 a
1135 4274 1202 4336 quo
1235 4274 1294 4317 eas

138 4367 272 4448 graeci
289 4363 451 4443 hugones
469 4363 667 4444 appellant]
683 4367 778 4425 Nasci
795 4383 867 4442 apes
886 4367 1052 4425 dulcissimi
1068 4366 1162 4425 mellis
1180 4373 1295 4426 matres

137 4472 306 4553 legendum
331 4470 471 4550 volupes
494 4470 652 4533 dedendum
677 4488 743 4532 esse
767 4470 892 4533 Ursinus
916 4471 1050 4531 coniecit.
1069 4503 1106 4514 -
1123 4463 1294 4552 βουγόνας
