2874 4994
248 308 290 372 98
608 317 798 373 COMMENT.
817 319 856 372 IN
876 317 1033 373 CATONIS

249 491 353 533 eorum
384 475 593 548 suliuqiorum
625 478 700 536 loris
724 495 783 553 per
810 478 941 536 medium
968 480 1188 552 temperantur,
1221 476 1387 548 aequaliter

251 583 379 642 trallunt
401 599 505 641 onera.

334 688 432 747 LXIV
458 685 473 747 1
500 685 585 747 Olea
607 686 669 746 ubi
692 697 829 748 matura
852 690 924 749 erit
946 686 1023 767 sqq]
1051 686 1164 750 Plinius
1187 687 1239 748 XV
1258 685 1301 749 21
1325 697 1388 768 post

247 812 380 872 eaquae
409 812 499 873 supra
528 813 552 854 c.
573 791 593 854 6
617 794 754 854 adnotata
782 805 853 855 sunt
879 797 980 874 posuit
1006 794 1096 876 haec,
1123 814 1198 874 quae
1222 813 1284 855 non
1306 793 1388 874 piane

247 909 384 962 accusate
404 920 440 961 ex
461 901 581 961 Catonis
599 904 766 981 praeceptis
786 920 925 981 expressa
946 920 1012 962 esse
1030 912 1162 984 apparet,
1183 906 1282 964 oleum
1302 920 1388 978 quam

247 1011 446 1071 acerbissima
473 1012 553 1070 oliva
580 1013 722 1085 optimam
747 1012 829 1082 fieri.
875 1018 977 1071 cetero
1000 1027 1091 1085 quam
1109 1014 1241 1087 primum
1266 1017 1389 1071 eterra

247 1120 465 1193 colliqendam;
496 1120 524 1177 si
555 1119 716 1192 inquinata
747 1120 799 1190 sit,
832 1120 1012 1187 lavarrdam;
1042 1120 1159 1178 siccari
1185 1120 1289 1179 triduo
1317 1120 1389 1178 soie's

247 1244 326 1286 esse:
357 1229 386 1287 si
410 1229 512 1300 qelent
536 1223 675 1300 sriqora,
702 1231 813 1299 quarto
842 1226 892 1285 die
916 1226 1128 1301 premendam:
1159 1226 1240 1285 lanc
1270 1231 1301 1285 el
1329 1228 1389 1286 sole

247 1336 378 1410 asperqi.
425 1336 521 1394 oleum
556 1335 587 1392 in
619 1333 755 1393 tabulato
787 1335 884 1392 minui
914 1333 1108 1407 deteriusque
1135 1334 1226 1412 fieri,
1259 1334 1329 1393 item
1359 1334 1389 1392 in

247 1457 376 1500 amurca
404 1448 432 1500 ct
457 1438 608 1514 fracibus.
653 1441 809 1499 lraesuni
837 1446 1006 1499 cerneret
1037 1440 1108 1499 inde
1135 1437 1249 1512 faeces.
1296 1456 1389 1514 quare

247 1550 369 1623 saepius
393 1549 443 1606 die
461 1548 676 1625 copulandum,
696 1553 862 1622 praeterea
882 1547 1014 1605 conclus
1038 1554 1068 1607 et
1081 1547 1238 1622 plumbeas
1257 1548 1390 1607 cortines

248 1648 410 1731 (concitam
429 1661 459 1714 et
477 1657 507 1713 in
525 1655 681 1730 plumbeas
695 1656 847 1713 scortinas
862 1651 952 1712 codex
969 1646 1172 1734 Lemannus),
1191 1672 1268 1715 aere
1282 1656 1391 1713 uitiari.

245 1761 436 1836 serventibus
459 1764 560 1821 omnio
588 1779 625 1821 ea
650 1764 724 1833 fieri
748 1763 920 1835 clausisque
943 1763 1152 1822 torcularibus
1175 1770 1204 1821 et
1226 1778 1319 1836 quam
1343 1763 1391 1820 mi

248 1871 327 1929 nime
351 1871 510 1941 ventilatis,
535 1871 601 1929 ideo
625 1886 681 1928 nec
704 1872 789 1942 liquo
813 1871 856 1928 ili
873 1871 965 1928 caedi
982 1878 1136 1944 oportere:
1159 1886 1221 1944 qua
1240 1870 1280 1928 de
1299 1886 1392 1929 causa

248 1994 265 2035 e
288 1979 403 2036 nucleis
431 1979 567 2052 ipsarum
596 1979 674 2049 iqnis
703 1978 883 2051 aptissimus.
930 1994 970 2035 ex
997 1979 1124 2036 cortinis
1155 1979 1186 2035 in
1210 1976 1303 2035 labra
1323 1973 1393 2050 sun·

248 2084 388 2155 alendum,
411 2089 445 2141 ut
464 2081 572 2156 fraces
595 2090 625 2142 et
648 2100 777 2142 amurca
800 2085 987 2156 linquantur.
1033 2084 1070 2142 od
1101 2084 1135 2142 id
1155 2083 1299 2143 crebrius
1321 2098 1393 2141 vaso

247 2192 408 2266 crulanda,
437 2192 565 2262 fiscinas
597 2192 725 2264 sponqia
757 2192 934 2264 terqeutlas,
967 2197 1000 2249 ut
1032 2207 1122 2263 quam
1149 2193 1284 2249 maxime
1312 2206 1393 2265 puro

247 2299 409 2356 sinceritas
429 2303 551 2356 constet.
589 2313 687 2374 neque
706 2293 866 2355 Columella
886 2293 939 2354 xli
958 2292 1010 2376 52,
1032 2292 1072 2356 18
1090 2294 1176 2375 plura
1201 2313 1291 2374 quam
1314 2313 1393 2355 nunc

248 2402 391 2463 habemus
421 2402 504 2483 legit,
533 2405 611 2462 sicut
640 2401 805 2461 editoribus
833 2404 928 2462 visam
953 2411 1011 2481 est,
1039 2401 1090 2462 sed
1120 2421 1194 2481 quae
1223 2402 1394 2462 brevitere

248 2510 357 2570 Catone
389 2519 546 2587 praecepta
575 2519 660 2568 erant
688 2512 752 2588 ipsc
780 2512 862 2570 etexit
891 2517 920 2569 et
944 2507 1112 2589 explicavit,
1143 2511 1289 2585 Plerique
1310 2512 1392 2584 aqri-

249 2621 387 2677 aolarum
411 2619 619 2695 crediderunt,
642 2620 671 2676 si
691 2619 746 2677 sul)
770 2624 848 2677 tecto
872 2619 951 2677 baca
975 2620 1153 2693 deponatur,
1176 2621 1275 2677 oleum
1298 2620 1331 2677 in
1350 2623 1393 2677 io·

248 2726 350 2784 lulolo
373 2741 528 2803 crescere,
556 2725 638 2797 quod
664 2732 725 2784 tam
745 2714 859 2799 ‘salsum
883 2731 938 2802 est,
969 2742 1059 2799 quam
1083 2728 1113 2784 in
1138 2742 1215 2785 area
1234 2722 1393 2798 frumento

245 2834 466 2911 prandescere,
496 2833 586 2905 idque
613 2833 804 2891 mendacium
834 2839 917 2891 oetas
945 2834 995 2891 ille
1018 2833 1148 2892 Porcius
1174 2833 1248 2891 Coto
1277 2833 1324 2891 sic
1347 2849 1393 2891 re

244 2937 331 3013 [ellit.
378 2941 422 2997 ait
445 2941 523 2997 enim
548 2941 578 2997 in
602 2939 738 2998 tabulato
762 2941 934 3013 conruqari
955 2941 1064 2998 olivam
1087 2941 1295 3012 minoremque
1313 2940 1393 3010 fieri.

244 3053 371 3122 propter
394 3048 483 3124 quod,
507 3062 575 3105 cum
596 3044 678 3121 socii
698 3048 788 3105 unitis
812 3063 984 3106 metesinum
1008 3049 1141 3107 rusticus
1164 3047 1218 3106 sul
1242 3053 1324 3106 tecto
1347 3064 1393 3105 re-

243 3155 382 3228 posuerit
405 3160 523 3228 etpost
544 3157 652 3212 mrrltos
676 3155 740 3212 dies
764 3170 830 3212 eam
854 3156 967 3214 molere
990 3156 1127 3226 voluerit,
1150 3154 1261 3213 oblitus
1276 3154 1393 3228 prioris

247 3276 417 3333 mensurae,
441 3277 531 3334 quom
551 3260 704 3337 iretulerat,
724 3277 763 3319 ex
782 3262 842 3320 alio
861 3278 973 3320 acervo
992 3263 1130 3321 similiter
1149 3261 1278 3336 seposito
1297 3276 1393 3333 quan·

247 3373 308 3426 tum
327 3361 547 3448 (quantumque
565 3365 657 3424 codex
674 3358 952 3446 Sangermaaensis)
970 3384 1132 3427 mensurae
1150 3365 1249 3440 defuit
1266 3368 1392 3443 supplet,

247 3492 340 3548 eoque
356 3471 441 3548 facto
461 3474 603 3531 uidentur
618 3474 687 3546 plus
706 3474 863 3546 requietae
881 3490 972 3547 quom
991 3481 1128 3534 recentes
1142 3475 1239 3534 bacae
1253 3468 1393 3555 (uidetur

242 3585 312 3657 plus
335 3583 488 3653 requietae
511 3596 602 3652 qaam
625 3582 757 3639 recentis
781 3581 878 3640 lacae
904 3579 995 3640 codex
1021 3573 1299 3662 Sangermauensis)
1325 3582 1392 3642 red·

247 3691 334 3766 dere,
363 3704 431 3746 curn
459 3689 547 3759 lonqe
571 3689 676 3761 plures
700 3689 813 3747 modios
837 3690 1000 3762 acceperit.
1047 3695 1178 3749 attamen
1204 3696 1236 3749 ut
1259 3690 1394 3749 maximae

247 3796 281 3853 id
303 3812 405 3853 acriam
434 3800 525 3866 esset,
554 3795 648 3853 ailrilo
676 3797 776 3853 minus
798 3812 839 3854 ea
857 3797 958 3870 prelio
987 3796 1094 3854 viridis
1121 3798 1181 3856 olei
1202 3799 1274 3872 plus
1301 3812 1392 3870 quam

246 3903 437 3961 multitudine
459 3903 533 3960 mali
555 3918 743 3961 nummorum
768 3904 971 3961 contraditur.
1008 3904 1113 3962 sedet
1140 3903 1213 3962 Gaio
1237 3904 1333 3964 dicit:
1355 3920 1394 3962 ne

245 4011 290 4068 sie
309 4011 428 4082 quidem
448 4011 609 4082 quicquam
630 4002 719 4090 (dicit
738 4012 830 4068 etsie
848 4010 968 4082 quidem
987 4011 1130 4082 quiquam
1152 4008 1245 4069 codex
1266 4007 1392 4089 Sanger·

246 4108 409 4194 mancosis)
430 4118 577 4190 ponderis
601 4123 654 4175 aut
673 4134 834 4176 mensurae
853 4118 916 4176 oleo
936 4118 1064 4188 accedit,
1088 4119 1116 4176 si
1130 4119 1301 4191 portionem
1321 4119 1392 4178 uelis

246 4224 277 4279 in
303 4221 421 4294 [action
451 4225 591 4283 adiectae
614 4225 711 4282 bacae
734 4230 911 4298 conputare.
955 4230 1142 4298 quapropter
1165 4225 1309 4284 dubitare
1332 4242 1391 4285 non

246 4328 386 4386 deierans
405 4330 640 4397 leciaauolioom
656 4331 756 4402 primo
776 4346 894 4404 quoque
912 4338 1045 4405 tempore
1059 4334 1230 4391 commolere
1244 4335 1392 4408 preloque

243 4435 392 4493 subicere.
