2874 4994
148 318 212 384 244
489 322 681 380 connexu.
700 323 739 379 ru
757 323 946 381 sunnonis
1305 317 1309 390 l

148 481 301 543 ordinatae
325 489 404 542 sunt.
442 497 532 559 super
555 479 607 540 bas
629 498 645 540 a
669 497 784 542 summa
802 481 930 542 macerie
949 479 986 541 ad
1004 479 1157 562 epistylnm
1171 480 1251 544 colun
1303 389 1309 544 l

147 607 253 650 narum
277 597 307 649 et
330 589 408 648 inter
432 588 511 666 ipsas
536 585 688 647 columnas
712 595 759 648 est
780 589 861 649 retis
878 587 1052 651 cannabino.
1304 560 1309 697 l

241 696 421 756 Cannabiaca
449 693 575 773 plurima
604 693 770 773 apographa
806 702 837 756 et
864 692 1026 776 Victorius,
1054 695 1194 757 cmwiao
1211 694 1254 756 edi·
1305 713 1309 767 ς

147 804 244 864 tiones
272 809 341 862 ante
370 799 546 880 Victoriam,
568 798 657 878 vquod
686 798 849 861 Politianus
876 817 938 860 non
965 803 1109 884 correxit,
1138 809 1167 862 et
1187 801 1254 862 otu
1306 785 1309 815 ⁵

148 908 303 970 Caesenas.

237 1016 355 1077 Auidus
380 1017 556 1089 omnigenus
579 1018 617 1073 et·
632 1011 739 1073 deiude
770 1009 811 1074 14
833 1031 909 1075 aues
934 1020 1006 1076 sont
1031 1017 1198 1091 donperre
1218 1014 1257 1075 iult

146 1126 178 1184 in
202 1122 371 1202 archetypo,
395 1119 445 1180 sed
470 1119 482 1179 l
501 1116 588 1200 29,1
609 1122 776 1181 seminaria
795 1137 882 1183 omne
897 1138 996 1197 penus
1013 1130 1046 1182 et
1063 1119 1104 1182 lll
1122 1118 1182 1204 aa
1195 1137 1258 1183 onae

144 1249 242 1305 penas
265 1231 380 1291 obiecto
400 1227 565 1304 frumento.

241 1338 331 1397 Cibus
353 1339 548 1396 ministratur
570 1333 737 1414 apographa
761 1343 791 1396 et
814 1353 849 1396 ex
869 1337 935 1416 ipso
953 1334 1116 1416 archetypo
1133 1333 1260 1414 Victorias,

146 1445 234 1524 cibus
262 1446 497 1504 administratur
522 1459 549 1501 nr
578 1450 608 1502 et
636 1441 783 1503 editiones
812 1452 880 1503 ante
904 1441 1081 1525 Victoriam,
1109 1441 1183 1522 quod
1204 1431 1260 1502 loll

147 1551 246 1611 tianus
270 1568 329 1611 non
353 1550 491 1611 correxit.

238 1655 278 1719 12
311 1654 515 1717 Secundum
539 1653 738 1735 stylobatis
761 1657 983 1716 interiorem
1006 1663 1144 1735 partem
1166 1654 1264 1715 dextra

147 1774 181 1826 et
204 1765 360 1825 sinistra
384 1761 423 1823 ad
448 1779 613 1823 summam
635 1780 750 1823 aream
770 1761 978 1842 quadratam
998 1781 1015 1823 e
1035 1762 1149 1824 medio
1168 1761 1264 1824 diuer-

146 1890 204 1932 sae
228 1870 318 1930 dnae
341 1888 410 1930 non
433 1868 526 1929 latae
545 1867 719 1948 oblongae
743 1876 828 1930 sunt
850 1867 1032 1948 piscinae]
1054 1871 1121 1932 Noa
1138 1869 1266 1931 lotuesed

146 1979 294 2053 oblongae
326 1978 470 2055 impressa
499 1975 569 2036 inde
598 1992 614 2035 a
646 1977 780 2055 principe
804 1974 936 2036 editione
962 1967 1151 2057 exemplaria,
1182 1992 1266 2037 secto·

146 2086 217 2145 dam
240 2084 407 2160 stylobatas
435 2085 584 2143 interiore
602 2089 695 2158 porte
724 2090 755 2142 et
777 2081 884 2142 deinde
913 2086 1053 2144 emedio
1076 2082 1208 2144 Ursinus
1236 2083 1267 2140 in·

147 2192 287 2252 teriorem
311 2187 464 2269 stylobatis
487 2198 603 2267 partem
626 2186 685 2248 diei
708 2205 773 2248 eam
796 2205 872 2267 quae
896 2205 995 2249 aream
1020 2189 1206 2269 interiorem,
1224 2204 1268 2248 non

146 2317 222 2378 quae
241 2298 399 2359 maceriam
419 2297 606 2378 exteriorem,
625 2295 757 2376 respicit,
776 2293 906 2356 diversas
929 2297 1060 2375 piscinas
1083 2303 1191 2377 autem,
1210 2310 1268 2374 qnae

146 2424 201 2485 per
220 2407 355 2466 semitam
379 2405 456 2463 inter
479 2410 637 2482 utramque
655 2410 884 2482 procurrentem
902 2401 1013 2464 divisae
1037 2413 1117 2486 sunt,
1142 2401 1271 2463 Gesnerus

145 2511 304 2575 adnotavit
341 2530 358 2572 e
380 2512 479 2572 medio
498 2518 545 2571 est
564 2528 600 2570 ex
623 2508 720 2569 media
742 2510 864 2588 regione
887 2527 987 2570 areae:
1011 2508 1023 2569 l
1043 2506 1097 2590 51,
1117 2507 1135 2572 1
1155 2528 1173 2572 a
1193 2509 1271 2570 medb

145 2621 189 2679 ad
210 2625 388 2680 extremam.
679 2691 684 2698 ,

236 2724 347 2785 Extra
372 2741 431 2784 eas
454 2723 638 2785 columnas
661 2731 717 2784 est
745 2722 837 2783 silua
860 2741 962 2784 manu
991 2730 1068 2785 sata
1096 2722 1274 2804 grandibus

145 2830 339 2892 arboribus
363 2839 460 2891 tecta
483 2841 522 2892 ut
544 2831 671 2891 infima
694 2828 885 2910 perluceat
907 2837 983 2892 tota
1003 2841 1106 2911 septa
1124 2831 1275 2893 maceriis

145 2936 245 3016 altis]
274 2939 364 3000 Tecta
388 2937 424 2998 ab
448 2937 504 2998 hoc
527 2937 592 2998 loco
612 2936 741 2998 alienum
761 2945 815 2998 est.
853 2954 919 2998 narn
943 2947 1027 2999 extra
1046 2937 1200 2999 columnas
1219 2937 1276 2999 silva

145 3054 192 3106 est
215 3063 302 3106 manu
328 3053 391 3105 sata
413 3044 570 3106 arboribus
598 3041 773 3123 grandibus,
802 3045 843 3104 ita
867 3052 900 3104 ut
922 3045 953 3103 in
984 3045 1084 3105 infima
1112 3055 1198 3125 parte
1223 3063 1277 3125 per

145 3151 255 3233 luceat,
284 3170 359 3231 quae
383 3161 444 3213 tota
473 3152 539 3213 altis
568 3151 706 3212 maceriis
735 3158 834 3229 saepta
863 3157 917 3211 est
955 3149 1007 3210 sed
1036 3170 1070 3212 ea
1095 3170 1155 3232 qna
1178 3154 1278 3213 ratione

145 3257 301 3319 arboribus
322 3268 398 3321 tecta
418 3260 544 3341 dicatur,
567 3278 627 3321 non
647 3258 838 3338 intellegitur.
875 3275 967 3337 quare
991 3256 1088 3320 deleri
1107 3258 1279 3339 vocabulum,

144 3367 223 3446 quod
247 3385 283 3427 ex
306 3385 396 3447 prava
419 3369 568 3448 scriptura
592 3368 657 3428 eius
681 3365 759 3446 quod
784 3366 921 3445 sequitur
944 3370 1007 3426 toto
1026 3363 1086 3427 buc
1107 3365 1224 3430 videtur
1243 3367 1280 3426 in·

144 3472 234 3533 latum
259 3492 333 3534 esse.

234 3577 275 3640 13
308 3577 410 3640 lnter
434 3581 617 3642 columnas
646 3581 850 3641 exteriores
878 3597 941 3659 pro
969 3580 1112 3659 pariete
1141 3580 1281 3643 reticuli

144 3688 293 3747 eneruis
317 3695 401 3748 sunt
425 3697 461 3749 ut
484 3689 646 3767 perspici
670 3688 705 3747 in
729 3686 821 3747 silua
840 3687 958 3765 possit
976 3693 1012 3748 et
1029 3704 1120 3766 quae
1140 3687 1192 3750 ibi
1208 3696 1282 3750 sunt

144 3810 259 3875 neque
293 3795 370 3855 auis
403 3813 440 3855 ea
474 3793 654 3872 transire]
685 3794 826 3871 Perspice·
852 3800 882 3853 et
910 3791 1017 3854 deinde
1043 3800 1127 3869 quoe
1155 3797 1200 3856 idi
1221 3793 1280 3855 libri

144 3888 232 3962 manu
265 3902 368 3980 scripti
401 3920 513 3962 omnes.
552 3902 647 3961 errori
675 3899 813 3961 Politiani
846 3898 964 3961 ridetur
993 3898 1190 3964 tribuendum
1216 3918 1280 3981 esse,

143 4006 221 4086 quod
246 4008 275 4068 in
300 4010 436 4088 principe
460 4007 590 4068 editione
611 3987 750 4085 prospici
772 4026 831 4068 non
855 4008 986 4068 correxit
1008 4016 1039 4069 et
1057 4011 1114 4084 pat
1135 4028 1191 4089 pro
1212 4025 1280 4086 poue

143 4132 159 4174 e
183 4113 285 4174 codice
309 4114 466 4176 adnotavit.
511 4119 636 4176 reticuli
662 4134 679 4176 e
706 4118 808 4176 nervis
831 4113 910 4175 edita
932 4112 1043 4175 indea
1070 4117 1207 4197 principe
1227 4113 1280 4176 edi·

142 4221 223 4280 tione
254 4218 438 4298 exemplaria.
481 4224 620 4298 perspici
647 4224 678 4283 in
704 4225 810 4282 siluam
838 4219 997 4283 Turnebus
1024 4221 1144 4285 advers
1164 4220 1218 4305 21,
1234 4216 1279 4282 23.

143 4343 196 4386 aas
219 4329 355 4388 transire
377 4345 413 4388 ex
437 4328 567 4389 secunda
587 4327 718 4389 editione
736 4326 860 4389 Victorii
878 4337 1034 4407 receptum
1052 4337 1131 4411 erat,
1150 4349 1187 4392 eo
1204 4336 1278 4390 troa-

141 4433 205 4493 sire
223 4430 424 4495 Schneiderus
439 4435 580 4496 restituit.
617 4433 760 4496 reticulos
775 4454 792 4496 e
809 4436 909 4496 nervis
924 4433 1063 4497 Kellerus
1077 4435 1168 4498 annal
1189 4431 1276 4518 philol
