2874 4994
149 115 193 180 84
490 94 946 183 sennenncnvseeouls

145 278 340 352 frumentum.
387 278 422 340 sd
447 280 570 342 eandem
594 281 796 342 definitionem
819 283 972 361 pertinent
994 279 1069 342 haec
1091 281 1123 341 in
1145 284 1271 362 exaerpu

149 385 233 447 Pauli
251 383 400 467 p.108‚9
420 406 520 465 porco
540 398 640 450 antem
659 395 705 449 est
727 391 808 449 inter
830 389 907 449 dnos
927 390 1030 450 sulcos
1048 394 1137 451 terra
1152 391 1273 451 maest.

149 491 234 553 aliem
244 492 444 555 definitionem
456 495 537 556 dedit
547 494 654 556 Festus
663 492 775 576 pits,
784 491 833 576 16,
844 493 928 555 aliam
939 492 1032 556 Varro
1042 491 1290 575 deiingdutidi).

236 606 314 660 XXX
337 600 430 663 Hace
453 602 536 664 fieri
561 612 704 683 segetes
727 602 876 663 runcari
898 599 1044 662 herbam
1067 619 1085 662 e
1108 599 1297 680 segetibus

147 712 342 790 expurgari
376 708 487 770 boues
524 718 657 770 terrem
685 704 942 788 proscindere]
975 708 1064 770 Haeo
1087 710 1163 781 fieri
1187 708 1307 769 deden!

147 815 226 876 edita
249 826 317 877 ante
336 815 499 877 Victorinus
523 816 709 897 exemplaria,
734 814 812 895 quod
830 813 996 877 Politianus
1018 815 1050 874 in
1073 814 1208 894 principe
1227 813 1314 875 eii·

148 924 229 982 tione
262 940 321 984 non
354 925 492 984 correxit.
539 925 660 1005 debent,
694 922 773 1002 quod
801 920 914 982 Merula
942 918 1112 1003 addiderat,
1144 921 1176 981 in
1206 937 1314 982 minu

147 1029 267 1107 seriptis
300 1028 384 1089 libris
416 1029 472 1090 hoe
500 1029 565 1091 loco
594 1048 653 1090 non
680 1028 790 1108 legitur
817 1037 849 1089 et
875 1045 892 1088 e
920 1025 1053 1089 Victoria
1082 1025 1214 1089 deietum
1235 1035 1314 1090 est.

149 1144 266 1212 repetes
284 1140 424 1212 rancori,
444 1145 559 1198 terram
575 1140 736 1215 proscindi
754 1135 890 1217 Ursinus,
909 1132 988 1214 quod
1009 1132 1211 1195 Schneiderus
1226 1151 1313 1214 pro-

146 1240 233 1303 bavit.
272 1242 369 1305 addita
394 1253 535 1305 consueta
559 1244 684 1306 formula
708 1247 742 1305 ia
763 1249 816 1324 est,
833 1240 871 1303 de
895 1260 953 1322 que
975 1238 1069 1301 dixii
1089 1237 1123 1321 9,
1140 1237 1172 1323 2,
1189 1241 1304 1320 scripsi

144 1351 223 1410 iaec
242 1353 331 1426 neri,
349 1360 464 1426 seoetes
482 1355 625 1424 rancori,
645 1353 679 1411 id
696 1357 742 1412 est
762 1351 889 1411 heroam
908 1366 926 1410 e
943 1348 1097 1424 seoetttos
1115 1351 1295 1429 expertam

145 1457 233 1518 boves
256 1465 372 1518 terram
392 1461 602 1534 proscindere.
639 1475 706 1519 uem
729 1456 868 1531 infinitivi
890 1472 950 1515 non
973 1451 1075 1515 addito
1100 1451 1192 1514 verbo
1209 1453 1287 1515 nnita

147 1563 177 1623 in
201 1561 248 1623 his
271 1565 439 1644 praeceptis
462 1565 552 1645 positi
576 1574 646 1625 sunt
669 1566 797 1644 saepius.

235 1669 330 1741 Quae
368 1674 559 1751 superiore
596 1682 756 1751 tempore
793 1669 879 1731 iieri
915 1669 1129 1748 oportuerit
1160 1673 1196 1727 et
1223 1683 1275 1727 non

144 1785 229 1838 sunt
265 1776 431 1838 absoluta
468 1786 657 1858 antequem
693 1794 847 1858 gemmas
883 1782 990 1855 agant
1021 1791 1060 1834 ae
1094 1772 1272 1834 iioreseere

145 1885 326 1964 incipiant
358 1885 443 1945 iieri
475 1885 567 1965 quod
599 1887 629 1946 si
658 1903 746 1965 quae
775 1883 860 1945 ioiia
888 1885 1036 1943 mittere
1065 1879 1189 1942 solent
1212 1888 1270 1940 ante

144 1990 315 2051 frondere
352 1994 564 2072 inciperunt
600 1993 722 2052 statim
758 1991 799 2051 ad
836 1987 1029 2051 serendum
1063 1986 1195 2048 idonea
1223 2002 1269 2046 nen

143 2095 240 2175 sunt]
269 2099 455 2175 Oportuerat
487 2117 516 2159 m
549 2107 579 2158 et
609 2098 686 2159 edita
719 2106 786 2159 ante
819 2096 967 2159 Iuntinam
1002 2093 1166 2156 editionem
1196 2108 1268 2153 eren·

143 2203 244 2282 piaris.
287 2223 341 2284 pro
362 2209 437 2279 fieri
457 2214 587 2285 utroque
610 2204 676 2266 loeo
698 2208 763 2266 seri
784 2202 977 2265 scribendum
1000 2201 1133 2263 coniecit
1154 2197 1269 2276 Ursinu3

143 2315 223 2385 fiant
246 2313 411 2389 posteriore
435 2310 500 2373 ioeo
523 2310 671 2373 hebebant
700 2311 846 2372 editiones
873 2319 942 2371 ante
966 2307 1143 2370 victorium.
1186 2301 1268 2366 deinde

143 2421 280 2478 emittere
303 2425 333 2476 et
361 2427 431 2480 ante
456 2395 599 2494 frondem
626 2436 664 2479 m.
688 2420 770 2494 qaod
790 2422 818 2479 si
848 2415 1026 2494 quaesatio
1048 2414 1268 2483 monocrator,

144 2532 216 2584 ante
231 2523 373 2600 frondem
388 2528 504 2599 florere
522 2529 719 2606 incoeperint,
737 2528 838 2586 statim
857 2525 1082 2586 adserendum
1101 2523 1208 2582 idonea
1226 2532 1267 2578 not

142 2638 215 2690 sant
237 2629 357 2711 Merula,
381 2633 613 2708 quadrionae
638 2630 716 2706 solia
739 2634 877 2692 emittere
903 2633 1000 2691 soient
1026 2636 1084 2689 ant
1111 2622 1267 2700 antester

143 2739 226 2815 dere,
250 2755 340 2813 qaam
359 2740 475 2813 llorere
498 2741 676 2816 inceperint,
699 2740 800 2799 statim
824 2739 868 2798 ad
893 2737 1057 2799 serendum
1081 2737 1208 2796 idoneae
1224 2745 1265 2790 nor

142 2851 213 2904 sunt
230 2842 392 2926 iucundus,
410 2848 493 2920 qaod
513 2849 542 2906 si
563 2864 642 2921 qnae
661 2843 739 2920 sotio
758 2847 899 2905 omittere
921 2845 1026 2916 soient,
1050 2849 1124 2903 ante
1143 2839 1266 2917 frondete

141 2953 325 3027 inceperint,
348 2954 449 3012 statim
473 2955 516 3012 ad
536 2953 700 3013 serendam
724 2954 852 3012 idoneae
873 2968 934 3011 non
957 2955 1028 3010 sunt
1051 2946 1207 3009 Victorius
1240 2957 1265 3001 et

142 3055 188 3116 his
217 3075 309 3118 unum
340 3075 443 3118 verum
472 3065 518 3118 est
543 3057 620 3133 solia
650 3060 802 3139 amittere,
834 3056 914 3136 quod
947 3055 1057 3134 iegitur
1085 3049 1186 3136 itt
1209 3048 1264 3127 soit‘t

140 3163 238 3224 hicme
260 3181 320 3224 non
340 3168 459 3224 amittat
482 3170 513 3224 et
536 3167 676 3224 amittant
696 3162 783 3239 sotio.
820 3162 935 3243 reliqna
955 3163 1009 3242 sie,
1027 3167 1063 3221 ut
1081 3161 1113 3220 in
1130 3155 1265 3234 archetypo

141 3272 252 3350 scripta
276 3279 370 3350 erant,
389 3268 509 3330 exhibui
529 3280 559 3331 et
582 3270 680 3350 verba,
699 3288 773 3349 quae
798 3269 834 3329 ab
854 3267 1021 3330 editoribus
1039 3274 1177 3346 separata
1195 3265 1265 3338 eruti,

142 3378 291 3457 coniunxi,
312 3379 392 3450 fieri,
416 3381 505 3455 qnod,
528 3381 635 3452 siquae
656 3376 733 3452 sotio
762 3380 902 3438 amittere
928 3378 1025 3436 solent
1047 3392 1115 3455 sqq.
1159 3363 1266 3432 nanti

141 3483 299 3541 seminaria
322 3485 519 3565 potissimum,
538 3501 613 3562 quae
634 3501 724 3562 supra
747 3485 778 3543 in
801 3485 898 3562 primo
921 3479 1079 3542 intervallo
1099 3479 1178 3541 dieta
1195 3480 1266 3551 ertit,

141 3586 214 3647 haee
236 3588 394 3666 pertinent.
431 3592 462 3650 in
485 3590 531 3650 his
555 3591 646 3668 igitur
670 3608 703 3650 ea
727 3607 802 3669 quae
822 3589 978 3669 superiore
999 3596 1138 3668 tempore
1156 3579 1265 3647 udus

142 3711 200 3755 non
224 3703 295 3755 sunt
317 3696 449 3756 seeundo
473 3695 626 3757 intervallo
650 3695 831 3776 perficienda
855 3703 939 3779 suni,
962 3703 1125 3774 antequem
1152 3710 1186 3755 ee
1209 3702 1264 3770 quet

141 3809 283 3863 seruntur
311 3820 442 3880 gemmas
470 3821 557 3882 egere
587 3812 616 3863 et
644 3802 803 3864 florescere
831 3804 989 3884 incipiant,
1016 3811 1177 3883 propterea
1205 3790 1263 3877 tuti

140 3926 174 3967 ea
200 3925 273 3985 quae
299 3907 366 3967 iulia
394 3911 529 3970 emittere
559 3908 669 3989 soient,
698 3910 723 3969 si
752 3917 838 3969 autea
866 3908 1008 3970 frondere
1035 3897 1262 3988 inceptanti

141 4011 300 4071 serendum
324 4012 427 4075 idonea
451 4033 510 4076 uon
534 4023 612 4075 sunt.

228 4115 358 4179 mli
390 4120 601 4200 Pampinare
634 4130 689 4181 est
721 4139 738 4182 e
771 4131 952 4184 sarmento
985 4121 1086 4184 eoies
1116 4122 1176 4203 qui
1203 4113 1258 4179 nati

141 4229 223 4281 sunt
251 4221 291 4282 de
320 4225 364 4284 iis
393 4229 453 4306 qui
480 4227 673 4306 plurimum
704 4227 829 4290 ualent
860 4229 1084 4292 aseeundum
1115 4239 1266 4292 nonnum·
