2874 4994
361 109 492 165 RERVM
509 109 750 166 bvsulcunvut
768 111 836 166 LIB.
855 111 894 165 111
914 106 933 165 5
1150 100 1215 165 245

64 281 96 324 a.
117 259 204 325 1886
227 281 254 342 p.
275 259 339 325 697
368 265 582 343 interpretatus
610 273 656 325 est
683 263 825 325 reticulos
848 282 864 325 e
892 262 949 323 filis
978 263 1084 324 ferreis
1113 263 1214 345 iactos,

65 387 251 450 quamquam
279 369 335 431 boc
362 388 458 450 genus
486 373 594 432 retium
627 389 726 451 neque
759 371 928 432 aVarrohe
958 388 1055 449 neque
1087 368 1123 431 ab
1151 369 1215 430 aliis

64 485 337 538 commemoratum
363 478 492 539 invenio.
528 496 621 557 quare
648 476 727 540 haud
754 480 816 539 scio
840 496 878 538 an
901 479 999 556 potius
1022 475 1215 538 scribendum

67 585 109 645 sit
135 585 262 646 reticuli
283 586 389 646 tenuis
426 583 533 645 deinde
557 587 664 666 scripsi
688 592 722 646 at
740 589 880 663 prospici
901 589 933 646 io
951 587 1057 646 siloam
1073 587 1168 662 possit
1187 592 1215 646 et

67 709 151 768 quac
173 694 219 754 ibi
239 699 311 754 sant
332 695 434 754 rideri
454 711 553 768 aeque
574 696 641 753 aris
664 711 701 754 ea
720 696 864 754 transire.
902 709 967 752 nam
987 710 1066 768 quae
1085 694 1130 753 ibi
1145 699 1217 753 sunt

69 816 130 860 non
154 797 255 858 addito
280 797 370 859 verbo
394 798 451 860 dici
476 817 536 861 non
560 809 684 879 poterat.
725 798 844 861 reticuli
866 817 920 878 pro
943 800 1055 879 pariete
1079 807 1158 872 sunt,
1183 809 1216 859 ut

69 912 250 985 prospectus
276 907 308 966 in
335 904 437 966 silvam
465 915 565 985 pateat
592 914 622 966 et
650 925 724 986 quae
753 904 794 967 ibi
818 914 889 966 sunt
911 923 979 966 aues
1003 904 1096 965 videri
1119 904 1156 964 ab
1179 906 1216 965 iis

69 1029 147 1091 quae
174 1013 205 1072 in
233 1012 392 1073 ornithone
419 1011 551 1074 inclusae
580 1020 652 1074 sunt
677 1015 806 1094 possint,
839 1030 936 1092 neque
966 1019 1062 1072 tarnen
1092 1013 1152 1072 aris
1181 1030 1215 1072 ea

68 1126 156 1199 parte
180 1120 309 1180 transire
332 1121 435 1199 possit.
470 1109 476 1125 '

160 1224 259 1289 intra
282 1228 484 1288 interiores
511 1226 696 1291 columnas
714 1228 874 1286 -inter
902 1224 966 1286 has
994 1227 1214 1305 exteriores]

72 1334 160 1395 Inter
182 1335 240 1394 bae
262 1340 292 1394 et
319 1336 490 1395 exteriores
512 1332 677 1414 iucundus,
707 1337 787 1394 inter
814 1335 975 1394 interiores
998 1337 1154 1394 columnas
1176 1367 1212 1377 -

71 1441 157 1501 intra
174 1441 232 1500 bas
255 1446 284 1502 et
306 1443 476 1502 exteriores
490 1438 657 1515 Turnebus,
677 1443 758 1502 inter
772 1447 901 1519 utroque
924 1438 989 1500 loco
1005 1439 1215 1503 Schneiderus.

64 1526 67 1531 Ι
165 1543 208 1609 14
241 1547 302 1608 Per
330 1551 535 1610 canaliculato
568 1546 637 1608 libri
669 1565 759 1607 manu
787 1549 892 1626 scripti
920 1556 950 1608 et
981 1549 1120 1626 impressi
1148 1555 1215 1608 ante

70 1653 250 1736 Victoriam,
273 1673 332 1732 per
355 1658 561 1716 casaliculum
585 1654 675 1716 editio
698 1652 830 1735 Victorii,
854 1653 932 1734 quod
958 1653 1064 1715 deinde
1088 1653 1124 1714 ad
1148 1654 1214 1714 reli-

70 1779 144 1841 quas
167 1761 315 1822 editiones
338 1769 534 1842 propagatum
558 1770 630 1825 erat.

70 1916 74 1923 .
160 1867 293 1931 subter
325 1868 570 1929 columnarum
604 1867 809 1949 stylobaten
842 1876 898 1929 est
930 1867 1021 1948 lapis
1052 1888 1069 1929 a
1102 1869 1215 1930 [alere

69 1974 193 2056 pedem
217 1982 253 2035 et
275 1974 488 2045 dodrantem
512 1973 600 2054 alta]
625 1976 737 2037 Subter
760 1974 827 2036 libri
851 1993 938 2035 manu
963 1977 1067 2056 scripti
1090 1975 1214 2036 etP01i-

70 2085 183 2166 tianus,
210 2084 317 2144 subtus
345 2082 435 2143 editio
464 2084 618 2164 princeps,
645 2081 724 2162 quod
753 2081 904 2143 Gesnerus
927 2081 1071 2144 Politiano
1101 2081 1214 2143 tribuit.

69 2194 153 2253 altus
174 2188 336 2271 iucundus,
359 2193 424 2251 alta
443 2189 592 2250 Victorius
615 2207 651 2250 ex
675 2188 834 2269 archetypo
858 2191 998 2251 restituit.
1035 2192 1113 2266 lapis
1133 2189 1213 2250 lemi-

68 2299 141 2359 nino
169 2313 280 2376 genere
307 2296 420 2358 dictum
448 2295 485 2356 ab
509 2295 604 2356 Ennio
628 2294 741 2356 Nonius
764 2313 793 2373 p.
812 2293 926 2369 211‚9
950 2298 1070 2357 notavit.
1113 2295 1215 2372 [alere

68 2406 101 2466 in
125 2402 263 2484 partibus
286 2403 488 2465 aedificiorum
512 2403 549 2463 ab
573 2402 637 2463 aliis
660 2401 774 2463 dictum
798 2421 857 2463 non
883 2393 1000 2465 invenio
1028 2422 1124 2484 neque
1148 2413 1214 2484 apte

68 2511 250 2592 explicatum
269 2510 306 2572 ab
324 2509 540 2590 interpretibus
562 2509 655 2571 video.
692 2508 852 2572 Turnebus
870 2510 1052 2590 crepidinem
1071 2511 1215 2593 lapideam

68 2627 208 2698 stagnum
223 2618 401 2679 ambientem
416 2619 578 2694 phalerare
592 2615 650 2677 dici
666 2619 780 2697 putavit
795 2620 944 2679 nominee
964 2619 1090 2679 candore
1110 2618 1215 2699 lapidis

66 2727 219 2808 imposito,
234 2727 372 2804 qnoniam
388 2717 537 2805 poiiepor
552 2724 629 2803 apud
646 2722 775 2785 Graecos
790 2735 870 2786 esset
888 2724 1054 2787 candidum.
1084 2725 1215 2806 Scaliger

67 2832 161 2914 pilam
191 2831 236 2893 rel
269 2831 376 2893 molem
408 2839 511 2910 stagno
539 2832 718 2911 oppositam,
751 2849 826 2910 quae
856 2840 950 2891 totum
978 2831 1112 2910 peristyli
1139 2852 1215 2894 onus

67 2942 244 3021 sustineret,
262 2956 329 3000 esse
349 2937 453 3017 uoluit3
477 2936 577 2996 soleria
596 2945 696 2997 autern
715 2936 793 2996 dicta
812 2954 878 2996 esse
898 2938 981 3015 quasi
1001 2937 1119 3020 baleria,
1139 2958 1214 3019 quae

67 3049 145 3110 mari
179 3053 412 3126 opponerentur.
462 3041 577 3122 reliqua
609 3060 685 3121 quae
713 3040 749 3102 ab
779 3041 946 3104 editoribus
975 3051 1005 3102 et
1031 3042 1068 3104 ab
1096 3047 1132 3106 iis
1162 3051 1215 3127 quui

66 3155 106 3218 de
136 3152 295 3215 ornithone
322 3151 463 3212 Varronis
491 3151 649 3230 separatim
677 3151 865 3229 scripserunt
893 3149 1040 3231 disputata
1069 3162 1098 3213 et
1126 3156 1214 3232 pictis

66 3260 179 3325 tabulis
201 3259 347 3321 illustrata
371 3265 443 3319 sunt
466 3275 525 3318 non
549 3264 690 3336 repetam.
729 3274 795 3318 nam
819 3257 849 3316 in
878 3275 913 3316 eo
939 3256 974 3317 ab
1002 3256 1058 3318 illis
1083 3266 1214 3320 erratum

65 3375 129 3450 est,
162 3366 242 3447 quod
275 3374 449 3447 apparatum
478 3365 604 3426 convivii
632 3365 661 3424 in
691 3363 848 3425 ornithone
876 3365 1006 3425 instituti
1039 3383 1055 3425 a
1083 3365 1214 3428 Varrone

65 3473 199 3536 describi
227 3481 419 3555 putaverunt,
453 3488 630 3552 quamquam
663 3470 692 3531 id
724 3473 822 3549 ipsum
853 3472 884 3530 in
912 3469 1028 3531 Luculli
1057 3474 1214 3536 ornithone

65 3598 159 3662 supra
178 3579 244 3663 4,3
263 3579 490 3660 improbaverat,
508 3596 606 3658 neque
625 3585 705 3638 certa
724 3576 878 3657 epularum
898 3576 1075 3657 significatio
1095 3583 1125 3640 in
1140 3584 1213 3661 ipsis

64 3687 169 3750 verbis
202 3691 288 3750 inest
334 3685 384 3747 sed
413 3687 551 3747 convivae
581 3684 723 3746 dicuntur
754 3701 836 3765 ares,
869 3683 904 3744 ad
934 3700 1060 3763 quarum
1094 3686 1213 3765 pabula-

65 3799 181 3860 tionem
195 3813 271 3875 quae
285 3795 421 3854 instituta
436 3801 507 3852 sunt
521 3789 740 3853 describuntur.
778 3792 878 3870 itaque
898 3790 923 3849 si
937 3787 1100 3850 Varronem
1115 3795 1213 3871 sequi·

66 3923 151 3985 mur,
179 3903 270 3963 iniere
298 3909 345 3961 est
372 3901 477 3960 semita
504 3900 617 3961 circum
647 3907 784 3978 stagnum
813 3899 888 3960 iacta
922 3904 953 3958 et
981 3895 1097 3959 culcitis
1125 3908 1214 3979 atquc

68 4009 245 4090 columellis,
268 4011 299 4070 in
324 4004 431 4087 quibus
455 4024 523 4066 aves
542 4004 703 4088 adsident.
718 4008 811 4066 instar
840 4005 999 4066 falerarum
1029 4015 1140 4067 ornata.
1178 4005 1214 4068 ab

68 4119 127 4179 boc
146 4116 182 4177 ad
203 4114 368 4197 stylobaten
387 4111 591 4175 columnarum
611 4121 657 4173 cst
672 4111 745 4192 lapis
764 4113 870 4193 pedem
889 4120 919 4173 et
938 4109 1111 4174 dodrantem
1130 4115 1214 4193 altus,

68 4227 170 4307 ipsum
195 4223 284 4284 ialcre
309 4221 435 4283 duorum
459 4219 568 4302 pedum
593 4219 778 4281 altitudinem
803 4239 818 4280 a
848 4229 951 4300 stagno
979 4217 1081 4299 babet3
1113 4221 1213 4281 intimo
