2874 4994
228 291 272 356 70
568 302 757 360 COMMENT.
776 304 816 358 IN
835 301 1022 359 VARRONIS

228 455 265 516 de
288 455 358 534 ling.
375 454 424 520 lat.
444 455 507 517 Vlll
531 454 574 519 61
603 461 776 520 cithacicen
803 460 905 521 etsie
932 459 1010 531 alia,
1042 454 1081 517 ib.
1105 449 1150 518 65
1180 457 1330 518 alcamet
1408 461 1434 495 -e

227 564 274 624 sic
297 566 369 625 alia.
1414 572 1417 579 ·

229 794 293 838 esse
318 775 471 856 apparebit
494 793 529 836 ex
553 778 589 837 iis
613 796 688 857 quae
712 778 773 838 dixi
795 776 808 837 Ι
827 775 879 858 32,
893 774 923 837 4.

318 881 339 944 2
373 882 468 955 Quae
492 881 542 944 ibi
566 895 650 946 sunt
672 883 838 963 maioris]
867 887 952 958 (luae
974 886 1037 946 cidi
1056 891 1129 945 sunt
1149 884 1269 944 maioris
1286 883 1350 943 scri-

229 988 358 1051 bendum
389 1007 454 1050 esse
482 1009 537 1070 pro
567 1009 601 1052 eo
631 993 709 1073 quod
737 992 889 1054 Iucundos
918 990 1048 1073 dederat,
1080 1007 1162 1067 quoe
1187 991 1270 1051 sacci
1288 994 1351 1049 unt

232 1100 372 1171 maioris,
400 1104 468 1175 post
496 1096 659 1159 Victoriam
687 1100 835 1160 adnotavit
858 1097 984 1160 Ursinus
1016 1107 1047 1159 et
1078 1097 1248 1160 testimonio
1271 1094 1364 1172 Plinii,

230 1206 283 1284 qui
308 1202 381 1264 haec
410 1205 567 1284 exscripsit
591 1204 682 1266 XVIII
701 1204 780 1288 165,
807 1206 999 1268 confirmavit
1037 1203 1096 1266 cihi
1125 1204 1246 1265 muniis
1269 1211 1367 1264 auum

233 1330 292 1372 non
316 1309 412 1371 solum
436 1329 470 1371 ea
494 1320 577 1390 sunt,
605 1330 680 1391 quae
705 1315 845 1374 maiorem
865 1312 965 1374 elbum
988 1309 1148 1373 edentibus
1169 1308 1376 1391 praebentut

229 1426 300 1480 sunt
327 1419 407 1478 casei
429 1417 455 1477 ll
477 1415 570 1498 11,3
599 1437 639 1480 ex
667 1421 724 1481 noc
752 1424 833 1482 tacte
860 1421 1133 1495 coinquinant,
1160 1420 1284 1478 macinii
1305 1414 1373 1477 etti

229 1534 300 1587 sunt
322 1526 427 1585 bubuli
440 1557 492 1598 —-,
516 1527 632 1585 minimi
653 1526 716 1586 cibi
742 1534 771 1586 et
798 1529 852 1602 qui
870 1525 1019 1602 facillime
1041 1527 1221 1586 deiciantur
1242 1524 1377 1600 caprini,

231 1631 283 1693 sed
313 1634 402 1693 etiam
431 1648 506 1710 quae
535 1632 598 1710 ipsa
626 1633 737 1692 maiore
765 1630 846 1713 cibo,
875 1650 962 1711 quem
991 1640 1070 1692 terra
1097 1628 1252 1711 praebeat,
1278 1638 1381 1710 egent.

229 1731 362 1818 τροφήν
385 1736 460 1798 dixit
482 1737 705 1819 Theophrastus
729 1738 765 1799 de
792 1756 871 1801 caus.
889 1736 979 1817 plant.
998 1736 1038 1797 llI
1058 1734 1146 1817 ata
1178 1732 1218 1796 al
1232 1726 1292 1816 pte
1307 1725 1384 1814 γὰρ

231 1839 387 1917 ἐλάττους
409 1837 464 1904 καὶ
487 1840 693 1926 κουφοτέρας
712 1839 846 1906 δέονται
864 1841 1001 1926 τροφῆς,
1025 1840 1060 1906 οἱ
1082 1836 1120 1905 δὲ
1143 1840 1299 1916 πλείονος
1318 1832 1389 1902 καὶ

232 1945 530 2031 σωματοδεστέρας.

320 2054 341 2118 3
374 2055 549 2128 Quaedam
578 2061 683 2120 etiam
718 2059 869 2120 serenda
903 2077 971 2119 non
999 2060 1066 2120 iam
1096 2065 1249 2139 propter
1278 2074 1394 2137 prae-

231 2175 370 2227 sentem
395 2165 555 2226 lructum
578 2184 679 2244 qnam
703 2168 736 2226 in
756 2157 1211 2245 annumsprospicientem]
1232 2166 1299 2226 Non
1316 2170 1398 2223 tan

233 2273 303 2333 Aet
317 2290 345 2332 m
361 2290 397 2332 ex
417 2279 516 2332 vetere
536 2272 751 2355 emendatione,
770 2279 805 2333 ut
822 2272 948 2332 ridetur.
986 2269 1206 2350 neglegentiam
1224 2270 1407 2348 sermoniS,

234 2380 312 2460 quod
335 2387 404 2459 post
426 2379 604 2458 gerundium
628 2381 814 2441 accusativus
837 2379 986 2459 participii
1009 2379 1126 2458 positus
1148 2387 1206 2461 est,
1229 2378 1406 2453 quaedam

231 2490 363 2549 serenda
382 2489 629 2564 prospicientem,
648 2497 798 2566 tamquam
816 2488 1015 2565 graecismum
1035 2483 1239 2546 Schneiderus
1260 2485 1405 2545 notant.

232 2611 320 2672 prava
342 2592 488 2653 editorum
508 2592 659 2672 diligentia
678 2593 734 2654 hoc
749 2592 866 2654 dicendi
885 2611 980 2672 genus
999 2600 1146 2653 mutatum
1165 2599 1232 2652 erat
1250 2588 1403 2672 117,14

233 2702 368 2760 dandum
393 2701 540 2759 nordeum
564 2703 675 2761 cotidie
698 2703 878 2762 adimentem
900 2708 930 2761 et
950 2698 988 2760 lll
1008 2697 1038 2781 9,
1058 2695 1099 2760 15
1114 2701 1329 2777 prodipendae
1348 2703 1404 2765 in

235 2809 326 2867 solem
345 2837 387 2847 -—
407 2809 568 2867 enitentem
591 2810 745 2868 caldorem
764 2816 793 2868 et
808 2806 920 2883 sripus,
940 2805 992 2869 ubi
1010 2814 1166 2886 praeterea
1187 2804 1314 2867 notabile
1330 2820 1399 2873 est

236 2911 315 2973 aliud
338 2910 541 2991 neglegentiae
565 2931 660 2992 genus
683 2915 714 2974 in
738 2913 839 2974 eadem
864 2913 993 2975 dictione
1013 2912 1186 2974 admissum.
1223 2930 1291 2973 nam
1310 2927 1392 2992 post

233 3017 412 3099 gerundium
440 3017 549 3080 oblecti
582 3019 646 3080 loco
673 3020 790 3081 additus
818 3029 863 3080 est
891 3023 1078 3081 accusativus
1106 3020 1252 3100 nominis,
1273 3024 1384 3098 prom-

232 3128 353 3202 pendae
377 3129 408 3186 in
426 3129 518 3188 sotem
533 3160 576 3169 -
590 3131 810 3205 oepue'pados,
834 3130 891 3189 sed
907 3145 993 3188 omne
1011 3128 1278 3199 ornitltoboscion;
1296 3127 1373 3187 siui—

237 3234 304 3293 liter
328 3229 453 3311 1113,4
476 3237 626 3308 quaedam
651 3237 838 3296 adsumenda
867 3237 898 3295 iu
921 3237 1034 3305 uillam,
1063 3241 1097 3294 at
1122 3236 1221 3309 pitres
1247 3235 1373 3296 coelius·

232 3343 375 3416 pollines,
398 3336 522 3421 1119,4
543 3358 661 3416 penera
685 3344 715 3402 ei
737 3344 799 3402 tria
819 3344 975 3421 paranda,
995 3324 1129 3402 maxime
1147 3344 1294 3403 villaticas
1305 3343 1363 3415 pai—

237 3450 329 3521 tinas,
358 3463 432 3524 qnae
463 3447 525 3525 ipsa
554 3465 672 3528 quoque
703 3450 732 3507 ln
762 3447 849 3508 editIs
877 3445 1096 3527 exemplaribus
1128 3455 1242 3509 temere
1267 3453 1362 3507 nunu

236 3563 329 3613 erant.
366 3555 436 3612 item
460 3552 623 3614 infinitivus
646 3555 676 3614 in
700 3556 867 3634 praeceptis
895 3564 963 3634 post
985 3552 1168 3634 gerundium
1196 3555 1355 3635 positum

239 3659 262 3719 ll
284 3656 313 3739 t,
329 3657 370 3719 12
393 3657 500 3734 frenos
521 3663 763 3738 suspendendum
783 3695 826 3705 -
846 3665 998 3723 interdum
1016 3664 1166 3739 inponere
1189 3664 1227 3722 iis
1240 3674 1354 3739 puerit,

235 3763 275 3823 ill
291 3761 320 3844 9,
335 3762 354 3824 8
375 3783 449 3826 acus
467 3769 736 3839 substernendum
755 3786 822 3828 cum
838 3775 1035 3849 pepererunt,
1056 3771 1164 3830 tollere
1182 3769 1345 3829 subsannet

325 3870 449 3950 Itaque
473 3872 636 3953 lupinum
656 3874 905 3935 cumdnmInus
924 3872 1106 3935 siliculam
1125 3876 1226 3954 cepit
1242 3882 1275 3935 et
1289 3887 1345 3933 non·

237 3996 425 4057 numquam
458 3978 595 4040 fabalia
628 3982 657 4039 si
691 3979 730 4039 ad
764 3979 919 4060 siliquas
953 3998 1021 4040 non
1054 3982 1103 4040 ita
1137 3982 1299 4060 peruenit
1321 3985 1346 4037 nt

176 4152 185 4171 ·
237 4083 352 4144 labam
375 4085 496 4164 legere
520 4086 689 4166 expediat
712 4089 742 4147 si
765 4106 849 4167 ager
873 4089 1028 4148 macrior
1050 4096 1108 4148 est
1130 4105 1196 4168 pro
1218 4095 1345 4150 stercore

237 4194 382 4250 lnarare
416 4192 552 4271 solent]
590 4196 660 4255 Ceam
694 4197 823 4256 necdum
849 4198 1000 4257 siliculum
1032 4198 1113 4272 cepit
1143 4195 1222 4258 edita
1246 4187 1346 4256 indetl

238 4295 341 4355 AldIna
371 4295 498 4359 editione
529 4301 720 4382 exemplaria,
750 4319 819 4362 ciam
845 4305 997 4363 siliculum
1030 4306 1112 4380 cepit
1140 4301 1279 4384 Scaliger,
1299 4313 1344 4362 um

239 4404 387 4462 siliculum
406 4406 519 4481 incepit
537 4405 582 4466 rel
601 4424 669 4467 cum
687 4411 835 4483 siliquare
853 4411 953 4485 coepit
966 4407 1102 4489 Ursinus,
1123 4427 1194 4473 cum
1210 4426 1265 4472 non
1278 4404 1343 4488 uui
