2874 4994
227 108 267 171 18
566 115 757 170 COMMENT.
776 115 816 169 IN
834 113 1024 170 VARRONIS

226 267 316 329 verbo
336 273 458 349 positae,
477 268 489 327 l
511 266 599 350 18,1
624 272 761 330 scribens
781 272 819 330 de
842 271 957 330 olivetas
980 273 1009 329 et
1031 268 1129 327 uineis
1150 270 1192 325 ut
1205 265 1277 324 dune
1292 261 1352 339 [or-

225 380 330 455 mulas,
354 373 380 433 ll
400 370 429 454 8,
448 371 468 435 6
494 376 622 434 alaribus
642 383 675 434 ut
693 378 820 448 equinis,
843 370 874 454 9,
892 370 915 434 4
936 377 999 434 solo
1017 391 1057 434 ne
1075 378 1110 432 ut
1133 387 1244 433 corneo
1258 400 1292 413 ·-
1304 364 1367 431 aed

224 490 258 543 ut
284 482 481 559 temnendam,
508 477 659 562 1115,13
691 484 849 556 pradalim
871 481 1077 541 substractum
1109 485 1144 539 ut
1174 478 1381 547 tbeatridion,

225 586 254 670 l,
275 586 295 649 3
315 592 488 665 peristerae
509 591 546 660 dt
574 595 608 648 ut
635 591 753 649 testudo
777 606 903 662 maura,
933 583 1024 666 16,6
1052 588 1130 647 bace
1156 592 1193 645 ut
1217 585 1389 645 bonnm

224 698 371 773 ciuitates,
395 691 415 754 9
439 712 540 755 omnes
559 700 593 754 ut
612 697 643 754 in
662 697 802 755 exercitu
821 698 978 755 1111111-
996 701 1025 754 et
1043 699 1077 752 ut
1095 694 1232 753 colonias
1248 693 1401 754 maaet

228 803 331 877 ibique
350 804 443 863 duces
462 805 627 874 conficiunt
645 804 795 876 quaedam
810 808 843 862 ut
862 803 1029 861 imitatione
1047 801 1147 872 tubae,
1165 793 1212 859 20
1223 798 1411 867 tonnae

223 916 258 968 ut
268 911 508 983 pulverulentae,
519 903 562 968 29
574 912 751 985 proaerriem
766 916 799 968 at
814 911 844 969 iu
855 910 1004 970 coloniam
1018 909 1165 979 emittere,
1179 900 1223 966 37
1231 912 1405 981 mutre-

227 1021 277 1075 tae
300 1020 334 1074 at
358 1013 500 1090 estiietae,
524 1011 567 1076 33
591 1022 732 1091 oportere
756 1019 798 1075 ita
822 1023 855 1074 ut
876 1032 981 1076 nouem
1000 1019 1108 1090 partes
1130 1014 1248 1074 tollere.
1322 1038 1329 1055 ·

185 1098 189 1106 ¹
316 1118 356 1181 16
374 1118 554 1190 Quocirca
569 1123 600 1181 ei
618 1123 778 1182 succinit
791 1120 968 1200 pastorali
981 1119 1018 1183 .l.
1032 1119 1126 1199 quod
1144 1128 1203 1180 est
1216 1116 1351 1179 inierio
1364 1144 1405 1191 ι.

223 1236 261 1288 ut
282 1226 370 1287 tibia
396 1229 546 1287 sinistra
570 1245 585 1285 a
611 1227 758 1287 dextrae
783 1226 1042 1305 foraminibus]
1071 1228 1229 1300 Quocirca
1252 1230 1284 1285 et
1301 1240 1395 1303 sup.

225 1337 301 1395 cinit
314 1334 475 1413 iucundus,
489 1338 637 1409 quocireu
652 1353 689 1394 en
702 1339 835 1396 silooiuit
845 1337 1006 1411 postorali,
1021 1335 1104 1410 quod
1115 1339 1161 1394 est
1179 1328 1317 1409 inferlm,
1333 1350 1391 1403 ut

223 1442 300 1500 tibio
317 1444 444 1502 sinistra
468 1444 599 1502 dextrae
621 1435 745 1523 (omisso
766 1435 987 1524 foraminibus)
1006 1439 1141 1501 Ursinus.
1180 1456 1202 1499 a
1220 1447 1377 1517 praeposi.

224 1548 334 1607 tionem
351 1546 505 1608 delendam
520 1566 586 1608 esse
602 1547 751 1609 adnotavit
766 1547 902 1627 Cuperus
916 1545 994 1627 apud
1006 1545 1182 1607 Gesnerum.
1210 1546 1332 1605 einaim
1344 1570 1376 1611 a

224 1656 337 1715 dextra
352 1653 557 1731 foraminibus
577 1653 738 1715 Salmasius
759 1657 790 1715 in
810 1656 911 1734 script.
931 1654 999 1715 hist
1014 1655 1088 1732 lug.
1107 1671 1135 1732 p.
1154 1648 1233 1713 494.
1266 1658 1314 1711 aut
1330 1664 1370 1715 et

222 1764 354 1822 succinit
373 1779 439 1821 eum
460 1761 593 1821 iucundo
612 1772 663 1822 aut
682 1781 718 1823 ea
737 1765 869 1823 succinit
883 1778 950 1822 cum
966 1760 1074 1822 Ursino
1094 1755 1286 1819 scribendum
1298 1774 1359 1819 esee

222 1875 357 1945 apparet:
381 1867 508 1945 praetuli
532 1867 632 1928 Ursini
656 1870 858 1929 coniecturam
886 1886 936 1942 ea,
960 1866 989 1928 h.
1008 1885 1033 1927 e.
1057 1868 1121 1945 agri
1152 1863 1276 1927 cultura.
1312 1866 1349 1923 in·

222 1974 314 2033 ierior
337 1982 436 2033 autem
460 1993 479 2034 a
500 1976 629 2036 dextrae
649 1975 855 2051 foraminibus
878 1973 990 2034 dieitur
1013 1975 1134 2034 sinistra
1158 1970 1240 2051 tibia,
1256 1986 1340 2049 quaet

223 2089 306 2158 parte
330 2081 508 2141 foraminum
533 2082 656 2141 inferior
680 2091 710 2142 et
739 2083 824 2161 quasi
851 2080 929 2141 inira
957 2081 1102 2140 foramina
1128 2077 1251 2140 dextrae
1276 2075 1339 2136 tibiae
1424 2119 1429 2131 .

221 2188 318 2265 posita
342 2197 395 2248 est.
430 2205 496 2247 nam
521 2186 617 2247 locum
642 2187 740 2248 addita
763 2189 983 2268 praepositione
1007 2187 1172 2265 significari
1195 2200 1294 2245 nomen
1309 2183 1339 2241 in

221 2292 299 2353 dieat
322 2292 462 2354 tibiarum
486 2293 608 2355 dextrae
632 2303 663 2355 et
685 2296 838 2377 sinistrae,
861 2313 930 2355 cum
953 2295 1070 2375 dextra,
1094 2311 1172 2373 quae
1200 2288 1296 2351 modos
1310 2289 1339 2347 iu·

221 2401 302 2480 cipit,
327 2402 356 2458 in
381 2402 545 2481 superiore,
564 2403 693 2476 sinistra,
713 2420 787 2481 quae
808 2410 854 2461 est
873 2401 1053 2479 succentira,
1071 2401 1104 2460 in
1122 2398 1264 2460 inferiore
1280 2404 1340 2476 parte

221 2507 316 2583 posita
348 2524 414 2566 esse
443 2505 561 2569 dicitur.
587 2507 674 2568 -L
702 2507 800 2568 littera
829 2507 988 2587 singularis
1014 2514 1135 2586 praeter
1163 2505 1244 2566 hunc
1267 2503 1341 2563 locun

221 2609 376 2671 duodecim
392 2612 465 2672 locis
484 2611 552 2673 iibri
567 2614 656 2691 primi
670 2615 701 2673 in
720 2614 880 2694 archetypo
900 2613 1015 2674 adiecta
1034 2620 1108 2691 erat,
1126 2608 1158 2692 2,
1176 2607 1216 2672 19
1231 2610 1341 2686 [ructui

221 2735 371 2779 uenenum
391 2723 427 2779 .l.
446 2721 503 2780 boe
522 2723 649 2795 nomine,
674 2717 738 2800 1,4
754 2724 824 2797 plus
839 2725 873 2781 .l.
888 2723 1029 2793 reddant,
1050 2715 1135 2800 11,1
1156 2721 1253 2780 soleat
1268 2719 1341 2792 depe

219 2826 285 2883 rire
300 2827 334 2884 ,1.
350 2826 482 2901 dubium,
507 2821 556 2907 18,
572 2823 592 2886 2
611 2829 820 2901 iudiiiaeatiae
833 2831 868 2889 .l.
884 2829 991 2887 borum
1010 2832 1128 2901 uentu,
1148 2819 1342 2905 2351111111

220 2934 255 2990 .l.
278 2933 354 3005 quaid
372 2930 484 3006 sarias,
508 2930 562 3015 31,
580 2930 600 2993 6
616 2951 707 3010 poma
727 2937 761 2994 ,1.
782 2936 873 3007 dieta,
897 2930 941 2993 42
964 2933 1219 3008 quemadmodum
1241 2933 1273 2991 .1.
1292 2943 1342 2989 aaa

216 3040 369 3119 pabulum,
391 3036 445 3121 44,
463 3035 486 3099 4
501 3044 688 3116 praeeuntia
708 3044 742 3100 .l.
762 3057 830 3101 eum
847 3049 926 3113 sunt,
944 3036 1029 3119 55‚1
1051 3057 1132 3114 quae
1151 3040 1257 3114 da'aitie
1275 3035 1342 3097 nuit

218 3146 404 3207 laudabilior
433 3150 468 3206 .l.
497 3165 587 3222 qaam
621 3150 685 3218 illa,
718 3143 775 3228 59,
795 3144 815 3207 2
839 3150 1077 3223 pauimentaque
1100 3149 1136 3207 .1.
1170 3145 1347 3207 laudabiliter

214 3247 350 3328 saciant,
384 3248 423 3312 61
460 3256 598 3313 adiciunt
626 3257 662 3312 .l.
691 3261 832 3333 mustum,
865 3249 961 3333 69,3
986 3251 1099 3327 secisse
1130 3260 1219 3314 reete
1245 3255 1279 3313 .l.
1298 3263 1361 3310 uot-

218 3359 346 3416 moieste.
384 3358 414 3415 in
439 3376 498 3417 tirio
519 3356 662 3418 eodieeB
687 3358 788 3418 eadem
810 3359 908 3420 littera
932 3362 1052 3440 scripta,
1071 3358 1124 3420 sed
1144 3358 1252 3420 deinde
1268 3354 1371 3419 deleb-

218 3469 264 3519 est
293 3458 413 3542 155,1
440 3482 457 3523 e
480 3471 566 3523 terra
589 3468 602 3524 1
623 3482 661 3524 ae
684 3469 785 3545 scalis,
808 3464 833 3525 ll
852 3464 923 3546 4,3
951 3485 1025 3544 erpo
1045 3470 1080 3527 .1.
1103 3469 1166 3541 qut
1213 3471 1397 3546 praeter*

218 3565 323 3625 eodem
352 3568 503 3645 pertinent
536 3580 694 3649 corruptae
722 3570 865 3632 lectiones
896 3590 931 3631 ex
960 3570 1110 3650 adscripta
1142 3570 1243 3633 littera
1271 3577 1409 3645 orut-

218 3666 301 3750 155,
321 3668 343 3732 4
366 3674 490 3733 bibulum
514 3679 606 3736 etad
628 3679 729 3738 eibum
752 3681 882 3751 ledatur,
906 3675 949 3739 64
967 3681 1120 3753 bulliente
1140 3689 1172 3739 et
1194 3687 1230 3739 ut
1248 3676 1409 3738 dunt·

216 3773 277 3858 16,
296 3773 317 3838 5
339 3781 512 3841 bibernoles
536 3800 611 3855 esse,
642 3778 778 3863 1110,ss
802 3786 995 3860 leuuneidus,
1031 3780 1118 3866 11,1
1145 3786 1234 3846 cibidi
1256 3792 1369 3845 ΜΕ
1399 3812 1407 3826 ⁴

215 3879 252 3941 de
275 3885 488 3961 significatione
512 3886 628 3947 litterae
653 3888 772 3966 plurimi
797 3888 1001 3968 probaverunt
1024 3892 1198 3971 opinionem
1221 3876 1404 3967 Scallgtr'ff

216 3996 275 4047 not.
298 3991 328 4048 in
353 3988 434 4050 Varr.
458 3988 541 4071 159,
561 3990 590 4070 2,
615 3995 666 4071 qui
690 3992 865 4055 laudabilem
890 3994 988 4056 iocum
1013 4014 1046 4056 ea
1067 4006 1140 4057 nota
1163 3994 1281 4057 indicari
1298 4006 1397 4051 et*-

216 4095 324 4170 posuit.
344 4112 440 4173 neque
456 4104 554 4158 tamen
569 4097 604 4157 ad
620 4116 707 4157 unam
723 4100 906 4179 eandemque
922 4103 1104 4162 notationem
1116 4104 1216 4164 omnia
1229 4094 1338 4177 exempl
1349 4106 1386 4150 ὃ

217 4201 349 4257 revocari
373 4209 526 4283 poterunt,
551 4203 603 4263 sed
632 4223 667 4263 ex
692 4217 791 4266 vetere
810 4206 919 4289 studio,
938 4209 1017 4288 quod
1036 4210 1155 4287 primus
1174 4207 1248 4271 liber
1261 4202 1373 4281 mitis
