2874 4994
287 322 335 376 DE
354 320 444 377 AGRI
463 322 634 377 CVLTVRA
654 324 795 403 LlBleM
815 322 844 378 Ο.
865 322 993 380 80-84
1156 317 1216 379 111

70 480 183 538 tionem
206 481 360 538 vinariam
383 481 539 553 oleariam,
563 477 602 538 ib.
622 476 639 538 7
665 483 766 539 uiuum
783 478 969 555 frumentum
989 483 1072 554 quod
1087 485 1219 557 supersit

69 586 197 659 vendat,
226 582 295 664 7,4
322 589 403 648 oleas
430 590 542 648 orcites
570 590 687 663 posius,
719 585 773 669 ll,
795 588 811 648 1
837 591 870 648 id
891 606 991 648 semen
1015 591 1052 649 de
1075 607 1219 664 cupresso

70 693 109 752 de
129 695 204 768 prino
228 696 345 767 quiduis
374 696 450 754 amni
474 698 577 768 ledere
597 697 710 771 posses,
739 693 829 774 31,1
856 698 969 755 almiro
992 702 1115 755 matura
1138 699 1219 756 salix

66 818 128 874 per
146 807 262 876 tempus
280 803 412 876 leuatur,
436 797 488 880 35,
510 798 525 860 1
547 803 696 875 siliaiuem
715 805 850 862 triticum
871 806 902 862 iu
920 805 985 863 loco
1005 811 1111 877 operto
1131 805 1217 876 celso,

69 903 110 967 51
140 911 325 984 propaaatio
348 926 507 985 pomorum
536 912 669 969 aliarum
698 911 855 984 arborum,
885 905 928 970 55
957 912 1110 970 codicillos
1140 914 1218 970 olea-

66 1016 177 1087 aimeos
208 1018 331 1076 radices
363 1019 395 1076 ia
428 1034 539 1077 aceruo
571 1018 626 1076 sub
660 1018 710 1077 dio
742 1023 836 1078 metas
866 1016 981 1091 facito,
1019 1013 1062 1078 84
1091 1015 1219 1092 sariuac

68 1122 229 1197 selibram,
257 1127 341 1184 casei
368 1124 433 1183 IIS
459 1142 521 1183 unu
549 1127 745 1197 commissero,
777 1122 853 1204 132,
881 1122 897 1184 1
928 1127 959 1184 iu
987 1125 1073 1185 domo
1098 1123 1218 1199 familia

69 1244 148 1302 mea,
175 1224 283 1310 134,1
310 1238 378 1289 lure
402 1233 470 1290 aimo
494 1230 571 1290 Iauo
595 1231 663 1291 Ioui
686 1231 798 1292 lituoui
816 1231 970 1308 praefato,
997 1228 1047 1290 ubi
1071 1230 1218 1292 bleursios

69 1351 182 1394 nomen
201 1334 333 1417 lunonis,
353 1337 438 1397 cuius
458 1345 559 1415 postea
581 1339 690 1397 mentio
711 1338 786 1398 lacta
805 1357 864 1398 non
884 1347 939 1420 est,
962 1337 1079 1416 delevit,
1106 1335 1177 1416 135,
1201 1337 1215 1398 1

69 1441 190 1502 Romae
209 1444 290 1503 doliu
309 1445 407 1516 labra,
432 1442 470 1504 ib.
491 1441 511 1504 2
530 1449 630 1506 claues
650 1449 763 1506 clostra
787 1447 910 1519 Romae,
934 1445 973 1505 ib.
993 1443 1013 1506 3
1034 1444 1125 1519 sumes
1148 1447 1218 1505 sub-

69 1551 240 1623 ductarios,
263 1560 400 1627 spartum
424 1569 510 1613 omue
537 1553 668 1629 Capuae,
695 1550 766 1627 157,
786 1550 806 1613 3
831 1557 995 1614 adoinoia
1019 1557 1147 1613 uulnera
1174 1561 1218 1612 tu-

68 1674 172 1717 mores
195 1675 261 1717 eom
285 1662 448 1718 contritam
473 1662 619 1735 irrubuilo,
647 1659 686 1719 ib.
706 1657 727 1720 5
755 1664 819 1721 sale
849 1669 935 1721 aceto
957 1678 1109 1737 sparsam,
1142 1660 1180 1720 ib.
1200 1658 1220 1720 6

70 1773 163 1825 aceto
181 1769 276 1826 mulso
294 1769 447 1842 sparaito:
471 1769 584 1827 lautam
603 1770 717 1828 siccam
737 1774 767 1827 et
780 1775 881 1828 rutam
896 1770 1095 1828 coriandrum
1108 1776 1221 1828 sectum

67 1875 137 1931 sale
160 1890 300 1948 sparsam
320 1877 413 1948 paulo
436 1875 577 1934 libentius
604 1876 683 1947 edes,
707 1872 745 1933 ib.
768 1871 807 1934 12
832 1877 903 1935 doto
923 1856 1090 1935 brassicam
1110 1879 1222 1954 tritam,

69 1997 176 2054 aquae
194 1987 299 2055 cyatos
319 1981 378 2040 Ill.
412 1979 515 2040 eodem
534 1982 686 2058 pertinent
705 2000 780 2058 quae
805 1980 841 2040 de
861 1985 947 2042 ealce
965 1984 1114 2042 barcuuto
1136 1979 1185 2059 18,
1202 1979 1219 2041 7

68 2085 219 2147 adnotavi.

164 2192 286 2253 Farris
304 2193 323 2253 l.
342 2192 394 2271 111]
419 2197 530 2256 Adoris
548 2197 645 2256 libras
665 2195 721 2254 III
737 2193 857 2274 Merula,
879 2192 979 2267 farris
999 2198 1108 2256 adorei
1124 2198 1220 2256 libras

72 2309 138 2361 tres
162 2299 313 2361 Iucundos
338 2309 367 2360 et
390 2301 496 2361 deinde
520 2301 629 2381 reliqui
655 2301 793 2362 editores.

165 2407 303 2468 ldinum
332 2426 392 2469 nas
420 2408 529 2469 liceto
558 2411 700 2469 coicere
728 2417 763 2468 et
794 2410 913 2469 uinum
939 2408 1030 2467 idem
1054 2410 1088 2467 in
1114 2426 1219 2468 55515

70 2534 137 2577 uas
161 2517 271 2577 liceto
295 2515 453 2593 coicere]
483 2518 522 2577 ld
544 2520 575 2577 iu
600 2534 691 2577 unum
715 2535 772 2576 uos
795 2518 895 2595 priore
918 2516 983 2576 loco
1012 2515 1103 2575 codex
1129 2515 1219 2576 Medi-

70 2643 146 2684 cous
171 2643 199 2683 m
224 2633 254 2683 et
272 2623 429 2684 Victorius.
469 2623 576 2683 deiude
600 2627 700 2683 uiarum
726 2626 795 2682 item
819 2627 851 2683 iu
875 2641 967 2684 uuum
987 2641 1043 2682 uas
1062 2621 1219 2682 Victorius,

70 2735 176 2790 atinum
199 2732 328 2791 coicere·
343 2741 440 2789 autem
466 2729 577 2790 dictum
602 2739 646 2789 est
670 2731 797 2808 repetito
821 2728 924 2789 eodem
949 2728 1053 2808 verbo,
1079 2730 1156 2809 quod
1181 2730 1217 2789 de

69 2837 198 2916 reliquis
223 2836 313 2897 rebus
337 2839 366 2896 in
391 2836 469 2896 idem
495 2855 543 2896 uas
567 2839 711 2897 coniectis
735 2839 863 2914 positum
888 2846 960 2896 erat.

163 2945 315 3004 LXXXIV
343 2943 492 3003 Furinae
521 2942 690 3003 selibram
722 2945 816 3003 casei
840 2963 866 3022 p.
887 2942 940 3003 llS
965 2961 1030 3005 una
1055 2945 1217 3004 commis·

70 3061 154 3112 coto
183 3053 284 3130 quasi
313 3049 423 3111 libum
452 3048 570 3110 mellis
594 3068 621 3128 p.
645 3064 721 3111 Ζ-
743 3059 778 3110 et
806 3069 910 3109 ouum
934 3048 1052 3126 unum]
1081 3052 1218 3111 Cornutis-

70 3168 139 3219 ceto
164 3163 255 3233 quasi
275 3160 377 3238 libum,
401 3160 505 3218 addito
529 3162 623 3218 tuellis
647 3176 709 3236 sqq.
734 3155 924 3217 scribendum
953 3159 1068 3216 conieci
1094 3168 1123 3217 et
1146 3161 1216 3218 itero

69 3286 97 3326 c.
117 3263 161 3327 85
185 3284 219 3326 eo
243 3269 348 3326 addito
372 3269 456 3325 casei
479 3268 609 3325 recentis
629 3265 736 3340 5111.
775 3282 840 3322 nam
866 3265 905 3323 ita
929 3264 965 3323 de
989 3262 1047 3323 libo
1072 3267 1216 3343 scriplum

69 3384 117 3433 esl
142 3393 166 3433 c.
188 3369 239 3451 75,
263 3391 349 3434 ouum
372 3390 465 3432 aruum
489 3375 594 3432 addito
618 3379 647 3431 et
669 3390 731 3430 uma
752 3374 933 3447 permisceto
958 3372 1039 3431 berte.

164 3478 255 3539 Pone
290 3498 366 3539 oiim
400 3479 525 3540 catillo
554 3489 588 3538 et
617 3477 786 3556 lingulas]
819 3480 891 3538 Cum
919 3481 1021 3539 calillo
1050 3479 1215 3556 apographa

70 3598 103 3648 et
127 3586 217 3647 editio
242 3586 371 3668 Victorii,
395 3605 464 3647 cum
487 3590 589 3646 catioo
613 3585 733 3665 Merula,
761 3585 810 3645 ubi
836 3584 998 3645 Politianus
1023 3603 1090 3645 cum
1114 3589 1216 3645 catillo

70 3714 108 3755 ex
133 3694 237 3754 codice
260 3693 423 3773 adnotavit,
452 3711 510 3752 non
539 3711 607 3754 oum
636 3696 751 3771 catiuo,
780 3703 812 3753 ut
837 3692 986 3753 Gesnorus
1015 3694 1062 3752 ait.
1109 3700 1138 3753 et
1161 3696 1215 3752 liu·

67 3806 153 3877 aulis
176 3801 253 3862 edita
277 3800 346 3861 inde
370 3800 406 3860 ab
430 3800 533 3860 Aldina
558 3800 686 3860 editione
706 3800 892 3880 exemplaria,
916 3810 944 3859 et
963 3804 1094 3874 liriaulas
1112 3803 1217 3860 (illdito

69 3910 143 3970 olim
167 3911 290 3969 conieci.
337 3908 389 3969 sed
418 3926 519 3968 verum
547 3887 665 3968 nidelur
696 3925 761 3967 esse
789 3926 868 3983 poue
892 3925 960 3966 eura
984 3910 1085 3967 catillo
1109 3914 1138 3965 ct
1161 3910 1216 3967 tiu-

67 4021 155 4093 9515.
200 4034 268 4076 nam
293 4014 426 4075 savillum
450 4015 608 4094 adponitur
632 4032 699 4073 cum
728 4017 792 4092 ipso
822 4016 933 4091 catino,
962 4016 991 4071 in
1016 4031 1073 4090 qno
1098 4022 1216 4071 coctum

70 4132 146 4203 erat,
174 4133 205 4185 el
232 4142 300 4184 cuni
323 4141 381 4183 una
405 4121 515 4201 lingula
538 4121 583 4181 vel
607 4121 762 4202 cochleari,
795 4139 853 4200 quo
877 4139 912 4180 ex
936 4121 1033 4179 catino
1058 4121 1217 4180 exirnalnr:

70 4231 160 4311 gloss.
181 4231 381 4309 latino-graec.
401 4250 425 4290 v.
446 4227 472 4288 ll
490 4248 518 4308 p.
532 4226 604 4308 123,
615 4226 658 4289 34
677 4229 809 4304 Linqulo
829 4225 971 4308 μύστρος
989 4219 1043 4287 καὶ
1066 4226 1216 4306 γλωσσίς,

70 4339 110 4399 ib.
145 4357 173 4418 p.
203 4334 283 4415 354,
311 4333 354 4398 35
385 4333 588 4416 Κοχλιάριον
620 4337 833 4413 oocbliarium,
858 4338 974 4415 riuulo,
1007 4353 1034 4413 p.
1063 4332 1136 4413 374,
1165 4331 1216 4394 34.

70 4443 147 4526 497,
170 4442 219 4506 14.
243 4440 318 4521 545,
337 4441 387 4505 56.
413 4464 436 4504 v.
456 4442 496 4504 lll
519 4463 545 4522 p.
566 4440 619 4523 22,
638 4440 690 4505 50.
741 4445 771 4502 15
801 4441 961 4502 torculario
984 4441 1094 4519 lingula
1117 4441 1214 4522 appel-
