2874 4994
377 182 508 237 RERVM
525 181 766 239 evertentium
784 182 852 239 ΗΒ.
871 183 911 238 ΙΙΙ
931 181 1058 239 10-11
1221 177 1286 242 273

144 343 213 399 eunt
234 340 303 398 noti
326 337 416 398 editio
439 339 589 418 princeps,
613 337 663 398 nbi
687 337 850 399 Politianus
872 341 1082 413 sexquimcnse
1105 350 1135 400 et
1156 348 1231 401 netu
1251 359 1285 400 ex

144 443 246 505 codice
271 443 428 506 adnotavit.
474 463 531 505 sex
553 448 607 520 qui
628 463 728 506 merere
751 445 843 506 codex
866 445 1064 525 Florentium,
1086 450 1288 521 sesquimense
1373 526 1376 532 1

144 549 211 611 tu.
243 555 453 628 sexquimerese
462 554 530 611 noti
538 559 609 612 sunt
627 568 665 625 m,
683 555 894 627 sesquimensc
908 555 962 626 qui
975 555 1042 613 neti
1053 555 1114 613 sint
1127 551 1287 614 lucunelns.

144 656 298 737 archetypi
326 660 505 738 scripturam
536 657 683 719 Victorius
711 660 850 719 restituit
892 665 1025 733 quotuor
1051 677 1142 720 sexve
1173 678 1287 721 menses

141 767 196 840 qui
222 773 294 826 sunt
325 768 393 826 neti
420 763 621 826 Schneiderus
652 783 689 825 ex
716 764 876 826 Columella
899 762 1103 845 vu114,10
1133 783 1202 827 mor
1234 767 1289 826 ubi

141 877 288 946 quartuor
311 888 444 933 mensum
465 871 547 949 secti
568 879 646 946 sunt,
667 870 813 948 sarturae
836 875 987 933 maximus
1006 875 1132 948 quisque
1155 875 1286 934 destino·

141 987 202 1053 tur,
225 982 369 1053 quoniam
393 986 499 1040 tenero
523 987 609 1040 aetas
628 982 799 1056 praecipue
822 981 953 1041 trahetur
976 981 1121 1040 adhaec
1146 996 1210 1039 rcrn
1233 997 1285 1054 ep-

140 1087 266 1147 tissimo.
312 1104 349 1147 ne
377 1084 494 1163 longius
522 1084 559 1145 ab
588 1084 741 1166 archetypi
769 1087 916 1165 scriptura
946 1084 1131 1165 recederem,
1160 1088 1287 1147 circiter

139 1195 375 1266 sesquimensem
399 1195 453 1266 qui
474 1201 544 1253 sunt
571 1197 638 1254 nati
663 1191 854 1254 scribendum
884 1195 1005 1254 conieci.
1052 1191 1104 1252 sed
1127 1209 1225 1270 neque
1249 1191 1285 1251 ad

139 1297 336 1378 saginandum
364 1317 399 1359 ea
422 1308 502 1360 aetas
529 1299 634 1360 idonea
663 1308 721 1383 est,
750 1309 780 1361 et
808 1299 924 1361 diversa
952 1299 988 1360 de
1017 1306 1111 1359 aetate
1135 1297 1286 1375 pullorum

128 1404 303 1466 ·Columella
319 1405 416 1467 tradit.
453 1424 545 1484 qrrare
560 1408 660 1485 potius
675 1405 866 1468 scribendum
882 1414 946 1468 erat
962 1409 1089 1466 circiter
1102 1422 1157 1465 sex
1172 1422 1287 1466 menses

139 1516 196 1589 qui
216 1520 289 1574 sunt
311 1516 384 1574 neti.

230 1619 414 1681 Polentam
442 1629 478 1680 et
505 1619 677 1700 pollinem
705 1639 793 1699 aqna
823 1618 1019 1679 madelacta
1053 1618 1136 1680 dant
1168 1618 1285 1680 cibem

140 1728 192 1788 ita
215 1735 253 1788 ut
277 1744 342 1806 per
371 1726 448 1786 dies
477 1725 662 1803 saturent]
697 1728 732 1787 Ut
750 1728 883 1803 perinde
909 1745 942 1787 sc
964 1732 1103 1787 saturent
1126 1725 1286 1805 lucurnlns,

139 1840 174 1894 ut
197 1841 246 1894 ter
269 1835 320 1894 die
346 1851 379 1894 ee
402 1841 542 1894 saturent
564 1831 701 1913 Ursinus,
733 1841 767 1893 ut
794 1840 841 1894 ter
869 1836 900 1894 in
929 1836 978 1894 elie
1003 1840 1143 1894 saturent
1165 1831 1285 1912 Popma,

140 1938 221 2018 quod
237 1937 373 2018 probarit
389 1938 599 2000 Schneiderus.
632 1938 709 2018 apud
725 1937 917 2000 Columellam
931 1937 995 1999 Vlll
1012 1936 1062 2020 14,
1078 1936 1117 2001 11
1134 1939 1170 1999 de
1186 1941 1285 2017 sagina

139 2063 280 2124 anserum
304 2047 415 2124 scripta
441 2053 511 2107 sunt
534 2045 621 2126 haec,
649 2054 678 2106 et
706 2054 750 2106 est
774 2046 879 2121 sociiis
907 2049 1018 2107 lorum
1044 2049 1143 2106 ovium
1166 2050 1285 2121 sopire.

141 2169 212 2213 nom
233 2161 361 2230 praeter
381 2157 534 2230 polentam
559 2161 588 2214 ct
606 2156 749 2230 pollinem
773 2161 820 2214 ter
843 2156 893 2214 elie
911 2156 989 2214 nihil
1009 2171 1085 2214 sene
1105 2155 1193 2213 aliud
1214 2157 1288 2214 cleri

139 2277 264 2321 neccsse
286 2267 343 2340 est,
371 2261 529 2320 dummodo
557 2262 646 2334 larue
674 2261 798 2320 bibendi
821 2267 955 2335 potestas
973 2262 1040 2332 piot
1066 2277 1123 2319 nce
1151 2262 1288 2334 vocandi

121 2406 124 2411 <
137 2364 275 2441 facultas
304 2368 411 2437 ricton,-
444 2375 474 2426 et
502 2364 638 2426 similiter
667 2367 698 2426 in
726 2368 897 2445 geoponicis
920 2364 984 2425 llll'
1005 2363 1100 2446 22st
1130 2361 1285 2427 ἐσθίουσι

140 2464 178 2532 ot
211 2471 325 2550 τρίτον
355 2477 415 2551 τῆς
446 2463 569 2551 ἡμέρας
596 2465 651 2531 καὶ
683 2465 758 2550 περὶ
788 2468 894 2552 μέσην
924 2464 1044 2548 νύκτα,
1076 2470 1213 2533 πίνουσι
1248 2464 1285 2532 el

140 2575 301 2652 δαψιλῶς.
347 2578 424 2658 apud
448 2578 609 2639 Varronem
633 2585 668 2639 ut
692 2587 739 2640 ter
763 2581 813 2640 iiie
834 2585 975 2640 saturent
997 2578 1112 2657 scripsi.
1154 2595 1221 2638 nem
1245 2579 1284 2638 ita

141 2685 208 2745 sine
232 2687 452 2764 praepositione
476 2687 522 2745 his
545 2688 596 2746 die
619 2687 764 2764 scriplum
792 2695 837 2745 cst
861 2682 935 2760 114,
957 2682 1007 2746 lt.
1037 2682 1110 2766 7,1
1135 2692 1165 2745 et
1188 2683 1217 2746 8.
1245 2683 1285 2744 111

141 2787 173 2865 9,
193 2788 251 2871 20,
275 2790 326 2852 seu
350 2791 447 2853 addita
471 2794 690 2872 praepositione
715 2794 759 2853 bis
786 2796 816 2852 in
841 2810 921 2853 anno
945 2789 1091 2865 114,14.
1117 2790 1167 2871 11,
1187 2790 1216 2871 8,
1239 2801 1286 2854 ter

141 2902 174 2959 in
200 2916 280 2960 anno
303 2896 343 2958 lll
363 2895 413 2978 10,
428 2895 458 2979 3,
482 2907 529 2959 ter
553 2902 583 2959 ira
603 2917 704 2960 mense
722 2896 762 2957 lll
785 2896 899 2978 16,17,
922 2916 1080 2973 scrupeae
1099 2903 1182 2959 milio
1201 2917 1284 2959 nam·

137 3021 221 3066 mum
245 3008 276 3065 ire
299 3022 379 3065 enno
402 3001 540 3085 1116,1.

232 3109 329 3181 Quod
353 3112 452 3187 ipsae
476 3120 592 3170 amant
614 3111 730 3170 locum
759 3126 886 3189 purum
912 3127 1024 3187 neque
1053 3112 1150 3188 ipsae
1175 3107 1284 3170 ullum

138 3217 202 3278 ubi
223 3217 373 3277 inerunt
392 3216 575 3277 relincunt
594 3213 739 3295 purum]
764 3217 852 3288 Quod
865 3218 924 3292 1ρεὶ
941 3219 1155 3278 omentlecum
1172 3234 1284 3292 parom

136 3343 239 3400 neque
258 3326 317 3400 ipsi
334 3326 437 3398 ullum,
456 3326 509 3385 ubi
523 3323 649 3398 suerint,
669 3326 846 3398 relinquunt
861 3340 973 3398 purum
993 3320 1151 3384 lucundus.
1185 3335 1285 3384 emeret

138 3421 176 3492 er
207 3429 327 3491 Victorii
356 3429 486 3490 editione
520 3428 650 3489 secunda
679 3436 832 3507 receptum
862 3437 934 3490 erat.
980 3431 1154 3509 pronomine
1184 3432 1284 3508 priore

138 3538 208 3598 loco
231 3537 328 3598 deleto
352 3539 459 3614 scripsi
483 3539 565 3610 qood
586 3544 690 3596 ament
712 3540 810 3597 locum
835 3554 950 3613 purum
979 3555 1076 3612 neque
1103 3540 1162 3614 ipsi
1184 3541 1285 3618 ullum,

138 3646 197 3706 ubi
218 3643 361 3720 suerunt,
390 3646 544 3703 relincunt
566 3660 688 3718 purum.
734 3661 800 3702 nam
830 3642 971 3704 leminino
999 3662 1108 3721 genere
1136 3648 1222 3721 ipsae
1249 3644 1284 3705 tle

140 3748 299 3810 anseribus
323 3748 382 3810 clici
406 3768 464 3809 non
488 3752 593 3830 potuit,
618 3752 673 3810 nisi
697 3751 797 3828 potins
821 3748 1012 3809 scribendum
1037 3759 1100 3809 erat
1123 3754 1205 3823 quod
1226 3753 1285 3811 leae

141 3875 214 3917 coes
242 3864 346 3917 emant
369 3861 468 3918 locum
491 3874 606 3932 purum
634 3874 732 3931 cepere
760 3860 844 3933 ipsae
867 3874 945 3937 sqq.,
973 3857 1051 3917 sicut
1079 3854 1115 3915 de
1140 3855 1285 3916 columbis

141 3962 257 4022 dictum
280 3972 326 4022 est
349 3962 389 4022 lll
409 3961 437 4042 i,
452 3960 472 4022 5
488 3965 678 4039 pcrmundae
701 3966 779 4025 enim
802 3969 873 4023 sunt
896 3965 955 4023 lec
977 3966 1124 4024 volucres.

231 4066 310 4130 X12
343 4068 496 4147 Crepido
525 4069 595 4130 lata
623 4073 656 4130 in
681 4088 747 4149 qna
770 4069 967 4130 secundum
995 4071 1173 4150 parietem
1202 4079 1284 4130 sunt

142 4184 242 4235 tecta
271 4175 406 4237 cubilia
434 4185 515 4235 ante
543 4194 602 4236 eas
630 4176 853 4237 uestibulum
882 4194 1001 4237 earum
1031 4175 1284 4256 exaequatum]

141 4282 210 4343 Sint
242 4289 323 4344 tecto
353 4284 481 4357 cubilia,
513 4291 585 4344 arete
616 4301 653 4344 ea
685 4286 863 4346 vestibulum
890 4291 1093 4359 exaequatum
1125 4282 1286 4346 ineundus.

198 4391 274 4434 Vm.
289 4402 342 4434 erm
356 4403 424 4434 ever.
450 4392 481 4434 IL
1040 4387 1072 4437 18
