2874 4994
378 341 509 396 unnvlt
527 341 767 397 RVSTICARVM
786 341 853 396 LIB.
874 343 885 395 1
907 288 962 396 31x
1193 332 1234 396 87

49 522 58 553 2
105 499 251 579 ruminum,
274 492 383 578 113,9
400 514 512 573 prepes
527 495 651 572 faciunt
664 530 719 578 -,
732 499 775 557 ud
791 499 961 574 perniciem
984 514 1051 557 eum
1071 498 1234 572 perducat,

97 597 157 682 9,4
188 605 298 666 debent
323 621 389 664 esse
414 636 451 645 -
478 606 665 679 inpredienti
691 606 721 665 ei
749 606 974 680 displodantur,
1007 598 1095 683 9,11
1128 621 1235 679 penes,

33 728 36 733 ·
87 715 187 787 mis
208 713 289 773 enim
311 728 346 772 eo
369 713 504 783 aluntur,
528 719 558 770 et
580 709 717 770 simililer
740 706 815 789 115,
835 706 854 770 8
878 728 976 785 neque
994 711 1235 784 inpredientibus

79 820 130 892 qui
171 820 385 896 displuduntur
412 835 470 878 nec
499 820 588 878 cuius
619 820 752 892 unpulue
783 819 937 890 dicerent,
974 814 1022 890 11,
1044 813 1083 876 11
1105 817 1238 892 pellibus»

10 922 15 959 ¹
71 932 153 985 sunt
181 926 306 985 vestitae
320 956 372 1004 —,
386 926 474 984 cuius
498 941 584 984 usum
603 925 689 1000 apud
705 925 822 984 anticos
841 940 959 998 quoque
981 923 1115 983 Graecos
1136 920 1234 997 fuisse
1283 981 1288 990 „

66 1038 225 1106 apparet.
270 1048 359 1109 saepe
388 1031 476 1091 etiam
506 1031 536 1090 in
564 1031 731 1109 praeceptis
760 1047 901 1089 numeros
930 1029 1101 1108 verborum,
1125 1027 1234 1106 quibus

63 1139 262 1216 pronomina
286 1154 345 1197 non
369 1135 467 1197 addita
490 1144 569 1216 sunt,
592 1137 701 1196 mutari
725 1145 827 1196 notum
852 1144 904 1196 est.
948 1134 1000 1195 sed
1025 1138 1056 1194 in
1080 1134 1136 1195 hoc
1161 1153 1232 1212 quo·

61 1261 128 1323 que
174 1261 284 1324 genere
315 1242 406 1304 multa
440 1241 511 1303 olim
543 1241 579 1302 ab
607 1241 774 1303 editoribus
802 1242 960 1322 depravata
993 1250 1076 1323 sunt,
1105 1259 1232 1320 quorum

61 1360 201 1430 partem
225 1349 373 1411 Victorius
397 1348 572 1410 emendavit.
609 1348 775 1409 adscribam
799 1349 881 1423 haec,
905 1367 990 1428 quae,
1009 1349 1147 1427 quoniam
1168 1347 1231 1408 Vic-

63 1458 159 1518 urii
180 1456 362 1536 diligentiam
385 1455 535 1536 fugerant,
559 1455 655 1516 adhuc
679 1466 820 1536 corrupta
848 1458 878 1515 in
904 1456 991 1516 editis
1014 1453 1232 1533 exemplaribus

65 1563 269 1644 terebantur,
288 1560 404 1643 117,4
423 1570 456 1623 ut
471 1562 637 1636 facientem
657 1565 799 1638 imitetur,
819 1561 888 1641 112,
904 1559 944 1623 17
965 1565 1041 1637 unni
1050 1594 1091 1603 —-
1102 1581 1140 1622 ne
1158 1564 1233 1636 perid

63 1670 266 1734 laboret-
293 1687 353 1731 non
376 1672 533 1730 desiderat
555 1677 696 1744 matrem,
728 1665 820 1749 4,19
849 1676 976 1729 matrem
1002 1701 1039 1711 -
1066 1677 1108 1728 ut·
1122 1669 1231 1729 crebro

65 1778 187 1838 reditu
218 1781 302 1839 alere
326 1778 444 1854 possint
467 1793 592 1853 porcos,
624 1772 693 1855 6,3
726 1779 860 1851 elipenai
880 1793 945 1835 mus
968 1783 997 1836 et
1016 1773 1133 1850 semine
1162 1792 1230 1834 cum

66 1883 234 1956 niquitate
256 1892 290 1944 ut
311 1886 359 1964 sit,
384 1880 402 1944 'i
404 1930 413 1962 ,
432 1879 452 1943 3
476 1885 548 1958 equi
561 1914 601 1924 -
618 1900 688 1944 cum
711 1901 802 1945 caros
820 1885 933 1944 bubeut
951 1890 1012 1942 turn
1035 1888 1231 1942 renascentes

63 1995 91 2045 el
120 1989 236 2052 deinde
256 2007 358 2052 munes
376 1991 492 2050 bebere
510 1992 585 2050 solet
599 1999 731 2064 renatos,
755 1988 794 2049 ΙΙΙ
812 1988 840 2070 t,
855 1988 876 2050 4
896 1991 1086 2051 columbaria
1104 1991 1227 2063 sinpulu

65 2110 153 2158 esse
186 2103 315 2175 oportet,
344 2103 378 2156 ut
409 2113 442 2157 os
474 2097 599 2170 babent,
627 2092 697 2175 9,2
720 2100 774 2171 qui
799 2098 1044 2157 urnitbobosciun
1072 2098 1230 2156 instituere

64 2205 150 2263 uult
173 2237 209 2247 -
234 2212 268 2265 ut
291 2206 418 2281 capiunt
439 2220 565 2278 ineptius
585 2201 722 2277 fructus,
746 2199 814 2282 9,7
840 2205 954 2264 cubitia
975 2205 1163 2277 pullinnrurn
1185 2235 1221 2243 -

59 2320 154 2371 cum
179 2311 313 2384 incubat,
338 2306 428 2391 12,4
456 2311 494 2369 cle
518 2312 555 2368 iis
579 2311 750 2371 Archelaus
772 2311 890 2389 scribit,
913 2327 1064 2369 annorum
1087 2316 1159 2383 print
1181 2312 1227 2368 sit.

56 2408 226 2485 pluralem
250 2433 409 2477 numerum
434 2433 469 2475 ex
489 2414 619 2476 Merulae
643 2417 815 2476 coniectura
839 2417 940 2494 recepi
965 2414 975 2474 Ι
994 2412 1047 2495 54,
1066 2413 1085 2475 2
1109 2419 1231 2490 siquid

52 2523 195 2600 reliqui
220 2524 354 2584 babeant
380 2525 483 2597 musti,
512 2520 565 2581 ubi
592 2524 705 2582 babeat
732 2525 762 2582 in
791 2540 879 2582 manu
908 2522 1028 2600 scriptis
1056 2520 1141 2590 libris
1170 2530 1228 2601 esl3

49 2617 158 2690 item
179 2629 357 2709 singularem
381 2627 456 2708 114,
479 2625 519 2690 13
542 2630 625 2704 quod
646 2632 762 2690 alienos
785 2647 844 2690 non
869 2637 1054 2706 aspernatur
1082 2646 1136 2707 pre
1164 2628 1228 2708 plu·

42 2729 138 2795 Pali
162 2741 273 2799 alienos
297 2745 512 2813 aspernantur.

172 2843 278 2904 Omne
302 2841 471 2922 pabulum
499 2844 650 2921 primum
675 2844 826 2903 ocimum
850 2843 1068 2922 farraginem
1098 2844 1226 2902 uiciarn

28 2947 279 3042 nOuissime
304 2950 423 3011 lenum
454 2951 565 3009 sicari
587 2951 731 3010 ocinum
755 2950 890 3009 dictum
920 2968 935 3008 a
963 2967 1091 3028 graeco
1117 2948 1226 3009 uerbo

26 3055 100 3106 ⁰0
119 3075 187 3118 eus
210 3056 304 3137 quod
338 3057 435 3117 ualet
464 3058 536 3116 cito
564 3055 736 3116 similiter
764 3074 832 3135 quio
861 3057 1013 3116 ocimum
1042 3058 1077 3115 in
1106 3055 1225 3133 horte]

22 3145 216 3227 Primum
235 3168 356 3226 ocinum
376 3162 585 3225 Schneiderus.
608 3162 711 3223 eadem
732 3164 824 3222 lurnra
844 3161 1027 3221 restituenda
1047 3161 1119 3221 esll
1134 3160 1226 3237 23,1.

16 3264 151 3332 nat„
171 3276 300 3334 ocimum
323 3280 369 3331 est
391 3288 486 3349 genus
509 3269 619 3331 herbae
642 3272 673 3329 in
697 3269 800 3349 hortis,
820 3267 898 3346 quod
923 3259 1050 3347 ὤκιμον
1070 3268 1114 3328 vel
1133 3267 1224 3348 βασι·

18 3355 177 3440 λ’-ῦιόν
200 3378 306 3440 Graeci
329 3377 470 3437 dixerunt
493 3386 522 3436 et
545 3395 652 3456 graecu
676 3376 795 3437 nomine
819 3373 929 3456 Latini,
953 3384 987 3435 ut
1009 3376 1049 3435 ait
1074 3373 1165 3434 Varro
1189 3375 1225 3435 de

19 3458 153 3565 fulg.
174 3484 265 3550 lat.V
287 3480 348 3546 103
373 3503 453 3559 quae
476 3487 507 3544 in
530 3487 627 3545 bortis
650 3492 828 3559 nuscuntur,
852 3486 915 3542 elin
939 3486 1114 3560 pereprtnis
1138 3500 1224 3542 uocu-

20 3566 51 3624 ι’
59 3592 170 3668 ltin,
203 3602 237 3653 ut
266 3596 391 3667 praecis
423 3595 552 3653 ocimum
584 3598 684 3651 mente
717 3599 802 3670 ruta,
835 3608 926 3666 quarn
958 3609 1041 3650 nunc
1072 3584 1224 3669 πήγανον

26 3691 242 3777 ‘'Dpellnnt.
280 3699 317 3759 de
340 3699 396 3760 hoe
420 3698 505 3777 plura
529 3698 604 3758 dixit
626 3697 762 3777 Meyerus
787 3697 890 3758 histor.
909 3697 1007 3757 butan.
1031 3694 1223 3776 v.1p.344.

30 3787 122 3861 ἢ)
148 3825 182 3868 eo
213 3807 363 3867 diversum
397 3814 443 3865 est
470 3822 565 3885 genus
593 3803 692 3885 pabuli
721 3804 836 3885 viridis,
865 3803 943 3882 quod
972 3805 1076 3863 rustici
1104 3808 1224 3864 ocinum

33 3886 227 3994 dixerunt,
250 3913 336 3972 cuius
360 3912 541 3972 mentionem
565 3912 635 3972 lacit
658 3910 729 3972 Cato
754 3929 778 3970 c.
798 3907 850 3970 27.
870 3906 921 3969 53.
942 3904 998 3988 54,
1030 3907 1079 3968 ubi
1103 3914 1224 3971 ocinum

38 3994 110 4078 ill
134 4019 294 4100 archetypo
318 4019 381 4079 luit.
427 4017 505 4079 idem
530 4018 606 4098 apud
632 4017 793 4078 Varronem
816 4017 887 4095 legit
910 4013 1023 4074 Nonius
1047 4034 1074 4094 p.
1090 4011 1164 4095 550,
1179 4014 1222 4077 25

58 4119 212 4191 Ocinum
227 4128 310 4203 quod
327 4129 455 4187 ocimum
475 4129 611 4198 elicimus,
634 4126 732 4186 Varro
752 4127 790 4185 tle
803 4143 839 4185 re
856 4125 974 4184 rustica
993 4124 1042 4182 lib.
1058 4122 1222 4198 lprimum

55 4239 199 4297 ocinum
218 4232 415 4309 surrupinem
440 4231 648 4308 (sarracinurn
668 4231 766 4304 codd.)
786 4233 904 4302 vicium,
922 4232 1080 4290 nouissime
1096 4228 1222 4304 suenum

62 4345 183 4406 ⁸ecuri
204 4339 340 4416 (frenum
368 4343 479 4400 uocari
506 4340 613 4412 codd.)
659 4342 779 4399 ocinum
807 4340 920 4398 (lictum
945 4355 965 4396 n
990 4354 1106 4411 praeco
1130 4339 1221 4398 uerbo

69 4459 203 4526 Oeneos,
226 4450 309 4526 quod
330 4450 410 4508 ualet
432 4449 492 4508 cito
517 4439 667 4528 (ueeeitos
691 4444 802 4520 corn),
829 4446 968 4505 similiter
990 4447 1072 4520 quod
1093 4448 1221 4506 ocimum
