2874 4994
224 118 275 211 28ι
565 126 756 181 ΟΟΜΜΕΝΤ.
776 127 815 180 IN
834 126 1022 181 VARRONIS

224 290 338 357 quarto
360 284 400 342 de
422 284 615 358 temporibus,
638 300 720 357 quoe
743 299 807 359 sqq.
853 282 957 342 tertiae
981 282 1076 361 partis
1099 281 1205 343 divisio
1227 280 1356 361 bipertita

225 399 270 449 est
297 388 335 449 da
363 390 400 448 iis
427 387 518 448 rebus
546 406 622 467 quae
652 387 870 467 praeparandae
899 396 930 449 et
958 386 1008 448 ubi
1038 406 1089 449 eae
1117 387 1267 449 faciendae
1289 390 1364 465 sint,

224 497 295 555 item
315 503 418 574 quarta
442 496 478 555 de
503 494 688 572 temporibus
711 513 786 573 quae
810 495 845 554 ad
870 494 962 555 solem
986 506 1017 556 et
1039 513 1115 574 quae
1138 494 1175 555 ad
1199 493 1294 557 lunam
1312 514 1367 557 re-

224 603 370 663 teruntur.

313 708 359 769 lle
392 711 518 788 primis
551 716 723 787 quattuor
756 707 923 788 partibus
955 710 1057 788 prius
1089 708 1205 769 dicam
1238 707 1376 770 deinde

223 815 398 876 subtilius
421 816 462 876 de
490 825 570 876 octo
598 815 786 892 secundis]
818 815 860 877 lle
883 823 1025 894 quattuor
1048 814 1184 895 partibus
1207 817 1376 901 separatim

224 941 283 983 non
307 923 379 1001 dici,
407 922 458 982 sed
483 921 791 991 statinrsubtiliorem
818 922 853 982 de
882 932 949 982 octo
977 921 1112 1001 partibus
1135 920 1381 1001 disputationum

223 1032 308 1108 sequi
337 1031 432 1108 iisqne
461 1028 597 1109 partibus
624 1047 714 1089 novas
743 1028 868 1090 subinde
896 1037 996 1108 partes
1019 1027 1115 1089 subici
1139 1028 1290 1091 Gesneros
1314 1028 1382 1089 ad—

224 1138 341 1198 notavit
386 1136 463 1196 idem
493 1144 590 1196 tameo
618 1138 648 1196 in
673 1143 814 1214 quattuor
841 1145 942 1215 partes
965 1153 1031 1196 eam
1053 1135 1286 1215 disputationem
1306 1135 1385 1197 te-

223 1242 364 1304 tributam
383 1261 449 1303 esse
473 1242 688 1303 animadvertit„
725 1260 792 1302 nam
815 1241 852 1302 de
877 1244 973 1320 prima
992 1250 1075 1321 parte
1089 1243 1189 1319 agitur
1208 1238 1394 1327 eti-15,

223 1351 259 1411 de
274 1348 404 1410 secunda
424 1367 449 1409 e.
467 1345 605 1428 17-22,
624 1349 661 1409 de
676 1352 802 1410 tertiae.
818 1344 959 1430 23-26‚
974 1349 1010 1410 de
1025 1358 1130 1427 quarta
1145 1367 1170 1410 c
1185 1344 1395 1431 27-37,3.

223 1465 364 1536 quattuor
383 1466 482 1517 autem
502 1466 601 1535 partes
620 1455 764 1516 indicatae
788 1464 859 1517 sunt
876 1458 926 1535 ita,
945 1464 978 1516 ut
999 1456 1088 1516 uilius
1107 1457 1256 1536 cuiusque
1273 1458 1398 1537 partis

222 1563 327 1624 divisio
350 1566 381 1623 in
405 1563 489 1624 binas
511 1565 640 1644 species,
668 1565 784 1623 etiamsi
813 1565 945 1641 ipsarum
973 1580 1076 1624 rernm
1104 1565 1243 1624 tractatio
1269 1562 1397 1644 hiper-

223 1673 305 1731 titan
330 1671 505 1731 divisionem
525 1689 584 1731 non
603 1678 741 1731 accurate
761 1678 912 1750 sequatur,
930 1678 1029 1730 tamen
1049 1681 1199 1751 appareat,
1222 1672 1253 1731 in
1271 1672 1395 1751 pri-a

223 1787 306 1856 parte
331 1775 361 1858 d,
379 1778 393 1838 1
421 1782 515 1853 ipitur
535 1782 669 1856 primum
694 1781 731 1838 de
753 1782 816 1839 solo
837 1777 931 1853 fundi
951 1780 1029 1838 liuee
1051 1786 1199 1852 quattuor
1221 1787 1252 1838 et
1276 1775 1322 1858 11,
1352 1776 1396 1839 2

222 1888 293 1946 oilla
312 1888 525 1959 aedificiorum
544 1888 573 1945 in
589 1885 719 1945 secunda
742 1882 791 1966 17,
807 1883 824 1945 'l
847 1887 885 1946 de
900 1884 994 1960 fundi
1013 1893 1159 1960 occultator
1170 1886 1390 1962 pertidus—

222 1995 304 2053 dixi:
327 2011 409 2053 rectae
433 1995 543 2067 dicum,
571 1996 644 2067 apri
665 1995 774 2067 pacilius
797 1994 889 2053 rebus
912 1996 1054 2053 coluntur
1077 2000 1108 2051 et
1135 1987 1226 2070 19,1
1255 1993 1294 2053 de
1312 2008 1392 2051 re·

222 2103 305 2174 liquo
319 2108 413 2176 porte
431 2102 625 2161 instrumenti
627 2120 639 2170 ;
663 2101 692 2159 in
713 2101 800 2160 tertia
819 2095 872 2178 23,
894 2096 909 2158 1
935 2106 965 2158 et
983 2101 1126 2173 quonium
1144 2099 1288 2159 iubemus
1309 2099 1393 2157 illa

221 2210 282 2267 dito
310 2210 414 2282 primu
442 2226 482 2267 ex
509 2210 657 2267 dierisione
679 2209 920 2283 qatudripertitu,
949 2209 988 2266 de
1007 2205 1106 2281 scindo
1130 2212 1159 2265 et
1188 2207 1227 2265 de
1254 2207 1392 2265 intru-

222 2324 330 2386 mento
353 2331 412 2387 quo
436 2317 497 2373 coli
517 2317 599 2391 solet,
623 2316 662 2374 de
685 2317 777 2374 tertio
797 2322 889 2390 porte
912 2320 1038 2389 exprecto
1062 2320 1092 2372 et
1115 2310 1186 2372 ibid.
1211 2314 1271 2372 duo
1292 2326 1390 2372 con·

221 2423 398 2494 steterentin,
422 2438 501 2494 qliae
529 2430 638 2495 etque
662 2423 795 2495 quidque
822 2425 888 2482 loco
915 2423 1048 2480 proxime
1075 2420 1222 2495 capediot
1247 2428 1392 2479 serere:

222 2528 253 2585 in
273 2536 376 2604 quarta
392 2523 444 2606 27,
462 2525 477 2588 1
498 2536 527 2588 et
545 2532 688 2602 quaerelam
708 2536 843 2605 temporo
859 2531 989 2588 datorum
1005 2543 1155 2603 perierem
1172 2534 1254 2601 suot,
1271 2534 1388 2587 unum

221 2637 347 2711 casuale,
376 2636 458 2707 qeiod
483 2638 531 2696 sol
556 2638 688 2695 circuitu
717 2653 772 2694 suo
792 2638 875 2708 finit,
903 2639 1033 2695 alterum
1056 2640 1258 2707 menstruum,
1285 2622 1392 2707 qood

221 2745 295 2800 liano
318 2744 502 2802 circumiens
521 2744 714 2818 conprendit,
737 2745 827 2817 periris
851 2744 952 2801 dicam
975 2743 1098 2801 desole
1121 2748 1152 2799 et
1178 2737 1272 2819 3'1‚1
1300 2740 1389 2801 dies

157 2906 161 2913 ,
220 2851 345 2908 itineres
377 2866 495 2923 paceque
531 2849 719 2908 obseruandi
777 2846 905 2925 (lenique
942 2845 1012 2906 huie
1044 2845 1254 2927 disputationi,
1290 2854 1389 2927 quac

222 2952 343 3013 Scrofae
368 2954 478 3014 tribula
502 2962 562 3033 est,
590 2954 656 3013 linis
679 2955 842 3032 imponitur
865 2948 921 3033 37,
940 2951 962 3013 4
985 2955 1054 3014 deici
1076 2956 1114 3013 de
1136 2955 1392 3031 quadripertita

218 3057 321 3133 fornia
345 3064 375 3120 in
400 3066 523 3121 cultura
547 3064 627 3135 apri.
673 3079 739 3120 riam
764 3062 793 3120 in
818 3058 931 3138 reliqua
955 3068 1039 3138 parte
1067 3058 1136 3120 libri
1149 3057 1285 3121 ‚Scrofae
1306 3059 1393 3120 dis·

221 3167 336 3245 putatio
360 3186 376 3225 a
396 3167 517 3228 Stolone
541 3186 592 3226 sex
616 3165 756 3246 gradibus
780 3166 914 3227 rirltorae
938 3169 1002 3244 agri
1020 3166 1180 3246 descriptis
1199 3166 1399 3247 suppletur·

310 3271 383 3332 Vll
420 3273 514 3344 Quae
538 3277 586 3335 sit
610 3273 740 3350 lornra]
776 3276 841 3346 (loo
858 3277 897 3334 sit
915 3273 1018 3349 sermo
1038 3284 1071 3334 nt
1090 3272 1278 3335 scriberetur
1295 3283 1401 3334 con‘

219 3381 347 3439 cionitas
371 3382 513 3440 orationis
536 3380 686 3459 postulare
711 3378 872 3440 ridebatur.

310 3488 417 3556 Quam
441 3485 675 3566 persecutus]
700 3506 851 3563 parumque
870 3495 1051 3564 prosecutus
1069 3485 1192 3566 Merula,
1216 3484 1270 3547 ubi
1287 3478 1405 3547 roli-

221 3593 319 3651 tiauns
342 3591 544 3668 coadolevit,
569 3603 750 3670 prosecutus
773 3614 831 3653 non
856 3595 997 3673 correxit,
1028 3594 1080 3653 sed
1104 3592 1122 3654 l'
1144 3613 1204 3671 per
1226 3612 1261 3655 se
1282 3594 1412 3653 otus

220 3707 323 3777 postea
346 3698 439 3760 rubro
463 3699 563 3760 colore
582 3700 747 3780 adscripsit.
784 3719 875 3776 qaicaem
893 3709 1073 3778 persecutus
1091 3699 1260 3780 apographa
1278 3696 1415 3761 toto·

220 3824 296 3886 ruini,
328 3825 418 3881 qieom
445 3826 558 3883 perse
581 3816 662 3868 luteis
690 3810 713 3867 Α
737 3826 784 3884 m,
807 3816 841 3868 ut
868 3807 998 3887 videtur,
1021 3815 1052 3867 et
1075 3815 1230 3868 corrector
1252 3796 1420 3869 udicis

219 3912 392 3991 Florentini,
421 3914 498 3991 quod
523 3913 673 3974 lucundus
697 3916 818 3993 recepit.
864 3914 900 3974 ad
929 3913 1055 3974 tuendos
1079 3914 1190 3975 fundos
1212 3900 1422 3995 percinen‘

219 4038 294 4097 quae
318 4021 428 4097 scripta
453 4029 521 4079 sunt
544 4038 569 4080 c.
590 4016 730 4080 14-16,

308 4122 328 4184 2
361 4124 475 4204 lgitur
509 4145 585 4187 cum
619 4128 688 4186 tria
722 4145 851 4205 genera
885 4128 958 4187 sint
985 4145 1001 4186 a
1030 4128 1152 4207 specie
1183 4114 1425 4208 simplioi²

219 4249 386 4313 agrorum
410 4242 612 4312 campestre
636 4232 808 4293 collinum
833 4242 1035 4295 montanum
1060 4244 1156 4295 etex
1180 4229 1423 4296 inuio-1⁵
