2874 4994
256 108 299 171 32
598 112 789 168 COMMENT.
807 112 848 166 IN
866 111 1054 166 VARRONIS

250 288 393 343 oeerrros,
416 266 480 351 5,7
506 276 644 340 costales,
669 264 732 349 7,3
756 270 875 327 lacunis
898 285 953 346 pro
976 270 1121 342 locunae,
1145 264 1185 327 ΙΙΙ
1202 262 1267 347 2,1
1290 268 1427 327 cand-

251 378 347 455 datns,
370 372 458 456 3,10
476 378 655 453 leporarius,
679 371 709 454 5,
727 371 766 434 12
784 377 885 445 titolis,
913 371 996 451 11,2
1019 382 1093 434 ante
1114 392 1176 453 eas,
1195 370 1249 433 nbi
1270 380 1338 433 ante
1352 390 1427 433 e-

250 479 440 541 scribendnm
455 490 509 559 est,
530 479 615 560 12,4
633 484 700 555 quis
719 484 801 554 uelit,
822 476 923 554 16,17
944 484 1032 556 uluis,
1052 478 1104 540 ubi
1122 477 1313 540 scribendum
1331 496 1374 538 ern
1393 506 1427 537 ι

250 592 395 665 opercula
415 592 570 664 inponunt,
590 591 652 647 ntro
669 591 799 664 optimne
814 591 901 660 fiunt,
928 584 977 666 16,
992 584 1035 647 23
1054 591 1149 647 urina
1164 594 1264 663 petas,
1289 581 1427 665 linis?

250 704 283 754 nt
311 699 398 755 olins.
436 694 532 754 eidem
561 696 631 754 vitio
655 702 724 754 sunl
753 693 944 754 tribuendum
973 705 1019 754 est
1047 690 1191 774 1110,6
1220 695 1277 769 qui
1297 699 1427 753 auten

249 811 320 861 sunt
343 805 374 861 in
397 804 530 862 saltibus.

341 908 441 979 Quod
459 926 622 986 spinaeque
638 926 700 968 sno
720 910 877 987 quicque
896 908 974 968 loco
993 916 1074 968 sont
1093 908 1212 986 posita
1227 924 1265 965 ee
1282 907 1427 975 minna

252 1015 324 1076 inci
350 1015 545 1094 occupant]
585 1017 673 1087 (tund
693 1034 773 1090 qunc
795 1033 850 1075 suo
872 1033 1011 1090 quaeque
1033 1019 1099 1074 loco
1122 1011 1291 1094 Iucundos,
1317 1030 1427 1088 quoq

251 1141 331 1197 quae
354 1140 409 1182 suo
432 1126 562 1197 quicque
585 1127 650 1184 loco
673 1123 822 1200 Angelius.
862 1124 957 1197 quod·
970 1138 1179 1196 quaecumque
1201 1138 1259 1181 suo
1281 1138 1427 1196 quoqu-q

253 1231 319 1290 loco
338 1238 408 1289 sunl
419 1232 520 1306 posito
534 1227 741 1289 Lachmannus
757 1231 786 1288 ln
801 1227 921 1289 Luccei.
935 1248 963 1308 p.
978 1223 1030 1288 94.
1067 1229 1156 1288 etsie
1171 1245 1242 1288 cnm
1258 1226 1427 1306 reflexis-q

252 1338 426 1415 pronomine
441 1337 634 1395 coniunctum
646 1353 810 1415 pronomen
824 1339 952 1410 quisque
971 1333 1062 1395 Varro
1082 1336 1113 1394 in
1132 1333 1178 1394 his
1193 1332 1281 1395 libris
1300 1344 1427 1413 posim

252 1441 264 1501 1
284 1440 372 1523 22,ss
391 1447 492 1503 omnio
511 1451 595 1505 certo
609 1461 664 1503 sno
682 1461 801 1518 quoque
815 1446 880 1503 loco
892 1445 1046 1519 —positm
1067 1440 1079 1500 1
1098 1438 1185 1522 69,1
1206 1458 1263 1503 suo
1281 1458 1427 1521 queque

233 1557 387 1625 'tempore
406 1551 593 1626 promendn;
621 1558 723 1608 contra
748 1566 815 1608 cum
840 1550 959 1608 nomine
988 1547 1013 1607 ΙΙ
1031 1546 1065 1627 4,
1088 1543 1128 1608 13
1151 1547 1260 1623 scrofa
1288 1550 1320 1607 in
1338 1566 1425 1621 ευρ

253 1674 392 1731 quaeque
414 1659 494 1716 liora
517 1673 586 1715 snos
610 1659 675 1715 alat
697 1663 826 1731 oportet,
855 1653 894 1713 ΙΙΙ
916 1651 966 1734 16,
981 1651 1024 1715 38
1047 1662 1081 1714 ut
1108 1657 1328 1715 reconciliatae
1352 1670 1411 1723 ad

252 1780 339 1822 srrurn
363 1781 501 1837 quaeque
524 1780 598 1838 opus
621 1770 651 1822 et
674 1764 860 1822 domicilium
881 1765 1017 1822 redeant.
1056 1765 1188 1837 quicque
1206 1768 1305 1821 entem
1322 1770 1385 1825 ecri-

256 1878 339 1947 ptnm
359 1878 404 1928 est
423 1869 434 1926 Ι
450 1864 515 1949 5,3
535 1887 593 1943 quo
612 1872 742 1943 quicque
760 1878 893 1944 tempore
911 1871 943 1928 iu
963 1884 997 1928 eo
1014 1866 1112 1942 fondo
1133 1871 1209 1940 fieri
1230 1873 1373 1929 conueniat.

341 1973 361 2035 3
394 1973 466 2034 Hoc
489 1974 576 2035 licet
599 1978 809 2034 coniectura
838 1974 962 2034 nidere
985 1992 1025 2033 ex
1053 1972 1202 2053 aliquod
1225 1973 1371 2035 reboent

253 2099 362 2141 nuces
383 2083 543 2160 integras
563 2099 649 2160 quas
669 2099 738 2140 uno
758 2082 873 2142 modio
893 2080 1152 2159 comprendere
1172 2083 1291 2161 possis
1303 2080 1369 2159 qnod

252 2191 434 2267 putamina
459 2206 522 2248 suo
546 2187 624 2248 loco
648 2206 810 2267 quaeque
830 2187 938 2249 habet
957 2196 1083 2248 natura
1102 2191 1299 2268 composite
1315 2205 1370 2248 cun

252 2295 391 2355 easdem
425 2298 455 2355 si
485 2296 642 2373 fregeris
671 2298 729 2355 nix
758 2296 1004 2375 sesquimodio
1033 2297 1228 2373 concipere
1259 2292 1370 2374 possis}

257 2403 330 2460 Cum
349 2401 442 2461 deleri
462 2401 554 2461 voluit
570 2401 780 2481 Schneiderus,
798 2405 827 2462 si
845 2400 979 2483 Ursinus,
998 2420 1056 2461 non
1076 2401 1227 2463 intellecta
1246 2412 1373 2463 structura

254 2507 421 2569 verborum.
458 2527 525 2567 nem
553 2516 586 2567 ul
614 2527 708 2569 nuces
740 2511 918 2569 nominativo
952 2528 1022 2569 casn
1050 2510 1163 2570 dietum
1193 2518 1241 2571 est
1269 2518 1330 2569 nntn
1352 2510 1374 2568 in

254 2614 422 2675 adimendis
446 2614 588 2693 exemplis
615 2614 773 2696 brevitate,
803 2614 876 2676 146
906 2624 939 2676 ut
966 2620 1033 2677 olea
1061 2623 1091 2677 et
1110 2622 1242 2693 populus
1269 2619 1335 2677 nliu
1355 2622 1377 2676 et

253 2725 346 2795 sellu,
376 2720 414 2780 ΙΙΙ
434 2717 509 2802 5,2
537 2729 570 2782 ul
597 2726 750 2783 miliorinc
778 2741 817 2783 ac
845 2727 1036 2793 coturnices;
1063 2722 1170 2784 deinde
1200 2726 1378 2799 inteqrnsin
1425 2716 1427 2757 ⁵

252 2828 373 2888 relative
407 2830 553 2888 sententia
585 2830 730 2909 positum,
763 2836 796 2888 nt
824 2847 916 2889 nuces
945 2838 1028 2910 suni,
1061 2848 1135 2909 qnae
1164 2832 1298 2909 integros
1332 2847 1380 2891 nno

254 2935 351 2994 modio
375 2934 617 3013 conprehendere
641 2937 737 3013 possis
761 2954 825 3014 sqq.

341 3040 362 3102 4
395 3041 488 3111 Onne
521 3041 670 3102 arbores
702 3045 737 3102 in
765 3041 927 3103 ordinem
956 3052 1053 3103 seiae
1083 3042 1185 3120 sunt]
1222 3046 1261 3106 In
1290 3047 1386 3106 ordine

253 3147 331 3207 edim
354 3156 421 3208 ante
447 3148 608 3208 Victorinnn
634 3149 820 3230 exemplaria,
847 3153 876 3209 in
900 3153 1037 3210 ordinem
1061 3168 1096 3209 ex
1121 3149 1225 3211 codice
1250 3149 1389 3212 victorine

253 3257 396 3315 restitnit:
421 3251 516 3333 14,2
541 3272 609 3313 cum
633 3259 664 3314 iu
689 3259 827 3316 ordinem
849 3265 919 3316 sunt
943 3260 1059 3317 consito
1083 3259 1228 3332 arbusta,
1252 3256 1307 3340 23,
1325 3256 1346 3320 6
1365 3262 1390 3318 in

252 3363 448 3434 ordinemque
472 3362 644 3420 arbusculis
664 3365 779 3441 positis,
803 3361 841 3421 ΙΙΙ
864 3359 892 3441 ’1,
910 3360 933 3423 4
954 3365 1145 3423 columbario
1160 3368 1246 3437 fiunt
1264 3356 1393 3427 metenda

253 3468 284 3524 in
304 3469 440 3525 ordinem
460 3468 581 3539 crebro,
601 3464 630 3545 8,
645 3466 765 3543 ipolcs
784 3472 815 3528 in
830 3472 975 3542 ordinem,
998 3468 1047 3549 16,
1067 3467 1104 3530 16
1124 3488 1195 3530 cum
1215 3475 1248 3533 in
1263 3475 1395 3535 ordinem

253 3573 312 3629 siut
332 3575 467 3646 positue;
490 3575 562 3633 item
588 3571 651 3652 17,
671 3573 691 3634 2
714 3579 743 3635 si
763 3583 832 3635 satu
859 3584 929 3636 sunt
958 3580 988 3636 in
1017 3580 1236 3650 quincuncem,
1271 3577 1397 3641 lese

253 3680 459 3753 sesquipedem
479 3684 614 3756 ponitur.

343 3782 363 3845 6
397 3785 524 3847 Cretae
549 3787 588 3846 ed
617 3790 815 3866 cortyniam
839 3788 975 3848 dicitnr
999 3788 1165 3866 platanus
1189 3808 1272 3852 esse
1296 3792 1401 3853 ——ed

252 3890 543 3969 elephantincnn]
577 3891 725 3971 Theoplrr.
755 3893 824 3954 hist.
853 3894 942 3972 plant.
973 3893 984 3953 1
1011 3892 1097 3975 9,5
1132 3890 1168 3956 ἐν
1208 3890 1335 3983 Κρήτῃ
1368 3893 1403 3961 di

253 3991 381 4074 λέγεται
404 3989 575 4058 πλάτανόν
594 4019 668 4059 τινα
687 3990 773 4059 εἶναι
793 3996 830 4060 ἐν
848 4021 888 4082 eq
909 4000 1099 4084 Γορτυναίᾳ
1116 3993 1204 4083 πρὸς
1224 4004 1322 4089 πηγῇ
1340 4026 1404 4067 τινι

252 4091 272 4179 ἣ
294 4094 335 4160 οὐ
350 4101 561 4180 φυλλοβολεῖ.
577 4137 615 4146 -
633 4100 669 4164 ἐν
693 4098 730 4165 di
750 4101 900 4185 Συβάρει
920 4103 1003 4186 δρῦς
1022 4104 1113 4169 ἐστιν
1134 4098 1354 4186 εὐσύνοπτος
1370 4108 1405 4174 ἐκ

253 4203 310 4284 τῆς
337 4198 463 4280 πόλεως
490 4199 511 4287 ἢ
540 4203 581 4271 οὐ
604 4210 815 4289 φυλλοβολεῑ.
838 4245 873 4255 -—
897 4208 1025 4290 λέγεται
1053 4207 1091 4275 δὲ
1123 4209 1181 4275 καὶ
1210 4210 1250 4276 ἐν
1276 4213 1405 4304 Krinpp
