2874 4994
232 335 275 400 36
593 342 782 398 COMMENT.
802 341 842 396 IN
861 338 1017 397 CATONIS

233 499 285 561 sed
313 500 457 560 vinarium
481 499 583 577 iugum
608 498 678 578 quid
701 499 753 579 sit,
779 516 838 558 non
861 505 991 577 apparet.
1036 502 1209 575 apparatum
1232 493 1270 555 ad
1292 495 1373 554 vina·
1406 521 1410 527 ·

232 623 301 667 aeos
325 605 463 666 serendos
487 604 547 666 dici
569 603 692 684 putabat
715 603 924 685 Rottbaellins,
952 607 1056 680 ianam
1079 605 1238 664 melariam
1262 600 1374 661 lGes·

164 766 168 771 .
232 730 338 793 uerus,
361 716 467 788 innam
491 714 681 774 bovinariam
705 714 726 772 Ι
745 711 946 772 Schneiderus
970 712 1105 775 coniecit.

320 819 477 881 Ahenum
497 818 673 898 casulum]
689 820 826 881 Alienum
845 821 933 880 alind
945 817 1066 903 Merula,
1085 820 1214 879 ahenam
1233 819 1373 879 eoeulnm

232 924 380 988 Victorius
404 929 544 1009 restituit,
566 926 618 988 ubi
641 931 779 989 ananiam
802 927 939 988 adieetivi
963 926 1027 986 laco
1051 934 1105 986 est.
1144 929 1251 988 caenia
1274 924 1373 1004 plura·

231 1033 300 1096 liter
328 1033 402 1095 dixit
424 1033 547 1095 Plautus
575 1034 652 1113 apud
676 1034 822 1096 Isidorum
845 1037 918 1113 orig.
942 1031 995 1092 XX
1015 1031 1076 1114 8‚1
1102 1037 1202 1095 amnia
1225 1051 1299 1094 rasa
1323 1049 1374 1093 eo·

231 1145 346 1217 qnendi
372 1160 468 1203 caasa
493 1150 608 1220 parata
636 1145 744 1203 caenia
773 1144 931 1203 dicantar:
963 1143 1089 1201 Plantas
1117 1135 1232 1202 ‘aeneis
1258 1143 1376 1202 camelis

231 1252 306 1309 miii
327 1257 455 1311 excocta
475 1257 518 1310 est
541 1252 636 1311 omnis
656 1243 895 1310 misericordia':
918 1248 954 1309 ci.
973 1247 1081 1309 Piasid.
1100 1248 1188 1328 gloss.
1210 1266 1238 1328 p.
1257 1244 1311 1329 26,
1331 1245 1373 1308 13

232 1356 276 1416 ed.
300 1354 417 1416 Deuerl.
440 1357 558 1417 Coralis
581 1359 683 1417 aeneis
707 1359 786 1415 rasis
807 1358 850 1416 aa
867 1358 1055 1430 coquendam
1074 1359 1122 1417 ael
1138 1359 1246 1416 assulis
1265 1357 1375 1416 aridis.

231 1463 303 1522 itam
327 1461 419 1522 Varro
448 1461 524 1543 apud
548 1461 676 1524 Nonium
699 1481 727 1542 p.
750 1459 825 1536 531,
846 1459 886 1522 27
918 1462 1017 1524 Varro
1041 1464 1078 1523 de
1101 1467 1163 1523 vita
1182 1466 1289 1541 papali
1311 1463 1372 1523 Ro·

230 1573 314 1629 mani
344 1572 394 1630 lib.
422 1571 443 1629 Ι
472 1564 592 1631 ‘caenia
624 1573 678 1644 qni
708 1571 854 1653 carebant
882 1587 993 1646 panem
1016 1573 1149 1646 primam
1176 1571 1231 1630 snei
1258 1573 1373 1643 cinere,

226 1685 334 1754 postea
362 1681 393 1737 in
419 1671 535 1754 sarna',
568 1676 649 1737 Paul.
677 1696 738 1738 exc.
769 1675 845 1738 Fest.
869 1694 897 1755 p.
920 1674 1012 1759 39,3
1039 1682 1146 1739 caenia
1174 1696 1248 1738 vasa
1275 1694 1374 1738 aenea

230 1786 417 1845 coctionibus
441 1792 521 1861 apta.
559 1788 616 1845 aiii
637 1788 745 1846 caenia
769 1787 875 1846 dicant
897 1788 981 1860 tiana
1004 1789 1129 1859 minata,
1152 1787 1261 1861 quibas
1276 1783 1375 1860 saeiie

231 1892 441 1966 decoquantur
468 1893 606 1966 obsonia,
634 1891 721 1971 gloss.
750 1891 796 1953 iat.
823 1911 849 1952 v.
873 1890 910 1951 {V
934 1911 961 1971 p.
985 1890 1059 1972 219,
1082 1889 1124 1954 37
1154 1895 1260 1953 caenia
1288 1895 1375 1967 tiana

230 2000 323 2058 arida
351 2000 398 2058 rei
422 2017 495 2059 vasa
519 2017 613 2060 aerea
641 2007 671 2060 ei
699 2017 773 2078 quae
797 1997 879 2059 dedit
900 1997 1037 2060 Loewius
1062 1999 1149 2078 gloss.
1173 2017 1250 2059 nam.
1274 2016 1302 2077 p.
1322 1994 1375 2058 90.

229 2100 281 2165 95.
305 2101 378 2166 206.

319 2209 339 2272 3
367 2210 612 2274 Nassiternam
635 2213 661 2291 Ι]
691 2216 874 2291 Amphoram
902 2218 1104 2276 nassiternam
1131 2231 1223 2275 anam
1251 2211 1374 2273 Merula.

230 2320 260 2378 in
284 2336 372 2379 manu
397 2321 516 2399 seriptis
540 2319 623 2381 libris
647 2324 836 2402 amphoram,
865 2320 943 2401 quod
969 2340 1004 2381 ex
1029 2323 1162 2401 principe
1186 2319 1317 2381 editione
1341 2319 1374 2380 in

232 2424 361 2506 reliquas
390 2436 582 2507 propagatum
613 2437 690 2509 erat,
720 2446 779 2488 nan
807 2428 929 2510 legitur3
961 2428 1038 2489 idem
1067 2427 1228 2489 Politianus
1256 2425 1375 2487 delevit.

231 2531 338 2593 deinde
362 2538 503 2595 trallenm
526 2553 562 2595 ex
586 2533 747 2614 archetypo
770 2534 974 2614 recipiendum
998 2544 1069 2596 erat.

317 2638 339 2701 4
370 2640 479 2702 Molas
511 2643 687 2703 asinarias
715 2640 755 2701 111
786 2641 895 2702 molas
928 2660 1015 2702 unas
1046 2640 1243 2719 irusatiiis]
1274 2642 1375 2703 Maias

229 2751 384 2809 asinarias
417 2767 507 2824 anas,
540 2752 689 2810 irasatiiis
721 2768 800 2810 anas
832 2747 957 2830 Merula,
989 2754 1083 2811 maias
1115 2752 1270 2810 asinarias
1303 2756 1374 2823 ires,

228 2859 383 2917 trasatiles
406 2874 484 2917 anas
507 2855 667 2917 lusundua
711 2858 891 2936 transposito
915 2876 940 2917 v.
963 2875 1042 2917 naas
1066 2858 1173 2936 scripsi
1195 2860 1289 2918 malas
1312 2860 1373 2917 asi·

228 2967 335 3024 nerias
355 2965 416 3038 III,
440 2968 533 3025 malas
557 2967 707 3025 irnsatilis
730 2983 822 3025 anas:
845 2966 882 3025 ci.
905 2961 989 3043 10,4
1008 2967 1101 3025 maias
1120 2967 1277 3024 asinarias
1294 2982 1375 3024 anas

228 3079 257 3131 ei
281 3074 430 3132 trasatilis
453 3090 538 3132 anas.

318 3177 546 3239 Ferramenta
575 3176 686 3238 falses
714 3177 908 3258 sirpiculas
933 3178 955 3236 V
983 3177 1096 3239 iaicas
1123 3177 1312 3239 siluaticas
1335 3175 1373 3237 vl

228 3283 432 3347 arborarias
459 3284 498 3345 ΙΙΙ
527 3303 674 3346 secures
698 3284 722 3342 V
749 3304 882 3347 cuneos
909 3284 963 3346 1111
991 3303 1155 3346 aomares
1184 3285 1321 3346 ferreas
1345 3282 1373 3343 X

228 3392 326 3471 palas
351 3391 399 3471 Vi]
424 3395 532 3454 Falsas
555 3397 692 3454 serruias
715 3412 778 3475 sea,
801 3393 900 3469 falces
922 3397 1078 3455 silvaticas
1101 3399 1245 3469 quattuor
1268 3400 1297 3453 et
1319 3409 1372 3452 ar·

227 3501 373 3561 horarias
401 3503 537 3582 totidem,
563 3519 687 3562 secares
709 3508 910 3577 quattuorei
938 3519 1049 3562 euneos
1073 3503 1207 3581 totidem,
1235 3516 1374 3561 nomeres

223 3606 345 3682 ferreas
362 3624 418 3666 sere
436 3604 558 3688 Merula,
577 3607 779 3686 ferramenta,
800 3608 899 3685 falces
916 3612 1088 3670 nineatieas
1106 3627 1169 3684 sex,
1188 3611 1373 3684 scirnieuias

226 3717 370 3788 quinque,
396 3711 495 3788 falces
522 3717 676 3776 silvaticas
704 3719 849 3792 quinque,
878 3718 1059 3777 arborarias
1083 3722 1157 3788 tres,
1186 3717 1372 3776 rusticarias

227 3822 342 3900 decem,
378 3838 502 3881 secares
533 3825 666 3897 quinque
702 3831 731 3884 et
763 3841 873 3885 euneos
905 3829 1051 3902 quatuor,
1083 3839 1216 3883 vomeres
1248 3820 1371 3897 ferreas

227 3929 342 4001 decem,
372 3931 463 4004 palas
494 3946 550 3989 sex
577 3928 741 4003 iucundus,
762 3929 967 4005 ferramenta,
997 3928 1095 4005 falces
1123 3931 1290 3989 vineatieas
1320 3928 1372 4008 VI,

226 4036 409 4110 seirpienias
435 4034 466 4111 V,
491 4034 590 4110 falces
612 4040 767 4098 silvaticas
793 4037 824 4111 V,
853 4038 1035 4097 arborarias
1059 4036 1120 4109 III,
1147 4053 1270 4096 secures
1295 4035 1372 4096 Vei

226 4159 338 4201 raneos
363 4142 446 4216 IIII,
470 4160 602 4205 vomeres
622 4143 744 4220 ferreas
763 4144 802 4218 X,
823 4147 913 4220 palas
934 4143 979 4203 VI
997 4141 1155 4203 Victorius,
1198 4141 1297 4218 falces
1319 4145 1370 4202 sii-

227 4251 343 4311 aair'cas
365 4248 390 4307 V
414 4259 567 4329 receptum
591 4260 655 4311 erat
678 4269 713 4310 ex
738 4248 868 4310 Varrone
892 4268 915 4311 r.
939 4268 962 4310 r.
987 4246 1106 4330 1225
1129 4267 1199 4310 nam
1223 4253 1372 4312 dicnnnrr

226 4356 264 4416 ab
293 4359 394 4416 eadem
422 4360 574 4434 sarnitare
596 4360 766 4417 vineaticae
789 4375 863 4433 opas
887 4376 951 4417 esse
974 4357 1044 4431 XL,
1072 4360 1238 4434 sirpicnlae
1259 4358 1291 4433 V,
1318 4361 1370 4418 sii·

226 4466 346 4524 naticae
368 4464 398 4539 V,
426 4465 612 4525 arborariae
637 4464 701 4539 III,
729 4467 885 4525 rastariaa
909 4465 954 4524 X:
983 4481 1049 4524 nam
1077 4465 1117 4525 iia
1146 4462 1186 4525 ibi
1212 4463 1369 4543 legendum
