2874 4994
362 319 492 374 RERVM
510 321 750 377 uvsutctuvu
768 321 836 377 LIB.
856 317 871 374 I
891 320 932 376 22
1175 315 1216 379 69

120 472 153 533 de
171 492 184 533 a
207 476 343 554 principe
367 473 497 536 editione
520 475 707 556 exemplaria.
743 495 823 552 quae
845 479 906 538 sial
924 484 953 538 et
971 495 1033 552 qua
1050 496 1126 555 opus
1143 483 1217 540 mul-

120 581 205 644 terme
228 583 345 663 scripsi,
369 581 397 643 h.
416 600 440 642 e.
465 600 540 662 quae
565 592 594 643 ct
618 601 705 663 quam
730 582 820 645 multa
843 583 1022 645 ferramenta
1045 602 1121 663 opus
1145 587 1218 646 sint:

120 689 208 748 mita
231 698 334 768 postea
358 687 378 766 ἓ
397 685 419 750 5
442 687 478 749 de
503 688 691 752 ferramentis
714 693 744 751 in
765 691 876 751 vinario
895 689 986 751 tundo
1007 692 1218 770 scriptumest

129 812 239 871 amere
262 805 292 857 et
314 799 506 859 multitudiue
528 815 590 872 que
612 801 682 860 sint.

163 899 185 962 4
216 900 304 962 Vasa
333 901 550 980 torcularia]
586 904 665 965 Vasa
694 907 814 966 torsula
839 903 977 985 Ursinus,
1008 915 1041 966 ut
1069 913 1116 967 cst
1138 907 1216 986 apud

120 1014 214 1069 touem
241 1007 334 1087 11,1.

166 1117 254 1189 Quod
280 1119 370 1177 anais
402 1118 432 1177 in
466 1115 628 1197 archetypo
657 1119 802 1197 scriptum
830 1117 887 1178 init
915 1121 1062 1180 constanti
1095 1121 1126 1180 in
1158 1119 1215 1181 hoc

120 1220 216 1282 abillo
236 1241 302 1304 usu,
325 1220 409 1305 144,
423 1221 458 1304 23
476 1221 506 1284 3.
529 1222 555 1283 ΙΙ
574 1222 605 1306 4,
622 1221 671 1285 10.
695 1221 725 1306 5,
741 1222 790 1286 17.
816 1222 1067 1307 i,11.1115,'t.
1095 1224 1216 1308 16,10;

145 1332 225 1390 item
248 1333 375 1405 aliquod
394 1329 580 1411 plerumque,
603 1349 670 1392 raro
690 1335 812 1408 aliquot,
836 1342 866 1394 ct
884 1335 967 1408 quod
989 1335 1106 1413 saepius
1125 1353 1213 1414 quam

120 1445 146 1518 r,
178 1455 254 1516 qnae
278 1439 376 1497 omnia
399 1436 435 1498 ab
459 1456 515 1499 usu
539 1439 724 1518 antiquitatis
747 1440 867 1500 minime
892 1438 985 1500 auena
1005 1457 1070 1502 csse
1089 1450 1213 1504 constat.

138 1545 181 1604 in
204 1543 250 1604 his
274 1543 429 1604 commodo
452 1544 614 1624 legentium
642 1545 699 1606 troc
723 1545 804 1627 dedi,
832 1552 866 1606 ut
892 1555 965 1621 quot
992 1555 1022 1608 et
1045 1551 1161 1624 aliquot
1183 1559 1214 1611 et

120 1654 232 1712 ‘annu
268 1653 447 1734 reciperem,
486 1650 628 1713 librorum
662 1654 841 1732 scripturam
874 1654 905 1713 in
938 1652 1127 1717 adnotatione
1164 1676 1212 1717 ex-

120 1776 215 1818 erem.

165 1860 184 1924 6
216 1862 500 1925 instrumentum
525 1875 558 1926 ct
586 1863 851 1944 supellectilem
876 1869 1047 1928 rusticam
1075 1886 1210 1931 omnem

120 1981 216 2031 ·rtet
239 1969 371 2031 habere
396 1973 567 2051 scriptam
592 1974 626 2031 in
651 1972 737 2033 nrbc
761 1982 796 2033 et
819 1992 903 2034 rure
927 1974 1106 2035 dominum
1129 1975 1212 2037 uili-

120 2094 141 2136 n
183 2087 304 2138 contra
338 2095 376 2138 ea
409 2080 487 2139 ruri
519 2081 633 2139 omnia
666 2089 766 2139 certo
799 2097 863 2140 suo
891 2099 1032 2160 quoque
1059 2080 1138 2142 loco
1170 2084 1210 2144 ad

120 2201 193 2244 ‚am
215 2204 293 2245 esse
318 2184 452 2265 posita]
485 2187 523 2247 Ia
546 2187 623 2247 urbe
647 2189 798 2248 dominum
820 2196 850 2247 et
872 2191 944 2248 ruri
965 2191 1097 2250 villicum
1120 2198 1211 2266 atquc

120 2295 233 2353 omnia
256 2299 342 2354 certo
364 2311 419 2354 suo
447 2311 586 2369 quaeque
608 2297 673 2355 loco
697 2297 740 2354 acl
766 2297 866 2354 villam
889 2295 999 2355 debeat
1021 2313 1085 2357 esse
1107 2300 1211 2373 posita

120 2398 229 2480 indus,
254 2402 285 2460 ia
308 2401 386 2460 urbe
408 2403 568 2475 dominum,
591 2403 723 2462 villicum
746 2409 855 2461 contra
878 2418 915 2461 ea
938 2404 1009 2461 ruri
1030 2406 1131 2463 amaia
1154 2421 1209 2465 suo

120 2522 206 2580 eque
227 2511 293 2568 laco
320 2511 420 2584 posita
446 2506 579 2568 Ursinus.
616 2516 702 2569 certo
728 2526 783 2569 suo
806 2525 924 2583 quoque
951 2512 1017 2570 loco
1044 2512 1088 2569 acl
1108 2512 1209 2571 uillam

120 2616 198 2674 >sita
220 2612 426 2675 Lachmannus
451 2616 481 2674 in
504 2613 623 2676 Lucret.
642 2633 669 2694 p.
689 2612 743 2676 95.
780 2613 878 2676 deleto
906 2613 996 2675 verbo
1024 2633 1101 2690 esre,
1129 2617 1208 2696 quod

123 2723 273 2794 proximis
302 2723 331 2781 in
360 2719 440 2781 hunc
468 2720 565 2781 iocum
594 2720 711 2782 videtur
739 2719 852 2781 illatum
882 2739 962 2801 esse,
990 2723 1097 2802 scripsi
1124 2733 1208 2785 certo

135 2842 256 2903 quoque
275 2832 341 2889 loco
360 2830 403 2888 ad
419 2831 520 2889 uillam
536 2831 646 2904 posita.
679 2846 746 2888 nam
765 2831 896 2905 seposita
915 2846 1012 2907 neque
1032 2838 1208 2908 usurpatum

120 2943 226 2995 trrone
245 2935 364 2995 invenio
384 2953 481 3015 neque
501 2934 536 2994 ad
556 2936 734 2996 sententiam
753 2943 854 3013 aptum
874 2942 927 2995 est.
962 2935 1112 2996 dominum
1128 2938 1207 2997 enim

120 3033 280 3102 ettecutem
309 3042 450 3102 rusticam
479 3049 509 3102 ct
535 3043 566 3102 in
595 3040 668 3102 urbe
692 3051 723 3102 et
745 3043 808 3102 ruri
836 3043 975 3119 scriptam
999 3039 1123 3123 habere,
1147 3043 1207 3103 viii-

120 3155 128 3196 Ι
160 3159 263 3211 contra
287 3148 390 3209 eadem
414 3151 510 3210 omnin
536 3151 600 3209 ruri
622 3150 652 3208 in
677 3156 758 3209 certo
782 3148 846 3209 loco
870 3165 962 3226 prope
991 3147 1087 3208 villam
1110 3151 1206 3227 posita

120 3262 174 3312 ure
202 3264 330 3334 oportet.
367 3259 439 3316 ruri
464 3265 617 3335 praeterea
642 3255 732 3315 semel
761 3256 905 3333 scriptum
934 3262 987 3333 est,
1015 3252 1205 3336 limasti,

120 3372 140 3412 Β
164 3365 290 3445 saepius,
313 3360 396 3443 137,
412 3360 441 3424 3.
466 3359 506 3421 ut
524 3360 554 3441 3,
568 3358 597 3422 5.
621 3359 652 3443 4,
666 3358 696 3422 2.
721 3357 819 3444 t,11.
844 3357 878 3441 9,
893 3357 923 3420 2.
961 3367 1063 3419 contra
1083 3379 1207 3439 uespere

142 3462 167 3525 lt
187 3466 252 3547 t,8
278 3477 308 3529 et
330 3465 477 3550 1119,10
500 3486 588 3530 mane
611 3476 641 3529 el
663 3486 795 3546 uespere,
819 3468 938 3545 saepius
962 3471 1087 3544 uesperi.

155 3574 291 3646 Quibus
323 3578 358 3637 in
391 3575 571 3637 uindemia
601 3584 751 3637 utuntur
779 3582 814 3636 et
841 3572 1063 3635 corbubulae
1092 3584 1127 3635 et
1154 3576 1205 3636 sic

120 3676 151 3754 ¹]
178 3685 368 3745 Corbubulae
392 3685 422 3743 in
446 3683 605 3762 archetypo
629 3684 772 3762 scriptum
797 3683 889 3744 inisse
913 3680 1036 3742 credere
1060 3680 1203 3743 debemus

120 3781 232 3851 imonio
263 3789 385 3850 Victorii
413 3790 444 3850 in
472 3790 533 3850 Cat.
560 3787 598 3852 11
605 3838 614 3871 ,
633 3787 667 3873 5,
701 3807 879 3870 quamquam
907 3789 1052 3850 corbulae
1079 3787 1204 3866 plurima

120 3897 229 3977 grapha
258 3894 375 3956 babent.
416 3904 450 3957 ut
477 3899 623 3959 corbulae
654 3915 690 3957 er
718 3897 852 3976 principe
886 3893 1015 3956 editione
1048 3904 1202 3974 receptum

120 4001 139 4058 t·
173 4005 272 4083 potius
300 4001 397 4063 deleto
425 4013 466 4083 et,
495 4002 575 4083 quod
603 4005 632 4064 in
662 4001 813 4064 codicibus
837 4009 896 4083 est,
924 3999 1115 4061 scribendum
1140 4011 1204 4063 erat

120 4103 171 4170 bus
194 4115 224 4171 lu
249 4112 400 4171 vindemia
423 4117 553 4170 utuntur
575 4112 729 4172 corbulae,
767 4126 833 4169 nam
862 4105 1051 4170 corhularum
1076 4124 1149 4168 usus
1172 4111 1202 4168 in
1258 4178 1266 4194 ι

120 4208 207 4277 iemia
232 4216 301 4298 tuit,
324 4215 337 4275 1
359 4212 399 4276 15
421 4219 536 4291 aliquot
558 4218 701 4277 corbulae
719 4233 856 4277 auarum.
893 4213 1000 4275 deinde
1018 4223 1049 4276 ct
1066 4217 1112 4276 sic
1131 4218 1203 4290 alia,

138 4322 203 4385 olim
222 4327 293 4386 item
313 4332 342 4385 el
360 4323 464 4402 delevi,
479 4325 617 4401 qnoniam
633 4324 660 4383 id
681 4325 711 4384 in
735 4323 790 4384 hac
805 4320 930 4383 formula
950 4320 1017 4382 addi
1036 4340 1094 4382 noa
1118 4321 1202 4404 solet,

120 4431 234 4510 tplane
266 4403 433 4492 inauditum
465 4439 523 4511 est,
556 4428 710 4511 11114‚4
737 4439 767 4492 et
793 4433 839 4491 sic
867 4431 991 4490 inullis
1015 4432 1203 4507 ropionibus,
