2874 4994
142 335 207 399 230
488 340 678 396 COMMENT.
698 340 737 393 IN
756 337 945 395 vnnuouis

232 496 275 558 Ut
299 498 485 574 sexaginta
500 477 1026 574 miliaeaparsreddideriteo
1044 509 1133 553 aune
1148 491 1242 572 uillae]
1308 512 1309 516 ¹

37 618 40 624 ·
143 606 190 664 En
210 623 287 681 pars
311 607 400 664 vittae
418 604 591 663 reddiderit
609 619 644 663 eo
667 618 749 662 enno
771 597 931 664 iucundus.
968 597 1107 665 ordinem
1126 597 1246 661 eunome

33 699 36 702 ⁴
143 711 195 789 qni
219 709 275 769 suit
299 711 329 769 in
353 707 513 788 archetypo
538 705 686 768 Victorius
709 708 849 768 restituit.

231 812 272 876 16
306 813 374 875 Sed
402 814 442 876 ad
472 814 570 876 huuc
598 813 717 875 bolum
745 811 958 894 peruenias]
993 812 1116 875 Sedet
1139 814 1252 875 eumn

141 924 239 982 bolum
245 923 409 997 pervenies
420 939 455 980 ex
465 919 568 980 Aldina
579 920 708 981 editione
719 927 873 1000 receptum
884 927 957 1002 erat,
971 922 1029 981 sed
1041 921 1171 982 ndlrnne
1180 920 1253 981 baim

141 1035 175 1088 nt
194 1029 357 1104 pervenias
376 1024 568 1087 Zahlieldtius
592 1035 704 1107 quaest.
724 1028 790 1086 crit.
809 1028 839 1086 in
859 1023 940 1086 Varr.
959 1043 1020 1087 rer.
1035 1033 1112 1088 rust.
1125 1023 1186 1087 libr.
1200 1021 1255 1106 pl.
1290 1108 1291 1111 Ἴ

231 1133 345 1194 (ienae
375 1151 465 1213 quae
495 1143 580 1195 tunc
603 1131 887 1195 innumerabiles
906 1131 1256 1194 excandelaciuutrr·
1290 1124 1291 1127 '

143 1259 269 1303 nonam
293 1240 437 1301 macelli
461 1239 616 1321 reliquis
644 1241 749 1301 annis
772 1238 939 1301 omuibus
961 1247 998 1301 et
1016 1239 1109 1301 hauc
1126 1247 1260 1320 expectr-
1291 1219 1293 1248 ⁷

143 1347 200 1409 bis
219 1365 385 1407 stimmam
404 1365 511 1426 spero
531 1366 600 1408 non
620 1346 688 1408 tibi
707 1346 974 1427 decoquetnon
988 1344 1160 1408 ornithon
1174 1363 1260 1426 neque
1293 1408 1294 1423 ,

144 1454 208 1514 hoc
232 1453 374 1515 accedit
396 1452 453 1514 his
477 1451 637 1514 moribus
661 1455 731 1515 nisi
761 1471 843 1515 raro
866 1461 904 1514 ut
933 1440 1137 1532 decipiaris
1159 1462 1261 1532 quotus

143 1562 296 1639 quisque
330 1561 424 1620 enim
459 1569 514 1620 est
546 1578 659 1619 annus
692 1579 759 1639 qno
793 1579 862 1647 non
896 1558 1024 1621 uideas
1060 1559 1197 1640 epulum
1223 1568 1263 1620 rut

144 1666 366 1746 triumphum
391 1676 452 1727 aut
476 1665 630 1745 collegia
655 1686 721 1727 non
746 1667 887 1747 epulari
907 1685 997 1747 quae
1019 1684 1115 1729 nnnc
1133 1668 1263 1727 iunone-

144 1773 280 1835 nabiles
308 1772 509 1833 incendunt
532 1771 723 1851 anrionam]
758 1776 842 1847 (inne
872 1782 945 1835 tune
973 1776 1077 1854 priore
1095 1770 1182 1855 loco,
1209 1791 1264 1849 quae

145 1899 227 1942 nune
251 1881 416 1958 posteriore
441 1897 558 1940 omnes:
582 1887 655 1941 tnnc
678 1882 844 1958 posteriore
865 1879 931 1941 loeo
950 1879 1119 1942 Politianus
1138 1880 1265 1955 mnonrit,

149 1986 201 2047 sed
225 2004 285 2046 non
311 2005 344 2045 er
365 1985 513 2046 Marciano
535 1986 646 2067 codice,
670 1988 748 2047 sicut
767 1985 918 2047 Gesnerus
937 1985 1089 2048 indicarit
1126 1993 1265 2063 quactum

147 2093 382 2154 innumerabiles
410 2083 707 2169 excandeseeiebent
738 2092 889 2154 lucundus
924 2101 955 2155 et
981 2103 1052 2174 post
1080 2092 1161 2155 huuc
1186 2092 1266 2170 reliqui

146 2198 285 2260 editores.
329 2217 368 2259 ne
400 2202 566 2276 decipieris
598 2199 677 2259 idem
707 2198 866 2260 iucundus.
908 2203 1047 2262 omnibns
1079 2205 1109 2262 si
1135 2203 1210 2261 bene
1230 2217 1266 2259 et·

142 2308 280 2384 nectabis
312 2304 461 2384 Angelius.
511 2309 637 2381 reliquis
669 2309 758 2367 nnnis
790 2307 939 2381 omnibns,
970 2310 1001 2368 si
1030 2310 1115 2369 irone
1145 2306 1268 2385 spectabis
1302 2340 1303 2343 =

144 2431 298 2488 summam,
327 2426 416 2490 spero
441 2413 497 2473 tibi
518 2431 577 2474 non
607 2416 753 2488 deeoqnet
775 2415 931 2489 ornithon,
959 2402 1059 2490 neqne'
1086 2417 1146 2476 lroe
1173 2414 1270 2476 accidet

145 2523 192 2581 leis
215 2522 357 2593 moribus,
381 2522 442 2580 nisi
463 2537 548 2595 roro,
572 2539 611 2581 ne
634 2522 802 2598 decipieris
827 2527 858 2581 et
880 2519 986 2581 deinde
1010 2539 1096 2583 nnnc
1120 2525 1269 2582 innumere

146 2629 219 2687 bitin
235 2628 401 2686 incendunt
415 2624 549 2687 Ursinus.
583 2630 709 2702 reliquis
724 2630 813 2688 annis
826 2628 963 2688 omnibns
978 2635 1008 2689 et
1020 2629 1106 2690 bane
1120 2628 1271 2706 expectetis

145 2749 291 2792 summam
304 2750 394 2808 spero
408 2751 467 2794 non
482 2735 538 2794 tibi
556 2738 703 2809 deeoqnet
716 2753 776 2796 non
792 2735 942 2796 ornithon.
980 2753 1082 2812 neque
1098 2738 1159 2799 boe
1183 2735 1272 2797 aeddi
1306 2743 1309 2796 4

146 2840 194 2898 lrr's
221 2840 357 2898 moribus
385 2841 446 2899 nisi
472 2857 547 2900 raro
575 2848 609 2901 nt
636 2843 802 2918 decipieris
821 2859 885 2921 sqq.
916 2840 995 2902 edita
1023 2841 1096 2904 inde
1125 2861 1143 2904 a
1165 2841 1272 2903 victorio

147 2943 334 3026 exemplaria,
354 2942 404 3004 nbi
428 2944 578 3006 Gesnerus
602 2955 632 3006 et
656 2946 857 3008 Schneidcrus
880 2965 940 3009 non
959 2956 1080 3028 etpost
1099 2953 1274 3027 decoqueret

148 3061 215 3132 post
238 3055 367 3127 callepio
391 3050 586 3112 incluserunt.
624 3056 750 3128 reliquis
774 3056 863 3115 annis
885 3056 1033 3129 omnibns,
1064 3060 1118 3131 ait,
1142 3059 1219 3118 bane
1237 3072 1276 3116 ee·

23 3244 28 3254 ·
144 3161 285 3236 peetnbis
317 3175 461 3218 summam
495 3168 525 3220 et
557 3159 664 3220 deinde
698 3163 819 3222 accidet
850 3161 979 3223 coniecit
1005 3160 1177 3243 Nettleship
1203 3156 1277 3223 annu

147 3264 245 3344 philol.
261 3264 397 3325 Cantabr.
413 3283 437 3325 a.
455 3262 539 3326 1877
555 3283 582 3344 p.
600 3261 672 3327 175.
711 3267 847 3326 restituta
871 3265 1027 3346 archetypi
1048 3269 1198 3348 scriptura
1214 3265 1279 3327 zau-

148 3371 267 3432 ieldtius
287 3373 450 3431 orationem
470 3373 509 3431 ita
532 3371 735 3451 conformavit,
755 3379 788 3432 ut
807 3388 975 3432 sermonem
995 3368 1143 3435 Varronis
1165 3382 1227 3455 post
1246 3376 1279 3433 in·

149 3480 352 3539 numerabiles
375 3478 486 3537 linitam
511 3479 662 3555 exciperet
684 3476 805 3560 Merula,
829 3478 879 3538 cni
901 3478 1016 3556 primae
1040 3486 1146 3557 partes
1168 3480 1279 3559 dispula-

147 3567 235 3645 tionis
264 3601 353 3662 supra
383 3583 533 3645 mandatae
562 3591 659 3664 erant,
687 3585 775 3663 eique
805 3582 917 3662 reliqua
947 3581 1176 3669 tribuerentur,
1201 3604 1280 3648 renue

147 3708 226 3765 qttoe
258 3698 330 3749 trine
363 3692 604 3751 innumerabiles.
656 3683 797 3772 (Merula)
832 3689 1114 3766 Excandesnct'nnt
1146 3708 1279 3754 menon

147 3799 268 3857 macelli
297 3800 423 3872 reliquis
455 3800 544 3857 annis
576 3798 714 3857 omnibus
745 3804 776 3859 et
806 3799 888 3858 bane
917 3801 1115 3874 exspectabis
1144 3816 1280 3861 sunnon.

146 3921 235 3981 spero
258 3922 318 3965 non
346 3903 402 3964 tibi
429 3906 575 3978 deeoqnet
603 3921 684 3964 nune
712 3906 854 3965 ornitbon
884 3920 982 3978 neque
1012 3905 1073 3966 boe
1105 3909 1222 3968 accidet
1243 3907 1280 3967 bis

147 4013 279 4072 moribus
299 4014 360 4071 nisi
376 4028 451 4070 roro
470 4018 504 4070 nt
523 4013 690 4087 decipieris
704 4029 767 4091 sqq.
805 4012 835 4071 in
855 4009 964 4090 quibus
984 4029 1085 4092 neque
1104 4030 1201 4074 sermo
1214 4015 1280 4073 inter

147 4117 308 4177 Varronem
339 4125 369 4175 et
392 4115 533 4178 Merulam
558 4117 685 4198 divisus,
709 4119 761 4197 qui
785 4120 837 4179 uni
860 4116 986 4179 Varroni
1009 4119 1152 4200 debetur,
1178 4117 1281 4200 probari

148 4230 258 4301 potest,
292 4240 388 4300 neque
421 4225 484 4301 ipsa
512 4223 601 4285 verba
630 4233 697 4304 apte
730 4225 905 4305 procedunt.
946 4227 1050 4305 itaque
1080 4228 1207 4306 primurn
1235 4241 1278 4304 pro

151 4335 224 4387 tnnc
249 4329 354 4406 scripsi
378 4348 468 4404 nnnc,
492 4331 570 4409 quod
595 4332 672 4391 inira
695 4333 725 4392 in
749 4329 909 4411 archetypo
929 4333 1077 4412 scripturn
1098 4340 1172 4414 eret,
1190 4329 1281 4393 deinde

151 4439 181 4494 et
205 4442 271 4493 ante
296 4452 383 4513 spero
407 4435 514 4516 addidi,
538 4455 597 4498 non
621 4444 689 4517 post
712 4441 858 4514 deeoqnet
881 4439 982 4517 inepte
1004 4441 1170 4520 repetitum
1193 4437 1282 4515 deleri,
