2874 4994
11 988 13 1021 Ι

11 1042 15 1147 l

11 1159 15 1251 l

345 378 476 434 RERVM
494 377 733 434 uvsuicnuvu
751 379 818 433 LIB.
839 380 850 432 I
870 377 955 434 2-3
1180 369 1222 434 23

73 537 226 598 admonet.
275 537 374 615 itaque
399 533 495 595 deleto
518 541 562 609 et,
590 533 669 612 quod
698 536 815 614 saepius
845 536 874 594 iu
903 533 1063 613 archetypo
1092 533 1223 594 additum

74 653 152 723 erat,
176 651 310 702 veterem
335 644 513 722 scripturam
534 642 661 722 restitui,
684 659 749 717 epo,
772 644 855 717 quod
875 645 980 717 munis
1000 645 1131 721 inquom,
1152 660 1221 717 per·

74 753 174 811 tinent
197 751 245 810 ud
266 751 412 811 londoni
433 751 645 830 ualetudinem,
668 756 712 810 est
733 751 830 809 satius
853 751 948 809 dicas.

166 854 253 916 Nom
277 855 429 917 huiusce
454 855 562 936 pedes
586 855 705 916 solent
728 853 852 915 dolere
876 857 911 914 in
936 855 1054 914 ironte
1079 861 1221 912 contra·

74 963 164 1022 here
193 961 323 1042 rugas]
353 965 466 1025 Botere
493 971 521 1024 et
549 965 579 1024 in
604 961 710 1039 fronte
737 980 771 1022 ex
797 980 824 1021 m
849 980 864 1021 a
888 961 1032 1022 Politiano
1051 960 1221 1021 adnotatum

74 1071 193 1148 recepit
222 1069 384 1131 Gesnerus.
421 1073 524 1132 dolere
552 1069 645 1130 deleri
672 1068 763 1130 voluit
784 1067 934 1151 ,Scaligen
964 1071 1067 1129 dolore
1094 1069 1222 1127 coniecit

74 1172 197 1254 Popma.
236 1176 284 1237 his
306 1176 446 1238 omnibus
470 1177 626 1237 offensioni
655 1176 710 1236 luit
738 1175 899 1255 asyndeton
923 1176 1043 1235 minime
1070 1168 1221 1235 insolitum

11 1256 16 1361 l
72 1280 100 1340 iu
126 1280 186 1343 hoc
210 1302 332 1364 genere,
355 1301 423 1344 cum
448 1282 565 1344 duobus
590 1281 688 1343 verbis
712 1300 761 1342 res
784 1284 953 1343 accuratius
976 1282 1125 1343 delinitur.

162 1386 206 1451 27
242 1389 283 1450 lle
307 1390 495 1472 Tarquenna,
525 1389 604 1469 quod
629 1407 736 1450 nomen
756 1386 905 1449 Victorius
933 1407 968 1449 ex
993 1387 1151 1468 archetypo
1176 1406 1219 1449 re·

70 1494 182 1576 stituit,
207 1495 282 1556 nihil
306 1498 466 1557 memoriae
489 1496 641 1576 proditum
665 1505 719 1556 est.

161 1602 279 1664 Terra
297 1613 433 1683 pestem
459 1611 583 1664 teneto
611 1603 709 1664 salus
738 1603 795 1663 hic
823 1612 963 1664 maneto
991 1604 1027 1662 in
1051 1604 1139 1663 meis
1162 1621 1221 1682 pe-

65 1702 194 1787 dibus]
220 1711 257 1771 In
281 1713 354 1772 mee's
371 1712 512 1791 pedibus,
536 1728 611 1788 quae
635 1709 671 1770 ad
690 1709 894 1790 explicandam
913 1717 1044 1770 veterem
1064 1708 1220 1770 lormulam

64 1807 164 1874 Varro
193 1815 318 1897 addidit,
348 1827 450 1896 postea
478 1815 626 1895 adscripta
654 1833 721 1876 esse
750 1815 899 1877 Victorius
927 1817 1069 1897 coniecit,
1098 1816 1221 1877 seclusit

61 1914 235 1984 Gesnerus.
274 1921 405 1984 Saturnii
425 1940 528 1983 versus
552 1923 686 2001 lormam,
709 1931 796 1983 terro
811 1930 925 1999 pestem
944 1932 1050 2005 teneto,
1068 1926 1119 1984 ln‘c
1137 1927 1220 1985 solus

59 2038 194 2092 maneto
213 2039 283 2110 post
301 2028 479 2102 llorschium
498 2028 530 2089 L.
549 2028 710 2090 Muellerus
732 2029 767 2089 de
787 2047 875 2089 versu
896 2029 1035 2090 Saturnio
1054 2049 1081 2109 p.
1103 2027 1165 2091 119
1190 2040 1220 2091 et

59 2125 130 2192 156
159 2138 305 2198 restituit

159 2240 206 2305 28
240 2244 340 2306 Multa
370 2247 493 2320 mquam
521 2247 590 2305 item
619 2246 683 2304 alia
706 2247 858 2305 miracula
887 2247 971 2321 apud
992 2244 1145 2305 Sasernas
1174 2248 1217 2304 ἰη-

56 2351 174 2411 venies
202 2359 233 2413 et
255 2350 363 2412 deinde
391 2353 575 2426 quasivero
604 2354 726 2425 inquom
755 2368 815 2411 non
844 2353 929 2427 apud
955 2359 1073 2412 ceteros
1100 2369 1218 2427 quoque

54 2457 240 2530 scriptores
255 2461 331 2519 talia
344 2460 544 2534 reperiuntur
558 2475 659 2518 secum
675 2464 813 2517 constare
831 2475 889 2517 noo
904 2474 1000 2537 posse,
1021 2456 1071 2517 sed
1093 2457 1217 2517 diversis

55 2567 210 2630 personis
234 2562 391 2625 tribuenda
415 2581 480 2624 esse
505 2564 577 2625 vidit
597 2562 723 2623 Ursinus
747 2573 776 2624 et
799 2567 889 2638 quasi
911 2581 982 2624 cero
1002 2567 1099 2639 inquit
1118 2566 1216 2640 Apra-

52 2661 130 2722 δίνης
152 2666 314 2749 legendum
330 2688 396 2731 esse
416 2672 551 2732 coniecit.
590 2669 749 2751 Gesuerus,
769 2679 803 2730 ut
821 2671 920 2750 priora
941 2669 1072 2730 Stolonis
1090 2672 1217 2731 orationi

54 2775 339 2859 continuarentur,
370 2782 465 2840 multa
493 2781 591 2853 inquit
618 2781 682 2839 olio
713 2779 841 2856 scripsit
883 2780 980 2857 aptius
1013 2786 1110 2838 tamen
1143 2777 1217 2838 haec

53 2864 212 2966 Varroni,
239 2885 289 2962 qui
314 2902 403 2964 supra
428 2883 624 2945 Sasernarum
648 2883 741 2944 libros
763 2884 1009 2964 reprehenderat,
1032 2883 1216 2964 tribuuntur,

51 2990 90 3033 0³
108 3000 197 3060 quae
213 2999 381 3069 sequuntur
397 2990 512 3052 Stoloni
526 2990 561 3050 ad
577 2990 841 3069 reprehensionem
857 2990 997 3050 Varronis
1015 2991 1217 3070 respondenti,

48 3095 163 3153 quasi
184 3114 265 3173 vero,
290 3101 395 3173 inquit,
418 3115 479 3159 non
502 3100 588 3175 apud
608 3104 726 3158 ceteros
749 3114 867 3173 quoque
889 3115 953 3175 sqq.

160 3205 248 3264 Ante
269 3222 348 3265 csse
367 3213 516 3284 oportet
534 3203 732 3264 brassicam
751 3202 895 3264 crudam
914 3222 955 3263 ex
975 3214 1076 3263 aceto
1096 3203 1215 3282 aliqua

45 3287 156 3366 s⁰lia
182 3309 355 3389 quinque]
385 3312 435 3371 Ex
459 3319 545 3372 aceto
569 3317 687 3387 etpost
714 3313 778 3371 clia
804 3309 882 3385 folia
910 3313 1042 3385 quinque
1065 3310 1215 3371 iucundus

43 3411 86 3455 ‘³¹
118 3407 243 3476 Catone
267 3435 291 3480 c.
313 3414 440 3499 156,1,
464 3419 549 3477 cuius
574 3415 663 3477 verba
692 3435 751 3477 non
774 3415 860 3495 plane
887 3425 1026 3476 accurate
1050 3414 1141 3475 Varro
1166 3435 1214 3476 er·

39 3516 188 3584 Pressit„

159 3636 200 3690 111
226 3628 345 3708 Igitur
367 3623 488 3709 iuq'uit
506 3633 673 3710 agrasins
697 3647 786 3708 quae
807 3623 1029 3709 'diiungenda
1053 3641 1175 3690 essent
1198 3649 1214 3689 a

38 3721 214 3797 cultura
239 3736 462 3797 cuiusmodi
490 3738 563 3798 sint
591 3737 757 3816 quoniam
786 3735 986 3797 discretum
1014 3737 1108 3797 stolo
1137 3756 1213 3797 cum

37 3831 278 3905 ³⁸pexissec
310 3843 464 3904 scrofam
501 3852 538 3904 tu
570 3845 692 3922 inquit
727 3851 761 3902 et
792 3852 912 3903 aetate
945 3853 980 3904 et
1013 3843 1147 3904 honoro
1181 3854 1215 3905 et

37 3934 224 4011 mentia
251 3949 342 4029 quod
371 3959 536 4029 praestas
564 3950 687 4010 dicere
711 3948 820 4010 debes
849 3949 912 4009 ille
941 3967 1010 4008 non
1039 3960 1212 4027 grauatus

38 4023 87 4145 {¹0
124 4052 180 4116 iis
202 4055 313 4117 rebus
336 4073 426 4135 quae
446 4058 645 4117 inscientia
665 4058 712 4116 sit.
735 4054 928 4115 incolendo
948 4072 1011 4114 nos
1031 4054 1135 4114 docet
1154 4075 1212 4114 ars

39 4137 79 4199 ω
120 4175 173 4223 an
202 4163 285 4244 qnid
315 4162 413 4224 aliud
442 4173 477 4224 et
505 4182 521 4224 a
550 4163 682 4243 quibus
710 4160 921 4222 carceribus
950 4162 1126 4222 decurrat
1155 4162 1211 4221 ad-

44 4255 181 4330 Inetas
204 4271 356 4350 primum
380 4272 499 4349 inquit
523 4288 592 4331 non
616 4269 718 4330 modo
742 4278 798 4329 est
821 4267 895 4346 ars]
926 4269 1029 4343 Inquit
1051 4271 1166 4344 Aurius
1190 4267 1212 4327 B

49 4361 83 4412 ‘³²
110 4377 214 4438 codex
239 4377 393 4438 Gaeseuas.
426 4378 541 4456 Agrasii
565 4395 671 4437 nomen
697 4393 756 4435 non
780 4377 878 4435 minus
907 4392 1055 4435 consensu
1084 4375 1211 4453 reliquo-

56 4471 136 4540 rum
156 4484 301 4545 librorum
325 4502 412 4563 quam
432 4486 495 4564 ipsa
519 4502 551 4544 re
570 4482 748 4544 defenditur.
786 4499 852 4542 nam
881 4483 1019 4560 qrroniam
1037 4481 1079 4541 illi
1095 4484 1209 4542 initium
