2874 4994
318 336 366 392 DE
387 336 476 393 nolu
494 337 665 393 cvnuvuu
685 338 827 392 LIBRVM
847 337 875 393 C.
892 336 1020 394 32-33
1198 328 1241 392 63

89 493 212 554 oakbit.
256 493 287 554 si
307 495 396 554 uinea
418 494 458 554 ab
481 496 541 555 uite
563 497 685 555 eatuatu
708 497 779 569 erit,
808 498 907 555 sulcos
930 495 1112 571 interponito
1138 495 1239 568 ibique

90 602 190 661 uiuam
222 601 359 661 radicem
390 603 493 662 serito.
544 603 682 661 umbram
715 620 735 662 u
766 605 860 662 sulcis
891 610 1040 663 removeto
1070 603 1239 675 crebroque

86 706 197 783 [odito
250 711 283 769 in
315 709 405 769 uinea
436 714 538 769 uetere
569 711 663 769 serito
695 711 827 783 ocinum,
859 712 888 769 si
916 727 1023 770 macra
1053 712 1126 769 erit:
1158 710 1241 783 quod

87 832 225 890 prauum
248 817 332 892 capit
349 833 388 876 ne
405 818 513 877 serito:
535 809 634 897 (capit
652 819 777 876 inserita
796 809 929 896 codices)
949 823 978 877 et
999 820 1116 877 circum
1135 818 1238 891 capita

90 923 199 983 addito
232 929 364 997 stercus,
393 925 513 999 paleas,
545 925 689 984 uinuceas
721 926 840 998 aliquid
867 925 1020 984 borumce.
1070 925 1124 983 ubi
1149 926 1239 983 uinea

90 1027 243 1103 frondere
270 1032 418 1109 coeperit,
442 1032 628 1107 pampinato.
678 1033 782 1091 uineas
809 1034 942 1091 novellos
968 1033 1096 1105 altipato
1121 1031 1240 1104 crebro,

92 1152 133 1195 nc
156 1139 256 1197 couir's
274 1135 515 1213 praefrinpatur
538 1144 569 1196 et
590 1154 670 1211 quae
694 1140 752 1197 iura
777 1140 808 1197 in
828 1140 980 1213 perticam
1004 1139 1058 1198 ibit
1078 1131 1149 1219 (iuit
1167 1154 1240 1196 non·

90 1240 167 1339 pulli
190 1236 332 1323 codices),
356 1245 421 1303 eius
441 1245 600 1320 pampinos
624 1252 743 1305 teneros
762 1247 887 1319 altipeta
906 1247 1012 1304 leuiter
1027 1247 1239 1321 porripitooue

92 1351 149 1410 ubi
179 1357 264 1411 recte
295 1357 383 1410 stent.
434 1351 489 1410 ubi
518 1368 578 1410 uua
611 1353 700 1411 uaria
733 1346 810 1430 (uua
842 1354 977 1412 uulturio
1009 1345 1141 1430 codices)
1166 1353 1242 1424 fieri

92 1460 243 1533 coeperit,
271 1459 347 1517 uites
374 1457 534 1531 subliputo.
579 1451 620 1536 (o.
639 1449 698 1538 41)
727 1460 795 1518 uitis
822 1453 923 1518 insitio
948 1475 1011 1518 unu
1034 1465 1079 1519 est
1097 1476 1156 1534 per
1179 1475 1241 1532 uer,

90 1566 193 1624 anau
219 1581 288 1623 cum
311 1581 371 1624 uua
390 1565 490 1637 floret.
516 1581 573 1627 fea
596 1567 708 1641 optima
731 1570 783 1624 est.
829 1557 868 1646 (e.
887 1556 944 1645 49)
968 1566 1085 1624 uincam
1109 1571 1238 1624 ueterem

89 1673 120 1728 si
138 1673 172 1730 in
190 1672 284 1731 alium
303 1672 401 1730 iocum
421 1669 594 1745 transferre
612 1673 701 1750 uoles,
724 1672 885 1731 dumtaxat
903 1672 1082 1731 bracchium
1101 1687 1238 1731 crassam

90 1778 204 1839 iicebit.
245 1779 380 1854 primum
403 1778 560 1853 deputato,
588 1778 677 1838 binas
697 1795 831 1852 pemmas
854 1796 893 1838 ne
915 1781 1044 1854 amplius
1066 1781 1239 1853 relinquito.

90 1901 132 1943 ex
164 1885 324 1945 radicibus
357 1884 432 1944 bene
463 1881 599 1959 ecfodito
626 1890 656 1945 et
685 1902 760 1946 caue
787 1903 825 1946 ne
851 1888 975 1946 radices
1001 1888 1122 1946 saucies
1149 1881 1239 1965 (caue

90 1992 217 2051 radices
247 2008 287 2052 ae
313 1993 434 2051 saucies
456 1987 578 2067 plurimi
606 1983 748 2072 codices).
795 1994 838 2050 ita
867 1992 913 2050 uti
935 1988 1046 2070 suerit,
1074 1993 1178 2067 ponito
1206 1995 1237 2051 in

89 2098 201 2158 scrobe
220 2106 274 2158 uut
293 2100 324 2159 in
342 2101 427 2158 sulco
445 2101 622 2174 operitoque
640 2104 669 2158 et
687 2100 762 2159 bene
781 2101 947 2177 occulcato,
971 2100 1133 2172 eodemque
1151 2100 1237 2158 ruodo

89 2207 211 2266 ameum
228 2207 362 2278 statuito,
385 2207 511 2279 adipata
528 2208 713 2280 siccatoque,
736 2208 783 2265 uti
796 2204 903 2280 suerit,
926 2205 1097 2279 crebroque
1112 2198 1236 2279 fodito'.

182 2308 203 2372 2
224 2310 323 2372 Vites
342 2318 487 2371 teneras
510 2329 612 2391 quam
631 2313 782 2389 primum
801 2318 998 2390 propagato
1022 2312 1074 2369 sie
1098 2309 1237 2386 uocato]

92 2418 158 2479 Sed
175 2425 283 2479 occato
296 2416 418 2498 Merula,
437 2420 537 2479 omisit
557 2417 715 2479 Iucundos.
753 2414 849 2477 ‘Vites
868 2424 985 2477 teneras
1006 2419 1237 2496 quamprimum

93 2536 270 2606 propagato,
302 2526 346 2585 sio
379 2534 494 2585 ooeato:
527 2524 679 2585 Postrema
712 2524 771 2584 duo
804 2522 891 2584 verba
925 2526 955 2584 in
983 2523 1120 2584 amnibus
1148 2542 1163 2584 a
1192 2542 1239 2583 me

90 2631 224 2710 antiquis
247 2629 332 2692 libris
355 2632 473 2693 inventa
497 2634 625 2713 restitui,
647 2650 744 2711 neque
769 2639 867 2691 umen
891 2649 924 2691 ea
943 2630 1021 2709 apud
1041 2629 1169 2692 Plinium
1187 2629 1237 2690 illo

90 2736 158 2799 loco
190 2732 347 2817 leguntur'
375 2735 533 2799 Victorius.
587 2747 759 2816 propapato
792 2745 862 2800 cato
894 2737 1012 2798 codices
1042 2737 1129 2797 Plinii
1156 2735 1175 2797 l.
1203 2756 1238 2817 c.‚

88 2851 264 2922 propapato
299 2845 457 2920 editiones,
487 2854 659 2922 propupoto
689 2849 734 2906 sic
766 2852 872 2932 occuto
905 2863 940 2905 ex
969 2843 1079 2904 Catone
1108 2843 1240 2921 Silligius

89 2952 233 3012 restituit.
278 2959 346 3031 post
373 2953 535 3013 arationem
563 2953 595 3012 iu
623 2951 715 3012 sulcis
742 2960 862 3012 tenerae
891 2954 965 3012 vites
994 2969 1081 3029 quam
1108 2953 1236 3029 primum

89 3067 248 3134 seruntur,
271 3058 379 3120 deinde
402 3058 511 3119 vitibus
535 3058 591 3120 hos
614 3059 702 3119 modo
725 3061 895 3138 propagatis
919 3060 1004 3118 vinea
1024 3065 1158 3118 necatur.
1199 3057 1235 3116 de

89 3167 246 3226 occatioue
268 3167 422 3226 vinearum
441 3164 600 3226 Columella
620 3165 660 3224 xl
679 3163 709 3245 2,
724 3162 767 3226 60
791 3165 895 3226 scribit
919 3165 999 3244 haec,
1020 3164 1237 3240 sripidioribns

91 3274 271 3348 reqionibus
286 3276 527 3349 pulverationem
543 3271 674 3349 faciunt,
693 3291 783 3347 quous
797 3280 906 3333 uocant
920 3275 1030 3331 rustici
1042 3276 1238 3346 occationem,

89 3396 161 3440 mern
187 3382 283 3440 omnis
304 3381 416 3455 plueba
440 3383 472 3440 in
495 3382 590 3440 uineis
613 3378 799 3454 resrinpitur
821 3386 851 3438 et
872 3380 998 3437 soluitur
1021 3380 1052 3437 in
1073 3381 1235 3452 puluerem.

180 3484 294 3546 Vitem
322 3484 499 3546 uouellauu
529 3484 695 3562 resicarl]
721 3486 868 3545 Resicari
889 3482 1051 3543 Politianus
1075 3503 1109 3543 ex
1134 3483 1236 3543 codiee

87 3591 243 3652 adnotavit
269 3599 299 3651 et
326 3611 351 3653 e.
370 3590 413 3654 47
440 3596 586 3667 resicato,
614 3595 684 3653 item
708 3610 733 3651 c.
752 3588 796 3651 42
820 3593 991 3652 exieaneris
1015 3592 1237 3671 scriptumest,

87 3698 142 3759 sed
168 3695 279 3780 114,1
305 3701 424 3760 circum
445 3706 557 3760 secato.

178 3803 200 3867 3
224 3804 262 3865 Si
290 3807 394 3867 uinea
417 3823 434 3865 a
458 3804 536 3865 uite
556 3804 658 3866 salua
682 3807 752 3866 erit
776 3804 897 3865 sulcos
922 3807 1145 3883 interponito
1170 3805 1236 3865 ibi·

87 3930 157 3992 que
191 3912 438 3974 uiueradicem
471 3912 598 3991 serito]
634 3914 679 3973 Ab
707 3917 767 3974 uite
798 3917 919 3973 caluuta
947 3920 977 3971 et
1005 3910 1111 3971 deiude
1138 3917 1234 3972 uiuant

86 4021 228 4082 radicem
247 4019 361 4081 Plinius
380 4019 398 4081 l.
417 4039 443 4082 e.
467 4019 536 4081 inde
559 4024 681 4082 calvata
705 4022 734 4080 in
755 4020 874 4081 Catonis
893 4018 1038 4078 editiones
1057 4025 1124 4076 ante
1141 4017 1235 4109 lieto-

86 4129 167 4188 rium
192 4135 348 4206 receptum
371 4135 444 4188 erat.
482 4123 532 4188 ‘Si
555 4130 638 4189 vinea
664 4146 679 4188 a
698 4130 757 4188 uite
777 4126 857 4188 calva
876 4127 946 4185 erit:
971 4122 1056 4184 Calua
1076 4126 1106 4185 iu
1126 4127 1236 4185 nostris

85 4235 220 4314 antiquis
243 4228 385 4313 legimus'
404 4234 561 4296 Victorius.
599 4234 705 4295 deinde
729 4237 939 4307 viveradicem,
964 4251 1018 4312 pro
1042 4250 1101 4312 quo
1124 4237 1234 4293 uisura·

85 4345 186 4405 &aaa
214 4340 313 4402 adhuc
345 4342 376 4401 in
404 4341 585 4403 editionibus
614 4350 691 4421 erat,
723 4359 758 4401 ex
787 4339 923 4401 codicum
952 4341 1099 4419 scriptura
1128 4343 1237 4419 recepi.

85 4448 166 4511 tuem
182 4450 214 4510 iu
229 4446 315 4510 libris
329 4465 418 4509 manu
432 4449 554 4527 scriptis
565 4447 650 4508 Plinii
661 4445 738 4506 llllll
752 4443 812 4508 169
824 4464 888 4526 sqq.
899 4449 1043 4526 scriptum
1054 4456 1100 4508 est
1110 4451 1236 4530 saepius,
