2874 4994
378 122 510 179 unnru
527 82 768 180 ursmcnuru
785 123 854 181 mu.
871 124 898 180 11
918 121 1002 180 c-r
1200 115 1262 182 183

206 274 362 338 Primum
381 285 549 358 spectare
569 286 712 357 oportet
737 285 890 339 aetatem
910 275 1010 358 quam
1029 281 1264 359 praecipiunt

135 379 281 445 uidemus
303 400 348 445 ue
376 386 450 446 siut
477 387 637 447 minores
665 386 793 446 trimae
821 386 977 447 maiores
1004 385 1126 449 decem
1154 405 1261 449 auno·

135 488 213 568 rum]
255 486 396 552 Primum
427 499 545 569 oportet
578 500 720 570 spectare
752 499 896 568 oetatem,
932 511 1023 569 quom
1055 497 1260 572 praecipiunt.

134 598 278 659 uidendum
296 617 335 660 ne
356 601 418 660 sint
436 597 596 679 lucuudus,
619 601 671 679 qui
695 601 724 660 iu
744 599 791 660 his
810 618 928 681 quoque
947 601 1127 681 scripturam
1150 600 1260 663 codicis

129 715 291 767 insecutus
314 712 387 767 erat.
429 709 563 784 primum
587 713 703 784 oportet
725 713 867 784 spectare
890 715 1033 784 oetatem,
1061 727 1099 770 ne
1123 711 1184 770 sint
1206 711 1259 768 mt-

124 827 209 872 reores
225 814 326 887 trium,
349 816 481 876 nociores
499 810 603 875 decem
622 832 773 875 annorum
792 813 927 875 Ursinus.
965 816 1084 877 restitui
1101 813 1258 876 lectionem

120 915 278 1000 archetypi,
301 919 353 981 sed
377 929 445 1000 post
460 923 659 998 praecipiunt
682 919 780 981 addidi
799 924 853 995 sic,
877 920 955 1000 quod
977 923 1008 983 in
1026 921 1081 982 hac
1100 919 1258 982 uerborum

120 1023 352 1088 conformatione
376 1029 472 1089 omitti
491 1046 550 1089 nou
574 1036 699 1110 poterat,
719 1031 852 1106 primum
874 1037 1016 1105 spectare
1034 1034 1152 1105 oportet
1175 1035 1258 1090 oeta·

120 1136 187 1206 em,
206 1150 297 1210 quom
317 1138 516 1212 praecipiunt
538 1137 598 1196 sic:
622 1138 755 1197 videmus
773 1153 838 1215 sqq.
876 1134 955 1211 olim,
978 1145 1013 1196 ut
1034 1137 1131 1216 aptior
1156 1134 1257 1196 verbo-

120 1240 196 1299 um‘
215 1243 385 1303 coniunctio
415 1241 516 1325 fieret,
548 1259 640 1318 quom
659 1244 804 1320 praecipi
831 1245 875 1303 ito
904 1243 1039 1304 ridemus
1066 1240 1257 1305 scribendum

120 1347 239 1410 onieci.

203 1453 227 1518 2
257 1457 364 1517 Aetas
388 1458 624 1536 cognoscitur
647 1466 680 1519 et
709 1473 883 1536 equorum
911 1455 987 1517 iere
1016 1458 1170 1518 omnium
1201 1459 1262 1538 qui

129 1562 269 1640 ngulas
302 1564 479 1625 indiuisus
515 1562 648 1625 habent
685 1573 719 1624 et
753 1564 858 1624 ctiam
895 1571 1130 1626 cornutorum
1168 1565 1260 1644 quod

121 1680 234 1741 quius
257 1671 410 1749 triginta
435 1668 619 1731 mensibus
643 1671 795 1750 primum
819 1670 947 1732 dentes
970 1671 1104 1732 medios
1124 1672 1261 1733 dicitur

123 1775 306 1856 mittere]
331 1779 487 1854 Equorum
510 1786 596 1840 cetos
614 1785 645 1840 et
658 1776 732 1854 sere
749 1780 880 1839 omnium
899 1781 1096 1854 connascitur
1114 1796 1153 1860 m,
1174 1786 1260 1841 cetos

120 1888 310 1953 pernoscitur
333 1893 363 1946 et
385 1903 531 1961 equorum
554 1894 583 1947 et
603 1883 673 1960 sere
696 1888 827 1947 omnium
849 1884 972 1967 Merula,
995 1893 1081 1947 oetas
1103 1890 1259 1963 copoosct'·

120 1999 166 2043 vr
194 2010 339 2068 equorum
359 1999 389 2053 et
409 1993 479 2068 sere
497 1995 629 2055 omnimo
647 1992 726 2053 edita
744 1992 813 2053 inde
837 1992 873 2052 ab
892 1991 995 2053 Aldina
1016 1991 1144 2054 editione
1164 2010 1260 2054 exem·

120 2085 217 2162 diaria.
254 2108 283 2161 et
303 2099 373 2176 sere
396 2103 527 2161 omnium
549 2117 629 2175 quoe
657 2093 788 2176 pupulos
813 2102 960 2161 indiuisus
982 2101 1094 2161 debent
1116 2108 1146 2161 et
1169 2103 1259 2161 etium

120 2210 313 2269 cornutorum
343 2206 509 2268 Pontedera
538 2206 615 2287 apud
648 2206 813 2268 Gesnerum
841 2215 871 2267 et
903 2205 1113 2267 Schneiderus.
1154 2206 1257 2268 arche·

120 2307 182 2388 typi
213 2315 390 2394 scripturam
424 2323 454 2376 et
485 2332 630 2390 equorum
659 2313 729 2390 sere
757 2317 889 2376 omnium
920 2308 1112 2374 Zahlieldtius
1144 2323 1257 2393 quaest.

120 2418 185 2481 crin,
201 2423 231 2481 in
250 2420 332 2482 Varr.
353 2440 411 2506 rer,
430 2429 504 2484 rust.
523 2421 641 2501 libr.'p.
660 2418 704 2483 20
730 2421 771 2481 ita
800 2419 944 2502 defendit,
972 2429 1006 2481 ut
1034 2428 1190 2500 praecepta
1218 2420 1255 2483 de

121 2514 255 2590 dentibus
278 2547 353 2608 quae
377 2538 544 2609 sequuntur
567 2547 627 2590 uon
650 2528 687 2590 de
711 2526 850 2589 omuibus
870 2529 965 2609 equis,
988 2526 1039 2588 sed
1064 2527 1100 2589 de
1119 2527 1255 2607 plurimis

120 2633 212 2696 valere
235 2635 407 2697 dicerentur
431 2645 461 2697 et
484 2636 529 2696 lris
548 2635 730 2697 adderentur
753 2643 896 2697 cornutae
920 2633 1059 2714 pecudes.
1096 2636 1126 2696 in
1146 2654 1205 2714 quo
1225 2644 1256 2696 et

120 2733 185 2804 lino
211 2760 384 2822 perversum
408 2750 467 2819 est,
495 2743 573 2822 quod
598 2752 754 2823 praecepta
779 2742 813 2802 ad
838 2759 941 2802 omnes
969 2741 1031 2802 iere
1060 2759 1167 2822 equos,
1195 2760 1254 2802 non

120 2851 144 2912 td
179 2858 274 2911 totum
303 2868 398 2930 genus
427 2850 578 2929 pertinere
608 2849 760 2922 dicuntur,
793 2856 822 2908 et
850 2850 951 2926 inepte
979 2846 1015 2906 de
1044 2848 1130 2925 equis
1158 2847 1254 2909 addita

123 2966 183 3022 unt
206 2958 287 3040 haec,
311 2960 365 3032 qui
386 2959 516 3031 copulas
541 2959 688 3017 indivisos
710 2956 831 3016 leodem.
867 2954 968 3031 itaque
991 2952 1149 3013 lectionem
1173 2957 1252 3034 prin-

120 3067 187 3147 ipis
215 3063 366 3145 editionis,
398 3081 474 3143 quae
503 3072 603 3123 vetere
632 3061 837 3123 emendatione
864 3063 983 3122 inventa
1016 3069 1094 3140 erat,
1125 3063 1253 3123 restitui.

120 3172 236 3234 rutulio
259 3178 358 3231 autem
382 3171 500 3250 generis
524 3168 679 3230 masculini
703 3176 733 3228 et
756 3167 899 3250 feminini,
923 3175 952 3229 et
974 3182 1120 3244 equorum
1138 3176 1169 3229 et
1183 3167 1253 3244 sere

120 3282 242 3342 mnium
264 3280 319 3352 put
336 3282 467 3354 populos
490 3280 636 3340 indivisos
664 3277 776 3337 hadent
804 3281 834 3336 et
862 3276 952 3335 etiam
980 3281 1189 3355 cornutorum,
1216 3294 1251 3335 ao

120 3382 230 3448 eiendi
252 3386 375 3466 poterit,
403 3384 482 3464 quod
511 3387 541 3445 in
570 3386 669 3462 priore
696 3401 820 3464 genere,
850 3379 930 3460 quod
959 3379 1085 3459 ungulas
1111 3381 1251 3443 indivisas

120 3492 208 3574 abet,
232 3500 350 3571 praeter
365 3509 466 3570 ¹equos
489 3499 560 3553 sunt
583 3490 654 3551 muli
677 3499 707 3551 et
732 3491 821 3569 asini,
845 3490 876 3548 in
899 3486 1007 3570 altero,
1035 3487 1114 3567 quod
1138 3506 1250 3550 cornua

120 3601 196 3680 erit,
219 3596 357 3677 pecudes.
394 3598 449 3658 hae
476 3600 576 3678 igitur,
599 3616 667 3659 cum
690 3598 798 3659 divisas
827 3595 953 3659 habeant
982 3594 1120 3677 ungulas,
1147 3598 1178 3657 iu
1202 3597 1250 3658 de·

124 3704 239 3769 uienda
267 3711 362 3766 aetate
391 3704 513 3766 eandem
542 3704 638 3783 legem
666 3712 835 3784 sequuntur
865 3711 954 3783 atque
985 3704 1054 3782 equi
1087 3710 1117 3763 et
1144 3703 1251 3784 reliqui

120 3831 173 3876 erc
201 3830 317 3894 umnec,
350 3814 400 3892 qui
428 3812 568 3873 indivisas
600 3811 723 3891 ungulas
756 3810 873 3871 habent.
919 3809 956 3870 dc
988 3807 1128 3870 dentibus
1160 3807 1250 3870 boum

120 3917 286 3981 tristoteles
309 3919 377 3980 hist.
397 3921 483 3980 anim.
504 3918 540 3978 Vl
559 3916 611 4000 21,
627 3916 689 3980 145
713 3918 786 3979 dixit
815 3911 894 3989 τοὺς
917 3908 949 3978 d’
975 3907 1116 3988 ὀδόντας
1137 3909 1251 3996 βάλλει
1343 3951 1345 3954 -

120 4022 190 4100 toris
214 4022 324 4109 διετὴς
346 4019 400 4087 καὶ
425 4015 486 4087 οὐκ
505 4014 665 4106 ἀθρόους,
689 4016 763 4086 ἀλλ’
785 4014 895 4105 ὥσπερ
918 4020 1027 4103 ἵππος,
1049 4023 1086 4084 de
1110 4022 1250 4085 dentibus

120 4144 137 4198 :l
157 4142 254 4195 aetate
273 4152 418 4214 equorum
437 4132 475 4194 ib.
497 4127 561 4194 150
580 4128 645 4213 ἔχει
664 4124 725 4213 μὲν
744 4116 807 4193 οὖν
831 4120 973 4203 ὀδόντας
994 4121 1248 4211 τετταράκοντα,

120 4237 223 4304 λάλλει
247 4234 284 4303 δὲ
306 4236 385 4315 τοὺς
406 4233 469 4322 μὲν
490 4230 644 4320 πρώτους
666 4233 830 4319 τέτταρας,
853 4228 1147 4318 τραακοααᾶμηνος,
1170 4234 1249 4312 τοὺς
