2874 4994
348 365 478 419 RERVM
497 365 736 426 RVSTIOARVM
755 366 823 420 111ss.
843 367 854 419 l
875 364 951 422 8-4
1179 356 1222 420 25

121 518 192 598 8,2
213 524 309 581 metri
329 525 546 597 suppositicioe
568 540 685 597 quoque
709 525 885 601 inserviunt,
912 540 971 597 quo
994 540 1073 596 equo
1091 525 1222 582 ministe-

116 643 165 688 rm
185 632 273 689 luctis
296 631 397 689 othrim
417 633 501 705 putto
520 631 673 706 praebere
693 632 796 706 possit.

175 738 212 793 lV
239 732 254 794 1
288 735 384 805 Quae
422 736 541 796 mundi
573 755 652 797 csse
686 738 814 796 eunius
845 734 975 796 scribit
1006 754 1095 814 aqua
1127 745 1223 796 terra

118 843 197 902 ima
220 851 255 901 et
277 841 349 918 sol]
375 845 485 904 Anime
508 851 537 904 et
559 848 606 905 sot
626 860 716 903 manu
740 844 843 922 scripti
867 842 934 902 libri
957 861 1069 923 omnes,
1092 851 1121 905 et
1146 862 1223 904 unus

117 948 247 1009 litiauus
269 950 299 1009 in
323 951 458 1030 principe
483 950 611 1010 editione
635 949 743 1011 delevit
770 950 817 1010 vel
841 968 943 1010 errore
967 949 1065 1030 aliquo
1090 950 1134 1010 vel
1158 969 1221 1010 cor-

117 1055 216 1115 :tione
240 1057 350 1117 veteris
369 1055 436 1116 libri
464 1056 573 1117 ductus
592 1057 637 1117 vel
657 1060 836 1118 coniectura.
868 1056 948 1118 hunc
967 1059 1062 1117 secuti
1083 1065 1154 1118 sunt
1172 1059 1224 1135 qui

117 1171 246 1237 agmenta
279 1161 368 1223 Ennii
402 1163 597 1244 collegerunt,
634 1167 686 1242 qui
723 1163 796 1224 haec
829 1173 977 1242 tamquam
1009 1166 1103 1244 ipsius
1137 1163 1224 1225 Ennii

118 1265 178 1327 rba
198 1271 228 1329 in
252 1270 425 1348 fragmentis
448 1269 617 1350 Epicharmi
640 1270 766 1331 Enniani
789 1280 962 1351 posueruut.
1010 1271 1101 1331 Varro
1124 1280 1223 1331 autern

118 1371 188 1434 dem
207 1377 325 1437 dicendi
343 1395 452 1455 genere
468 1396 540 1439 usus
559 1385 605 1438 est
622 1377 680 1458 14,
693 1376 715 1439 4
730 1381 900 1455 porticibus
914 1382 997 1440 ostiis
1016 1398 1054 1439 uc
1070 1379 1224 1459 fenestris,

124 1479 276 1558 ‚fficus
299 1488 396 1546 mutus
415 1489 533 1561 punicu
557 1493 585 1546 et
608 1488 689 1558 uitis,
718 1483 759 1547 68
788 1504 866 1546 uuae
893 1490 973 1547 mutu
997 1496 1026 1547 et
1048 1488 1154 1560 sorbo,
1183 1485 1224 1546 lll

118 1591 133 1664 '‚
154 1585 174 1648 2
192 1593 250 1652 sed
266 1593 375 1651 horum
394 1596 524 1652 omnium
544 1595 682 1652 custodio
703 1595 920 1653 incrementum
943 1603 973 1653 ct
987 1597 1088 1670 pastio
1107 1602 1225 1670 operto,

120 1738 131 1771 ,
151 1692 172 1755 3
202 1716 363 1759 cervorum
389 1715 535 1775 aprorum
559 1706 588 1758 et
611 1706 784 1759 ceterorum
812 1701 1034 1774 quadripedum
1057 1703 1223 1761 multitudo.

167 1802 386 1883 Priusquam
406 1807 540 1865 semina
559 1806 670 1865 iacias
685 1805 777 1884 quod
796 1807 938 1866 initium
954 1805 1136 1866 fructuum
1155 1808 1224 1866 ori·

119 1905 150 1985 r]
180 1913 270 1983 Quod
286 1915 359 1973 binc
378 1915 496 1973 initium
516 1910 651 1993 Ursinus,
670 1915 752 1987 quod
769 1931 809 1973 ex
830 1916 867 1973 iis
887 1916 1004 1973 initium
1024 1910 1225 1993 Schneiderus

119 2029 133 2072 n
155 2018 311 2079 intellecta
331 2018 491 2079 verborum
510 2026 671 2080 structura.
708 2037 776 2079 nam
795 2019 866 2080 illud
886 2022 993 2098 ipsum,
1013 2019 1092 2098 quod
1113 2023 1225 2081 semina

119 2121 243 2206 iuntur,
271 2127 388 2186 initium
412 2133 458 2185 est
481 2126 642 2207 fructuum,
666 2126 744 2204 quod
768 2144 837 2187 curn
860 2125 1021 2205 generandi
1046 2128 1224 2206 principium

119 2227 232 2323 reboat,
256 2235 341 2311 quasi
365 2234 493 2312 primurn
518 2234 634 2293 initium
658 2235 761 2294 oritur.
863 2291 866 2299 ,

170 2337 193 2400 2
231 2338 302 2400 Nec
334 2357 403 2400 non
436 2357 474 2399 ea
508 2358 597 2418 quae
630 2340 772 2400 faciunt
804 2339 945 2400 cultura
978 2340 1224 2402 honestiorem

120 2458 203 2506 tum
228 2446 401 2526 pleraque
428 2466 497 2508 non
521 2447 634 2507 solum
663 2448 910 2507 fructuosiora
939 2448 1057 2508 eadem
1088 2448 1225 2509 faciunt

130 2553 201 2613 sed
227 2557 332 2614 etiam
357 2553 652 2632 uendibiliorem]
680 2556 807 2616 Cultura
831 2565 951 2615 auctore
976 2553 1083 2614 Ursino
1112 2555 1225 2616 delere-

120 2664 148 2715 ιι
184 2660 336 2721 Gesnerus
368 2669 399 2722 et
427 2661 637 2721 Schneiderus.
679 2660 918 2736 fructuosiorem
949 2665 1077 2723 eundem
1108 2663 1176 2723 inde
1209 2681 1226 2724 a

121 2769 220 2846 ncipe
244 2768 374 2829 editione
397 2779 551 2847 receptum
581 2777 653 2829 erat.
695 2767 934 2842 fructuosiorem
961 2772 1066 2830 eudem
1094 2769 1227 2831 defendit

121 2865 275 2935 tlfeltltius
290 2884 402 2954 quaest.
413 2876 478 2935 crit.
488 2877 518 2935 in
531 2875 611 2935 Varr.
624 2895 680 2936 rer.
693 2884 767 2937 rust
781 2875 846 2936 libr.
857 2875 987 2936 Berolini
998 2894 1025 2936 a.
1036 2873 1117 2938 1881
1136 2895 1163 2956 p.
1175 2874 1225 2939 28.

121 2992 246 3042 momen
270 2986 376 3043 eodem
400 2991 497 3042 autem
522 2982 628 3061 plurali
653 3001 776 3043 numero
802 2983 914 3043 (lictum
938 2991 968 3043 et
992 3003 1059 3044 cum
1078 2989 1227 3060 pleraque

121 3083 278 3151 'iunctum
301 3100 360 3169 est,
386 3099 420 3149 ut
444 3089 454 3148 l
476 3087 508 3168 7,
528 3086 549 3150 5
577 3093 682 3150 eodem
710 3093 824 3169 omnio,
852 3086 1030 3169 1171624
1058 3109 1098 3149 ex
1122 3094 1226 3150 iisdem

121 3197 221 3257 nicus
244 3199 349 3270 rebus,
374 3193 491 3275 123,6
515 3200 666 3271 qrroedorn
690 3201 757 3256 locu
781 3200 886 3258 eudem
914 3198 977 3256 otio
1001 3199 1227 3258 adserendum

121 3313 202 3363 ltere.

174 3408 278 3469 Nemo
303 3412 395 3470 enim
420 3409 539 3469 eadem
564 3409 717 3470 utilitati
746 3428 814 3469 uon
839 3410 1032 3469 formosius
1057 3409 1147 3488 quod
1172 3420 1227 3470 est

123 3527 202 3576 ere
237 3516 373 3577 mauult
405 3516 525 3594 pluris
557 3534 661 3593 quam
690 3518 719 3575 si
752 3523 807 3576 est
839 3517 1057 3577 fructuosus
1089 3516 1225 3595 turpis]

122 3618 238 3684 'iorem
263 3623 380 3685 ablativi
405 3625 529 3684 formam
558 3627 696 3697 utilitati,
724 3625 803 3684 sicut
825 3623 880 3684 alia
904 3627 968 3684 eius
991 3625 1109 3702 generis
1134 3623 1226 3702 plura,

157 3731 295 3792 codicum
320 3733 496 3792 auctoritate
520 3731 691 3791 confirmata
711 3739 804 3811 erant,
828 3733 946 3809 retinui,
970 3730 982 3789 l
1005 3729 1088 3811 122
1107 3733 1226 3792 beredi-

122 3831 140 3901 '‚
173 3835 257 3916 113,
272 3834 301 3898 5.
325 3835 378 3917 40,
393 3836 423 3898 6.
448 3836 585 3920 1113,8;
610 3835 630 3898 9
651 3842 744 3914 prorti,
768 3840 838 3897 item
864 3834 1017 3916 lll5,16.
1045 3834 1128 3917 16,5
1152 3841 1227 3911 orbi,

123 3932 200 4023 2,3
219 3949 358 4017 conuelli,
383 3942 462 4024 122,
477 3944 507 4005 6.
526 3941 568 4005 56
593 3949 680 4018 olori,
705 3945 716 4004 l
737 3942 778 4004 64
799 3947 870 4017 iqui,
895 3940 963 4003 153
983 3947 1079 4014 messi,
1099 3942 1123 4001 ll
1144 3941 1226 4021 11,5

123 4055 175 4125 ni,
199 4050 238 4111 lll
256 4049 306 4130 16,
320 4049 361 4112 37
383 4054 480 4125 imbri,
500 4050 538 4111 lll
557 4049 606 4130 14,
621 4048 642 4112 5
662 4050 755 4126 forri.
775 4083 811 4092 -
828 4067 918 4124 quum
936 4052 965 4109 si
977 4056 1022 4110 est
1036 4047 1227 4123 fructuosius

123 4170 175 4225 De
197 4157 322 4238 Merula,
351 4156 503 4236 archetypi
527 4160 705 4236 scripturam
729 4157 877 4217 Victorius
901 4157 1045 4236 restituit,
1074 4173 1164 4229 quum
1191 4159 1226 4234 si,

123 4259 136 4314 ἱ
161 4264 362 4340 fructuosius,
387 4273 476 4340 turpe
499 4273 543 4325 est
562 4263 727 4343 Nettleship
750 4266 780 4323 in
801 4281 904 4322 museo
927 4261 1106 4341 philologico
1124 4261 1225 4322 Canta-

127 4373 228 4444 giensi
256 4390 281 4430 a.
305 4367 387 4432 1877
412 4389 440 4449 p.
466 4368 543 4451 173,
571 4369 650 4449 quod
679 4379 862 4449 quantopere
890 4386 906 4427 a
934 4367 1060 4447 simplici
1088 4366 1228 4429 Varronis

124 4487 224 4538 tmone
248 4476 420 4558 abhorreat,
448 4495 535 4538 nemo
559 4496 618 4539 nou
643 4477 730 4540 ridet.
777 4494 874 4556 neque
902 4475 1095 4535 offensionem
1118 4474 1227 4539 habers
