2874 4994
405 321 535 377 RERVM
554 321 792 379 RVS'I'ICARVM
810 322 878 380 LIB.
903 325 941 378 lll
963 321 980 378 9
1195 315 1257 381 267

209 472 249 540 15
282 476 365 539 Cum
388 484 584 557 tempestas
607 480 656 540 sit
678 478 795 540 mollis
823 478 936 558 adque
965 477 1139 560 apricum]
1163 480 1261 556 Atque

123 586 146 644 'n
172 587 312 662 apricum
335 603 372 646 ex
396 586 532 665 principe
555 585 685 648 editione
709 585 910 647 Schneiderns
940 585 1044 648 lacuna
1071 595 1139 667 post
1165 591 1261 649 mollis

123 689 257 773 ndicata,
282 710 350 754 cnm
379 691 476 755 locum
506 695 653 775 apricum,
676 693 855 755 vestibulum
883 711 974 774 supra
1001 694 1126 775 dictum,
1149 697 1260 774 signiti-

125 800 181 862 ari
206 807 334 880 putaret
380 801 417 863 de
450 808 528 862 statu
556 799 630 862 caeli
658 801 767 863 dicitur
799 805 939 879 apricum
967 808 1023 885 est,
1055 810 1088 862 nt
1110 799 1261 884 11110‚4

123 923 257 970 erenum
280 927 349 970 cum
372 915 425 983 est,
448 904 571 990 159,2
594 926 653 984 quo
673 908 822 985 fripidius
843 912 891 971 sil.

205 1013 412 1077 Enitantem
441 1014 619 1076 caldorem
647 1025 682 1077 et
709 1014 840 1095 lrigns]
865 1018 991 1078 Evilare
1013 1019 1260 1079 itemcaldorcm

126 1136 147 1178 x
178 1123 312 1203 principe
336 1122 466 1184 editione
490 1122 690 1184 Schneiderns
719 1123 813 1208 dedit,
837 1125 975 1203 qnoniam
1003 1123 1040 1185 de
1062 1124 1152 1204 pullis
1181 1124 1260 1205 solis,

122 1243 177 1290 ron
209 1228 246 1290 de
278 1229 403 1312 gallinis,
434 1230 507 1293 baec
531 1233 718 1310 praeciperet
749 1229 908 1292 Columella
936 1227 1109 1315 V1115,19
1145 1235 1201 1294 scal
1233 1242 1262 1294 ct

122 1340 290 1399 mirandum
308 1340 368 1400 erit
386 1345 420 1400 ut
439 1341 539 1416 tepide
556 1341 743 1400 habeantur:
766 1356 835 1399 nam
854 1358 911 1402 nec
929 1343 1062 1402 calorem
1084 1359 1141 1402 nec
1159 1343 1260 1416 sripus

122 1449 273 1507 tesimeni.
319 1445 471 1527 archetypi
507 1445 664 1507 lectionem
689 1443 836 1507 Victorius
860 1447 1041 1508 restituerat.
1086 1450 1260 1509 evitandam

122 1545 243 1614 Ursinus
267 1555 403 1615 coniecit.

207 1657 248 1722 16
281 1659 441 1721 Gallinae
474 1661 633 1721 rusticae
666 1668 751 1722 sunt
782 1663 817 1721 in
846 1660 934 1721 urbe
962 1679 1065 1722 rarae
1093 1680 1157 1723 nec
1186 1662 1261 1723 lere

126 1775 324 1829 mansuetae
347 1770 422 1830 sint
444 1785 552 1829 cauea
576 1767 749 1829 uidentur
767 1767 895 1829 Romae
919 1768 1058 1829 similes
1081 1770 1173 1830 tacie
1193 1788 1261 1830 non

125 1872 174 1937 bic
202 1873 348 1954 gallinis
376 1874 554 1937 nillatiois
583 1877 722 1937 nostris
752 1876 812 1937 sed
843 1876 1016 1937 africanis
1046 1885 1193 1957 aspectu
1223 1896 1261 1939 ac

123 1982 210 2043 lacie
233 1984 539 2045 incontaminatae
568 1985 602 2043 in
626 1982 817 2044 ornatibus
838 1982 997 2063 publicis
1020 1982 1140 2045 solent
1162 1984 1260 2063 poni]

122 2086 186 2150 Sint
209 2108 309 2152 cauea
331 2089 512 2171 apographa,
535 2094 601 2153 sine
625 2108 723 2152 cauea
742 2090 906 2152 Politianus
928 2093 960 2151 in
978 2093 1113 2170 principe
1131 2090 1261 2152 editione

121 2215 176 2258 non
199 2200 333 2260 mutavit.
369 2201 435 2259 sine
457 2216 553 2260 cauea
577 2206 606 2259 et
629 2198 736 2259 deinde
760 2216 819 2260 non
841 2200 889 2259 liis
912 2201 1053 2259 villaticis
1073 2201 1199 2273 pollinis
1218 2231 1260 2241 -ν

120 2303 200 2380 faeie
229 2308 469 2367 incontaminata
500 2304 577 2366 edita
607 2304 676 2366 inde
706 2323 722 2365 a
750 2307 884 2386 principe
916 2303 1046 2366 editione
1075 2303 1261 2384 exemplaria.

120 2410 331 2473 dubitationem
355 2412 570 2492 interpretibus
593 2421 749 2474 moverunt
768 2431 801 2474 ea
825 2431 901 2494 quae
925 2413 962 2474 de
982 2411 1078 2474 tribus
1101 2412 1262 2491 generibus

121 2520 293 2600 gallinarum
316 2519 394 2600 apud
414 2519 606 2581 Columellam
624 2519 688 2580 Vlll
702 2519 766 2601 2,1
787 2522 898 2600 scripta
921 2530 1000 2602 snnt,
1019 2538 1125 2582 earum
1141 2538 1259 2597 genera

122 2637 189 2690 sunt
207 2633 256 2690 uel
272 2630 473 2690 cohortalium
493 2633 540 2690 uel
556 2631 744 2690 rusticarum
764 2632 812 2690 vel
830 2626 1058 2704 Africanarum.
1096 2631 1261 2690 cobortalis

123 2745 164 2798 cst
188 2739 255 2797 acas
277 2754 357 2812 puae
379 2739 467 2812 culpo
488 2756 546 2813 per
574 2754 675 2798 omncs
699 2735 770 2814 sere
797 2740 883 2798 uillas
911 2739 1112 2814 conspicitur:
1134 2739 1263 2816 rustica,

120 2862 199 2920 puae
228 2862 288 2905 non
324 2846 476 2905 dissimilis
506 2846 659 2906 villaticae
690 2863 749 2921 per
784 2862 933 2922 aucupem
962 2847 1127 2921 decipitur,
1164 2861 1261 2919 eaque

119 2955 252 3027 plurima
271 2958 315 3013 est
338 2953 369 3012 in
393 2953 493 3012 insula
512 2970 604 3026 quam
625 2959 740 3013 nautae
764 2956 794 3014 in
814 2953 969 3027 Lipustico
987 2954 1070 3012 mari
1086 2953 1174 3012 sitam
1190 2969 1261 3027 pro·

119 3063 212 3123 lucto
232 3063 351 3121 nomine
370 3062 451 3120 alitis
473 3059 674 3121 Gallinariam
694 3062 918 3120 vocitaverunt:
938 3058 1090 3133 Africana
1107 3065 1153 3120 est
1171 3076 1261 3133 quam

119 3171 258 3243 uerique
280 3168 473 3228 Numidicam
497 3169 618 3241 dicunt,
641 3167 822 3241 melcapridi
842 3168 955 3227 similis.
994 3182 1061 3225 nam
1084 3181 1152 3225 cnm
1176 3162 1261 3224 Colu-

119 3274 205 3336 nella
229 3277 356 3336 rusticas
386 3274 522 3356 gallinas,
545 3292 621 3354 qrrae
650 3282 720 3335 sunt
747 3271 884 3352 perdices
907 3270 1037 3349 ltalicae,
1060 3269 1173 3332 similes
1196 3290 1261 3332 esse

118 3381 199 3444 licat
222 3380 372 3457 villaticis,
396 3383 544 3443 contraria
568 3381 675 3442 dooere
695 3378 849 3441 ridebatur
872 3377 973 3440 Varro.
1019 3386 1141 3459 apparet
1163 3387 1261 3440 antem

118 3508 178 3552 ron
204 3489 241 3551 de
261 3492 340 3550 omni
363 3508 472 3569 genere
496 3491 675 3551 rusticarum
698 3487 882 3570 gallinarum,
901 3506 977 3568 quiae
1000 3489 1031 3549 in
1050 3488 1128 3565 agris
1151 3488 1261 3568 visunt,

118 3612 194 3659 naec
213 3599 324 3677 scripta
344 3616 419 3680 esse,
438 3597 490 3658 sed
514 3597 550 3658 de
574 3599 610 3658 iis
629 3615 704 3677 quae
724 3603 847 3657 ornatus
866 3613 954 3656 cansa
973 3597 1003 3656 in
1023 3593 1096 3656 urbe
1115 3593 1262 3656 habentur

118 3725 146 3766 n
177 3722 279 3778 cavea,
309 3723 384 3785 quae
414 3713 537 3785 propter
563 3703 816 3784 pulchritudinem
846 3703 957 3764 formae
986 3703 1132 3763 Africanis
1164 3704 1263 3782 potius

118 3830 209 3892 pnam
232 3811 365 3873 villaticis
389 3812 501 3873 similes
525 3820 596 3873 sunt
619 3820 708 3892 atque
727 3813 817 3873 etiam
840 3812 870 3871 in
896 3809 1083 3890 spectaculis,
1102 3812 1180 3871 sicut
1198 3828 1263 3869 mos

117 3927 185 3981 erat
199 3919 410 4002 Romanorum,
424 3938 483 3981 nna
502 3938 570 3981 cnm
589 3921 757 4001 peregrinis
776 3918 879 3979 aulbrm
899 3916 1016 3999 publice
1036 3916 1261 3996 conspiciendae

117 4034 284 4108 ponuntur.
312 4029 412 4107 itaque
432 4035 604 4108 corruptam
623 4026 781 4088 verborum
797 4028 975 4106 scripturam
990 4024 1046 4086 hoc
1062 4023 1148 4085 modo
1163 4042 1261 4083 emen-

117 4135 202 4216 davi,
222 4137 359 4210 pollinae
381 4138 518 4197 rusticae
539 4142 609 4197 sunl
633 4138 663 4196 in
687 4137 763 4196 urbe
791 4152 887 4195 rarae
914 4151 971 4194 nce
995 4131 1065 4208 scre
1092 4135 1153 4192 nisi
1179 4149 1262 4192 man·

116 4249 225 4304 suetae
248 4245 281 4302 in
303 4259 398 4304 cauea
422 4246 563 4304 videntur
586 4244 715 4317 Romae,
738 4245 849 4303 similes
873 4239 959 4317 socie
987 4258 1047 4301 non
1070 4242 1117 4301 lais
1138 4242 1263 4315 pollinis

116 4352 264 4412 villaticis
283 4353 405 4432 nostris,
423 4354 478 4411 sed
496 4350 661 4425 Africanis.
699 4356 824 4427 aspectu
843 4365 882 4409 ac
901 4347 987 4424 socie
1006 4350 1264 4408 incontaminatae

119 4461 152 4519 in
175 4459 335 4519 ornatibus
352 4459 485 4535 publicis
508 4460 604 4519 solent
622 4459 706 4534 poni.
741 4473 810 4517 nam
829 4457 929 4536 inepte
950 4453 1020 4515 olim
1039 4452 1075 4514 ab
1095 4452 1261 4515 editoribus
