2874 4994
140 331 184 395 40
486 336 676 393 ΟΟΜΜΕΝΤ.
695 337 735 392 IN
753 334 942 393 VARRONIS

140 503 239 556 terrae
251 494 408 556 mediocrIs
418 493 492 554 haec
507 493 583 554 dicta
599 500 678 574 sunt,
688 510 748 553 uon
763 491 799 552 de
814 511 873 554 uuo
884 490 1002 553 Tiburti
1016 509 1103 573 agros
1116 489 1223 554 deindo
1234 495 1282 555 ia·

141 605 275 679 clinohit,
291 602 341 663 ubi
357 604 516 663 inclinarit
530 600 575 661 vel
591 604 754 662 inclinaret
764 599 916 662 Gesnerus
930 601 1109 662 coniecerat.
1135 598 1288 680 Theophr.

142 710 177 770 de
201 728 281 771 caus.
299 709 389 790 piant.
409 708 434 768 II
453 705 528 788 4,9
552 699 591 770 ον’
618 699 684 788 μὴν
708 697 781 770 ἀλλ’
808 701 921 770 αὐτῶν
944 727 981 787 γε
1004 701 1136 769 τούτων
1158 696 1180 788 ἡ
1201 698 1289 788 πρὸς

141 808 288 897 θάτερον
311 811 411 897 μέρος
433 808 664 877 ἀποκλίνουσα
687 811 746 895 τῆς
768 808 994 890 ἐναντιώσεως
1015 813 1186 895 κρείττων.

231 923 249 986 t
285 923 392 1002 Signa
420 925 511 983 sumi
539 940 646 1001 posse
675 932 735 983 aut
758 941 798 982 ex
827 924 903 1003 Ipsa
930 931 992 983 aut
1019 940 1110 1002 quae
1134 940 1289 984 nascun-

142 1039 201 1093 tur
228 1050 269 1092 ex
297 1028 361 1108 IIs]
391 1032 452 1091 Ant
483 1048 523 1092 ex
555 1033 622 1106 ipsa
653 1036 706 1090 ant
735 1048 774 1091 ex
804 1033 842 1109 ijs
870 1048 949 1106 quae
975 1036 1150 1092 noscuntur
1175 1048 1217 1093 a
1246 1049 1289 1094 τα

142 1138 302 1200 Iucundus.
339 1139 459 1199 restitui
477 1137 635 1198 lectionem
655 1136 817 1217 archetypi.
849 1154 916 1198 nam
935 1136 1205 1199 demonstrativum
1219 1156 1289 1218 pro

142 1264 252 1307 nomen
277 1265 317 1307 ex
341 1250 379 1307 iIs
401 1253 468 1325 post
493 1245 647 1306 reIatIvum
671 1264 750 1322 petae
772 1252 944 1307 noscuntur
966 1247 1098 1324 positum
1121 1256 1181 1329 eat,
1209 1248 1289 1312 simi

141 1356 173 1415 in
197 1355 233 1414 iis
257 1372 332 1433 quae
356 1361 524 1433 sequuntur
553 1357 582 1413 si
602 1361 673 1413 sunt
695 1357 822 1430 proliaco
851 1360 944 1428 atque
972 1371 1052 1428 quoe
1074 1371 1116 1414 ex
1138 1356 1179 1414 ir's
1201 1372 1289 1420 amca

143 1463 251 1523 debent
274 1477 380 1522 eornm
404 1478 509 1521 rerum
529 1460 663 1536 serario,
688 1459 738 1521 ubi
762 1462 862 1535 nocue
885 1478 923 1521 co
947 1478 1026 1536 quac
1050 1461 1108 1521 Iuit
1130 1461 1161 1520 in
1186 1460 1289 1524 archo

143 1577 222 1649 typo,
246 1587 282 1630 co
306 1567 465 1629 delendum
490 1585 556 1627 esse
580 1566 729 1628 adnotavit
753 1566 963 1628 Schneiderus.
1000 1566 1104 1628 itemI
1127 1564 1213 1648 lto
1234 1579 1289 1643 qm*

139 1677 345 1752 praestabunt
368 1679 452 1753 alios,
477 1676 760 1735 communicandum
779 1692 898 1750 quoque
916 1692 985 1735 cum
1004 1677 1059 1749 Itis,
1078 1672 1120 1735 ib.
1140 1671 1158 1735 'I
1179 1677 1283 1751 quicto

143 1785 219 1857 quid
232 1785 361 1858 pravius
380 1785 420 1842 cit
438 1784 618 1858 imperatum
637 1813 679 1822 —
699 1799 803 1842 eorum
822 1785 965 1843 restituat
983 1784 1177 1858 voluntatem,
1199 1778 1277 1862 31,2

144 1892 223 1951 coles
246 1893 300 1965 qui
321 1893 390 1950 arcti
410 1895 490 1969 sunt,
513 1891 551 1950 de
575 1891 612 1948 iis
635 1891 689 1963 qui
707 1893 872 1965 plurimum
895 1893 1003 1950 valent.

231 1993 296 2057 Χ2
329 1995 361 2056 Is
386 1994 509 2056 modus
533 2012 644 2055 acnua
669 1995 780 2056 latine
799 1993 1021 2076 appellatur]
1051 1994 1167 2058 Colum.
1184 1995 1269 2078 v1‚5

143 2106 224 2165 Iunc
252 2110 354 2164 actum
380 2105 560 2179 provinciae
589 2103 734 2164 Baeticae
763 2105 874 2164 rustici
900 2121 1033 2178 canuam
1063 2111 1188 2165 vocant:
1217 2122 1266 2165 nun

143 2228 286 2287 aaronem,
309 2229 368 2270 non
393 2227 534 2290 acnuam,
562 2208 652 2270 hahet
674 2209 768 2270 codex
793 2209 1070 2290 sangermanensis,
1099 2229 1209 2286 conon
1231 2230 1265 2271 er-

144 2310 246 2397 cerpt‘a
276 2316 381 2377 Isidori
405 2323 528 2397 gromat.
550 2325 607 2378 vet.
627 2300 652 2377 τ.
671 2316 683 2376 I
706 2335 738 2396 p.
756 2314 834 2398 368,
854 2314 884 2379 5.
925 2336 1033 2394 apruno·
1057 2316 1098 2380 ib.
1122 2337 1150 2397 p.
1169 2315 1265 2398 246,1.

144 2421 218 2504 339,
234 2423 288 2506 17;
313 2443 396 2500 opera
419 2423 459 2484 ib.
478 2441 506 2502 p.
527 2420 602 2505 245,
617 2422 650 2505 75
674 2442 798 2500 oqnuor
821 2426 977 2504 inscriptio
999 2423 1160 2505 Hispaniae
1182 2425 1266 2486 Tarra

144 2534 283 2593 nonensis
307 2550 335 2591 n.
353 2528 450 2593 3361.
488 2549 590 2592 ocnuo
614 2534 786 2593 coniectura
809 2531 989 2593 Lachmauni
1009 2533 1123 2594 editum
1143 2540 1187 2594 est
1208 2530 1265 2612 apud

145 2638 321 2698 FrootInum
350 2638 387 2698 de
414 2637 558 2699 limitibus
586 2656 614 2717 p.
634 2636 693 2720 30,
717 2637 757 2700 12
790 2659 830 2700 ex
858 2641 977 2702 actibus
1004 2644 1125 2702 conicio
1143 2655 1266 2732 ‚oenum

141 2747 274 2822 primum
298 2747 490 2821 appellatum,
514 2745 593 2824 quod
617 2744 789 2806 Iiudoriiius
809 2748 839 2806 in
859 2744 1031 2826 gromaticis
1050 2745 1266 2809 institutionibus

145 2870 172 2931 p.
193 2847 259 2912 280
282 2850 421 2911 defendit

233 2957 360 3019 Decem
388 2956 497 3037 pedes
525 2968 560 3019 et
586 2957 818 3038 longitudIne
847 2968 882 3021 et
908 2959 1107 3022 latitudine
1135 2960 1266 3040 quadra·

146 3064 236 3144 tum]
258 3067 295 3126 In
309 3067 528 3141 lonpitudincm
548 3072 577 3126 et
594 3068 784 3128 initiationem
800 3086 834 3127 ex
850 3065 974 3128 Victorii
988 3067 1118 3129 editione
1134 3078 1266 3149 receptum

146 3183 219 3253 erat,
242 3179 385 3233 consueto
409 3175 440 3232 in
463 3172 520 3233 hoc
540 3189 649 3252 genere
673 3172 792 3234 dicendi
815 3191 880 3254 usu,
903 3170 1000 3256 18,2
1019 3178 1052 3236 in
1070 3179 1267 3252 Ionor'tuoiom

145 3286 175 3340 ct
188 3282 378 3342 latitudinem
397 3283 513 3356 inputo,
533 3279 572 3339 III
586 3277 616 3360 5,
630 3279 670 3341 10
681 3288 767 3359 potet
781 3285 812 3342 in
826 3285 1016 3343 latitudinem
1028 3285 1124 3359 pedes
1137 3280 1268 3353 XLVIII,

145 3391 176 3448 in
200 3390 418 3461 raucitudinem
437 3390 532 3464 pedes
556 3388 694 3463 LXXII,
723 3383 812 3469 5,15
835 3391 940 3450 tabula
963 3397 1074 3452 canoto
1097 3393 1138 3451 sit
1160 3398 1193 3452 ut
1212 3398 1268 3467 ‘W‘

141 3511 257 3570 ponunt
282 3497 313 3553 in
336 3496 526 3555 lotc'tudinem
555 3498 616 3556 duo
640 3497 734 3572 pedes
762 3503 792 3556 ct
818 3499 1009 3578 semipuerum,
1038 3499 1070 3558 in
1098 3500 1270 3560 altitudinem

142 3604 285 3676 palmum,
309 3608 339 3660 et
362 3598 486 3660 ablativo
511 3619 582 3661 casu
605 3619 672 3663 cum
697 3605 895 3682 comparativo
920 3601 1051 3687 1119‚6
1080 3604 1269 3681 ueroeqoer'a

146 3708 363 3780 raucitudinem
387 3709 514 3770 cr'rcr'ter
538 3710 787 3788 decempedam,
817 3712 978 3771 latitudine
1000 3713 1127 3774 dimidio
1149 3716 1270 3780 minero,

147 3815 307 3874 altitudine
335 3818 429 3890 poulo
462 3817 654 3887 humiliorem
691 3816 807 3877 diverso
841 3817 928 3877 modo
961 3815 987 3877 II
1010 3814 1045 3898 4,
1065 3815 1111 3880 20
1142 3821 1270 3881 aanor

142 3919 246 3996 susum
268 3923 300 3981 in
324 3922 519 3997 loupitudinc.

177 4058 179 4063 v
233 4026 282 4088 Ab
306 4027 370 4088 hoc
394 4030 576 4109 priucipio
600 4048 785 4091 mensores
804 4049 871 4092 non
897 4050 1087 4111 numquam
1106 4032 1229 4094 dicunt
1244 4032 1272 4091 iu

146 4133 371 4195 subsiciuum
404 4154 484 4196 esse
518 4139 660 4197 unciam
695 4138 771 4217 agri
803 4148 863 4199 aut
899 4147 1103 4200 sextantem
1141 4142 1173 4201 si
1203 4135 1273 4220 quit

146 4239 243 4301 aIInd
267 4258 344 4300 cum
369 4241 409 4301 ad
435 4244 598 4322 iugerum
622 4245 891 4323 peruenerunt]
921 4247 957 4308 In
984 4248 1135 4309 subsicivo
1162 4246 1275 4309 coniecit

148 4344 348 4406 Scirneiderus
376 4366 481 4427 parum
505 4357 635 4411 attentus
659 4351 694 4411 ad
719 4370 806 4412 usum
830 4352 988 4434 formulae,
1016 4372 1092 4432 quae
1120 4354 1274 4417 defenditur

147 4453 183 4511 iis
208 4470 282 4530 quae
306 4451 439 4515 Handius
463 4454 587 4516 Turseli
609 4475 633 4518 v.
653 4456 692 4516 III
715 4476 743 4538 p.
762 4456 828 4520 322
847 4477 910 4539 sqq.
935 4463 1111 4541 composuit
1148 4470 1273 4525 cntra·
