2874 4994
144 329 186 394 14
483 336 673 393 COMMENT.
692 337 733 391 tn
751 336 940 393 VARRONIS

143 492 232 552 verbo
256 500 458 553 noscerentur
481 494 629 574 coniunxi,
648 493 812 567 effodiebat
834 495 953 553 circum
977 492 1106 554 arbores
1132 494 1264 555 erotu-

143 601 197 660 bns
220 617 299 675 quoe
322 608 534 660 noscerentur.

231 704 397 766 Eiusdem
411 708 531 785 gentis
545 705 575 767 C.
587 705 748 767 Licinius
763 716 803 767 tr.
818 706 861 787 pl.
877 725 956 768 cum
975 715 1073 768 esset
1088 714 1171 786 post
1183 723 1267 785 reget

142 823 289 874 exactos
307 814 411 874 annis
425 810 570 872 CCCLXV
584 814 721 892 primus
743 811 913 892 populum
927 811 968 872 ad
988 812 1088 892 leges
1107 814 1267 891 accipien-

143 919 202 979 das
224 922 258 979 in
277 929 413 998 septem
432 922 555 998 iugera
575 921 735 980 forensia
755 939 770 979 e
790 922 935 980 comitio
955 917 1099 997 eduxit]
1114 919 1145 978 Ε
1160 922 1270 980 comitii

142 1025 263 1107 Merula,
282 1025 434 1106 archetypi
454 1029 632 1106 scripturam
651 1025 799 1087 Victorius
818 1029 957 1088 restituit.
988 1026 1020 1088 C.
1039 1026 1187 1087 Licinium
1203 1024 1271 1086 ene

143 1136 280 1213 sum‚qui
294 1130 442 1214 a.609,t1.
454 1136 632 1194 simoentis
647 1135 795 1212 sexaginta
811 1121 945 1213 quinque
958 1135 1042 1194 annis
1057 1143 1126 1213 post
1139 1150 1223 1213 reges
1233 1150 1271 1193 ex·

143 1252 234 1323 actos,
254 1239 392 1301 tribunus
415 1239 510 1319 plebis
530 1241 594 1323 luit,
613 1239 671 1301 dici
689 1242 804 1321 primus
823 1241 1030 1302 animadvertit
1048 1239 1173 1320 Pighius
1190 1238 1271 1300 annal

143 1346 225 1408 Rom.
242 1347 277 1407 ad
292 1365 317 1408 a.
332 1343 396 1408 608
417 1334 441 1406 r.
456 1345 482 1406 ll
501 1365 529 1425 p.
543 1344 618 1427 463,
638 1347 801 1427 eodemque
820 1350 972 1428 pertinere
991 1346 1138 1408 intellexit
1157 1364 1229 1427 quae
1243 1346 1273 1407 te

143 1473 178 1514 co
198 1456 317 1534 scripsit
336 1453 440 1514 Cicero
459 1455 495 1514 (le
516 1456 600 1516 amic.
620 1452 671 1536 25,
686 1452 738 1535 96,
757 1458 940 1529 meministis,
965 1457 995 1528 Q.
1017 1454 1165 1530 Maximo,
1183 1454 1274 1530 fratre

143 1563 302 1639 Scipionis,
321 1570 350 1622 et
368 1562 402 1620 L.
418 1550 563 1622 Mancino
582 1564 755 1623 consulibus
773 1581 865 1637 quom
879 1566 1039 1639 popularis
1056 1566 1110 1622 lex
1128 1564 1168 1623 tie
1184 1579 1272 1622 socer·

143 1672 233 1729 datiis
255 1672 284 1728 t'.
304 1668 406 1728 Licini
427 1670 532 1729 Crassi
553 1670 728 1731 videbatur:
752 1672 901 1746 cooptatio
926 1672 1004 1729 enirn
1028 1671 1221 1743 collegiorum
1240 1669 1274 1727 orl

138 1780 246 1853 popuii
277 1778 454 1848 beneficium
488 1775 735 1851 transferebatur
741 1797 753 1846 ;
780 1786 871 1850 atque
899 1780 924 1836 is
948 1779 1068 1852 primus
1096 1777 1272 1836 instituitis

139 1881 243 1956 sorum
262 1901 366 1943 versos
385 1901 479 1958 opere
498 1902 565 1945 cnm
581 1889 702 1961 popolo.
726 1900 792 1943 uam
808 1883 932 1943 eandem
951 1900 1015 1942 rem
1029 1881 1090 1943 (lici
1103 1901 1119 1942 a
1134 1881 1319 1961 cinnat,

144 1988 214 2048 dum
239 1989 391 2050 tribunum
416 1992 446 2049 in
470 1992 567 2051 lorum
588 2009 706 2052 versum
726 2010 813 2069 agere
837 2010 904 2051 cum
924 1990 1033 2069 populo
1052 1992 1216 2050 instituisse
1236 1989 1319 2047 iu—

83 2177 86 2181 *
142 2095 228 2176 dicat,
244 2105 273 2156 et
292 2115 308 2155 a
324 2095 463 2176 Varrone,
478 2100 529 2177 qui
548 2098 689 2178 populum
709 2096 745 2158 ab
764 2116 799 2158 eo
815 2119 830 2158 e
847 2099 966 2158 comitio
986 2098 1016 2155 iu
1036 2095 1135 2156 iorum
1154 2094 1319 2174 ductum:

143 2200 171 2262 b.
191 2222 216 2263 e.
236 2202 360 2263 coucilia
384 2202 477 2282 plebis
501 2207 532 2263 in
556 2205 652 2265 lorum
679 2204 819 2265 translata
843 2221 919 2284 esse,
938 2204 987 2282 ait,
1007 2213 1124 2263 certum
1148 2211 1201 2263 est
1229 2198 1319 2260 sedi

143 2327 219 2388 quae
248 2311 307 2370 sint
334 2320 447 2390 septem
472 2313 574 2390 iugera
599 2311 736 2393 forensia,
764 2310 891 2371 multum
919 2319 949 2370 et
977 2312 1008 2369 in
1032 2309 1165 2369 diversas
1186 2317 1319 2386 parte=

143 2416 324 2495 disputatum
349 2428 402 2479 est.
448 2436 515 2479 nam
540 2419 618 2498 quod
643 2418 764 2497 Pighius
788 2419 978 2497 existimavit,
1001 2435 1065 2477 eam
1091 2424 1164 2477 tunc
1185 2413 1311 2494 ampli,

143 2522 275 2584 tudinem
295 2526 340 2585 vel
363 2543 533 2586 mensuram
558 2526 615 2586 lori
634 2528 698 2586 siue
718 2528 837 2586 comitio
856 2525 957 2607 luisse,
976 2542 1036 2583 uon
1056 2523 1136 2584 ferre
1156 2524 1319 2607 ratione-:5

142 2630 274 2691 locorum
299 2630 411 2692 dudum
435 2632 620 2694 intellectum
643 2643 697 2695 est.
730 2632 794 2715 alia,
813 2651 887 2712 quae
912 2630 981 2692 olim
1005 2631 1040 2691 ad
1064 2627 1319 2710 interpretanda*

143 2736 187 2796 vel
211 2739 385 2817 corrigenda
406 2738 495 2799 verba
519 2739 596 2800 bauti
620 2739 709 2800 dubie
734 2742 907 2819 incorrupta
926 2758 942 2798 a
961 2741 1032 2799 viris
1051 2736 1149 2797 doctis
1168 2740 1319 2797 inventa

142 2853 226 2924 sunt,
249 2843 419 2906 Huscbkius
452 2850 481 2907 in
510 2845 585 2906 libro
614 2847 650 2906 de
674 2845 814 2907 Varronis
845 2845 910 2906 loco
933 2846 970 2906 de
998 2844 1121 2905 Liciniis
1150 2862 1176 2904 a.
1201 2831 1319 2904 1835

142 2954 340 3030 pertractavit.
386 2964 470 3031 septo
499 2972 553 3033 pro
580 2962 691 3032 septem
715 2953 904 3014 scribendum
933 2970 999 3012 esse
1023 2951 1221 3031 Goettlingius
1246 2950 1316 3009 de

141 3057 206 3118 loco
226 3057 262 3116 Μ.
281 3058 413 3121 Terentii
433 3060 572 3120 Varronis
592 3060 628 3120 tle
652 3081 685 3122 re
705 3058 850 3122 rust.12
874 3079 898 3121 a.
921 3057 1002 3121 1831
1025 3060 1153 3119 coniecit
1171 3062 1302 3138 etpost

142 3185 209 3226 eum
226 3165 354 3244 bangius
368 3170 465 3247 antiq.
481 3167 564 3228 Rom.
581 3187 605 3228 v.
620 3167 646 3227 ll
661 3188 688 3248 p.
703 3165 769 3230 484
789 3168 833 3228 ed.
849 3187 907 3228 sec.
940 3167 991 3226 sed
1012 3185 1048 3227 ne
1068 3164 1142 3226 illud
1157 3165 1286 3245 quidem,

143 3273 221 3352 quod
243 3292 321 3334 nunc
341 3284 408 3353 post
422 3273 567 3335 Huscblrii
587 3276 816 3354 disputationem
835 3275 972 3355 plurimis
991 3272 1144 3355 parebatur,
1162 3282 1281 3352 propter

143 3390 256 3459 septem
273 3381 411 3442 tabernas
426 3384 457 3442 in
477 3383 540 3442 loro
560 3385 632 3442 sitas
651 3382 728 3461 apud
744 3382 864 3443 Festum
884 3400 911 3460 p.
926 3378 992 3443 230
1010 3390 1041 3440 et
1059 3379 1176 3441 Livium
1195 3375 1280 3439 xxvi

143 3485 236 3569 ati
261 3498 374 3568 septem
399 3491 500 3567 iugera
525 3488 668 3568 appellata
692 3507 771 3571 esse,
794 3491 822 3548 ei
845 3487 923 3566 quod
947 3504 996 3547 res
1020 3485 1150 3566 postulat
1169 3487 1278 3547 sullicit

141 3614 280 3674 agrorum
300 3604 381 3656 certe
401 3596 586 3678 significatio,
602 3598 687 3658 cuius
707 3614 795 3656 causa
815 3595 886 3655 baec
901 3598 1010 3672 scripta
1030 3603 1110 3675 suut,
1125 3597 1156 3655 in
1170 3582 1279 3673 septem

142 3701 273 3761 tabernis
297 3720 354 3761 non
380 3703 465 3761 inest.
490 3705 630 3763 nimirum
655 3711 687 3764 ut
715 3721 749 3762 ea
778 3720 853 3781 quae
882 3701 919 3762 de
943 3700 1049 3761 Licinii
1076 3698 1144 3780 lege
1172 3702 1281 3781 agraria

142 3807 228 3865 niodo
248 3807 326 3868 dicta
350 3819 434 3869 erant
457 3818 487 3870 et
506 3828 580 3889 quae
605 3821 707 3888 postea
732 3809 768 3869 de
790 3809 909 3870 Scrofae
934 3820 963 3868 et
982 3807 1125 3869 Varronis
1145 3827 1237 3888 opera
1255 3811 1282 3869 in

141 3917 219 3993 agris
252 3915 417 3977 dividendis
444 3920 539 3996 posita
568 3916 722 3998 dicuutur,
751 3920 789 3978 ita
822 3916 894 3976 baec
928 3916 963 3975 do
991 3914 1104 3976 Licinio
1135 3914 1243 3977 Crasso
1269 3934 1284 3976 a

141 4023 285 4083 divisione
309 4041 447 4103 agrorum
473 4026 597 4102 repetita
621 4035 705 4104 sunt,
729 4033 761 4084 ut
785 4041 894 4084 novum
919 4022 1031 4083 tribuni
1053 4025 1228 4084 institutum
1251 4023 1285 4084 at

140 4147 242 4188 curam
266 4148 405 4206 agrorum
429 4131 556 4208 quodam
581 4131 667 4190 modo
691 4131 864 4191 referretur.
911 4141 1025 4209 septem
1053 4132 1156 4208 iugera
1185 4142 1286 4192 autem

141 4238 170 4295 in
195 4238 273 4313 agris
297 4238 406 4296 viritim
430 4237 596 4298 dividendis
625 4256 712 4317 saepe
736 4238 801 4298 data
826 4256 892 4298 esse
916 4247 1044 4298 constat:
1077 4236 1178 4299 tit-,v
1197 4234 1286 4320 30,8

142 4341 214 4401 Pliu.
236 4340 326 4401 XVlll
349 4340 387 4405 18
417 4343 528 4405 Colum.
550 4345 561 4403 l
580 4347 671 4423 prael.
690 4343 730 4406 14
754 4344 846 4405 Valer.
866 4344 939 4405 Max.
954 4344 992 4404 tv
1006 4343 1036 4427 3,
1050 4341 1080 4406 5.
1110 4344 1287 4425 popularem

141 4466 174 4507 ae
194 4447 338 4526 plebeiam
359 4469 422 4511 cam
443 4470 612 4512 mensuram
632 4453 704 4513 dicit
723 4452 883 4513 Columella
898 4453 910 4513 l
925 4449 955 4532 3,
972 4449 1023 4532 10,
1041 4452 1177 4531 quamvis
1194 4470 1288 4533 pravo
