2874 4994
144 319 209 384 218
492 324 681 381 constitut.
699 325 741 381 IN
758 324 947 381 VARRONIS

143 480 309 562 κείρηται,
332 477 459 561 μᾶλλον
484 472 521 542 δὲ
544 475 581 541 ἐν
604 469 696 564 ἡλίῳ.
742 475 986 559 συνιδροῦντος
1007 469 1076 560 γὰρ
1098 478 1166 540 τοῦ
1184 494 1278 554 uano

144 582 259 668 μένου,
283 578 551 668 ἄναλαμβάνεται
571 577 588 648 ὁ
609 577 711 667 ἱδρὼς
730 581 850 649 ἐκτῶν
869 581 970 668 ἐρίων
988 578 1047 648 nal
1066 573 1279 668 trimodam

143 688 199 756 nai
222 687 436 775 μαλακώτερα
459 692 593 774 γίνεται.

232 802 302 862 Alii
326 799 459 861 vellera
483 800 546 861 alii
571 799 738 862 uellimna
765 799 951 881 appellant
976 819 1021 862 ex
1049 813 1202 881 quorun
1223 813 1272 858 aa·
1312 805 1315 854 ÷

143 908 269 970 cabulo
306 908 546 969 animaduerti
582 907 669 969 lieet
705 909 808 987 prius
843 907 922 969 lana
958 906 1148 970 uulsuram
1183 920 1269 985 quant

145 1026 327 1077 tonsuram
357 1013 552 1093 iuuentam]
576 1015 785 1090 attinuere,
808 1017 1017 1077 aliiaeiutnia
1040 1015 1200 1093 medani
1235 1029 1268 1073 aa

142 1141 270 1199 quoram
293 1124 438 1184 uocabulo
461 1124 666 1184 animaduerti
686 1124 757 1183 iicet
775 1106 865 1199 pria&
887 1123 991 1183 ianam
1013 1124 1171 1184 miseran
1189 1135 1264 1196 asan

143 1238 299 1292 tonsuram
328 1233 479 1290 inventam
508 1228 633 1308 Merula,
667 1226 717 1289 ubi
749 1231 841 1290 lanae
871 1230 1028 1290 vuisaram
1055 1235 1098 1290 'ax
1128 1224 1222 1289 ootliee
1241 1243 1265 1286 n

143 1336 225 1398 dedit
249 1336 412 1415 iucundus,
440 1339 589 1397 uelamina
613 1334 769 1396 Victorius.
817 1337 967 1397 aeliimina
994 1335 1126 1397 coniecit
1146 1331 1265 1413 Sosim

142 1447 290 1506 uelamina
314 1444 391 1504 idem
415 1444 539 1503 eonieot.
564 1445 593 1502 io
618 1441 699 1503 Varr.
722 1441 759 1503 de
783 1441 852 1520 ling.
875 1440 926 1503 lat.
949 1437 1034 1504 v48
1057 1459 1087 1520 p.
1107 1437 1158 1504 37.
1199 1443 1262 1502 νᾶα·

142 1555 224 1612 mina
248 1550 293 1611 vel
317 1554 482 1611 velamenta
510 1568 526 1610 a
556 1548 679 1610 velando
711 1549 748 1610 de
777 1548 843 1609 lana
873 1549 972 1610 ovium
1002 1548 1061 1610 diei
1093 1556 1194 1610 uotum
1219 1555 1266 1608 est:
1313 1577 1315 1615 ε

141 1658 262 1737 glossar.
286 1657 487 1736 latino-grase.
513 1675 537 1716 v.
560 1654 587 1715 ll
611 1675 638 1735 p.
659 1652 733 1738 205,
752 1652 804 1717 29.
841 1653 933 1715 Varro
957 1662 1056 1716 autem
1081 1654 1142 1717 tluo
1164 1655 1265 1716 nomint

142 1767 254 1825 uellera
285 1774 315 1824 et
345 1766 493 1825 uelamina
526 1771 649 1842 propter
679 1760 902 1823 similitudinem
932 1763 999 1823 soni
1032 1771 1182 1841 tamquam
1208 1760 1268 1822 duas

144 1871 253 1931 lormas
279 1873 366 1931 nnius
390 1869 539 1950 vocabuli,
563 1868 640 1948 quod
671 1887 686 1928 a
715 1868 849 1930 vellendo
877 1869 999 1931 ductum
1029 1879 1124 1949 esset,
1151 1870 1270 1950 manian

142 1977 266 2039 videtur.
303 1995 395 2056 quare
419 1996 458 2038 aa
480 1995 539 2052 quo
563 1978 709 2038 uocabulo
732 1978 848 2055 scripsi.
891 1976 998 2037 deinde
1021 1994 1078 2057 pro
1101 1979 1184 2050 lana,
1206 1974 1272 2055 quoi

142 2084 211 2145 olim
236 2094 384 2163 tamqnam
409 2088 543 2164 spurium
567 2092 750 2164 notaveram,
770 2087 801 2144 in
823 2087 897 2144 lana
920 2083 997 2165 dedi,
1016 2086 1073 2145 aiii
1092 2086 1212 2159 aedan
1228 2085 1274 2144 aiii

142 2196 291 2265 uelamina
315 2195 475 2269 appellant,
499 2209 540 2253 ex
562 2208 621 2267 quo
644 2192 789 2252 uocabulo
813 2192 1018 2253 animaduerti
1045 2193 1120 2253 licet
1142 2192 1274 2268 pruna

142 2302 215 2359 lana
238 2302 392 2360 vuisaram
417 2316 507 2374 quant
530 2306 686 2360 tonsuram
711 2301 870 2359 inuentam.

234 2402 275 2466 10
307 2404 455 2466 Omnino
489 2414 655 2466 tonsores
687 2407 722 2465 in
755 2403 858 2465 italia
886 2405 1037 2487 primum
1066 2405 1214 2466 uenisse
1244 2423 1276 2464 ex

143 2512 264 2574 eilioia
293 2512 466 2573 dicuntur
494 2531 521 2591 p.
546 2531 569 2573 r.
594 2529 618 2572 e.
641 2529 666 2573 a.
690 2510 849 2573 occctttt
877 2518 915 2572 ut
947 2512 1127 2591 seriptum
1159 2513 1196 2571 io
1225 2529 1277 2592 pr·

143 2619 237 2680 blico
261 2618 387 2679 ardeae
408 2621 442 2679 in
465 2618 603 2679 litteris
627 2630 723 2679 extat
746 2636 880 2699 eosque
903 2616 1099 2679 adduxisse
1123 2616 1278 2697 publium

144 2727 307 2787 tioiuium
328 2723 496 2801 maenam]
509 2726 545 2785 In
561 2728 647 2786 italia
658 2727 966 2802 primamaenirseex
977 2726 1081 2786 siotiia
1091 2727 1202 2787 dicant
1211 2725 1278 2787 nn

143 2850 239 2894 conss.
258 2851 308 2893 an.
331 2831 534 2892 0000th
552 2830 663 2892 Merula
683 2850 719 2892 ex
738 2831 832 2892 Plinio
846 2829 897 2892 Vll
915 2827 978 2893 211
1002 2848 1133 2907 aequem
1154 2835 1280 2909 acatium

143 2958 306 3001 consensus
329 2943 360 3000 in
379 2941 550 3001 tonsoribus
570 2938 640 3013 suit,
664 2941 720 3000 sed
736 2940 882 3000 Romanis
905 2940 1034 2999 tardior.
1054 2941 1088 2999 in
1108 2940 1233 3002 ltaliam
1247 2957 1281 3000 ea

143 3049 250 3109 Sicilia
282 3065 391 3108 aenne
424 3054 492 3136 port
524 3047 652 3107 Romam
688 3049 841 3107 conditam
871 3062 952 3106 anno
984 3048 1280 3122 quadrinyentesimo

141 3157 388 3231 quinquaqesimo
412 3160 522 3228 quarto
546 3155 717 3215 adducente
738 3155 769 3213 P.
792 3152 901 3214 Titinio
927 3151 1029 3235 Mena,
1052 3161 1088 3214 at
1111 3162 1224 3216 auctor
1243 3159 1281 3216 est

152 3263 259 3323 Varro.
282 3270 373 3322 antea
393 3264 506 3322 intonsi
524 3260 624 3335 saera,
640 3258 690 3321 ubi
710 3263 826 3321 titinnio
845 3269 891 3321 est
909 3261 938 3319 iu
955 3258 1039 3320 libris
1055 3277 1147 3321 manu
1163 3263 1282 3341 senode,

147 3369 254 3429 Titinio
282 3367 363 3428 dedit
391 3365 569 3428 Harduinus.
616 3367 692 3446 apud
723 3365 884 3428 Varronem
912 3366 1065 3428 Liciniam
1094 3364 1280 3429 scribendum

144 3494 209 3536 esse
240 3476 367 3535 coniecit
400 3472 576 3554 Sylburgius
613 3476 643 3535 io
676 3473 775 3535 indice
808 3473 947 3534 editionis
978 3471 1233 3536 Commeliniunae
1261 3493 1282 3534 r.

143 3583 265 3643 Menam
285 3599 320 3640 er
339 3579 498 3641 Columella
517 3579 570 3640 Xll
584 3577 614 3661 4,
628 3579 659 3663 2,
679 3579 728 3642 ubi
748 3583 827 3642 inter
847 3599 899 3641 eos
918 3581 969 3659 qui
988 3579 1025 3640 de
1049 3578 1146 3642 rebus
1169 3582 1283 3643 rusticis

144 3689 329 3766 seripserunt
361 3688 470 3748 Menas
506 3681 661 3769 (mecenas
697 3688 761 3749 eod.
794 3680 896 3770 Saug.)
934 3687 1074 3748 Licinius
1110 3690 1284 3750 nominatur.

147 3795 287 3855 Titinium
316 3813 350 3854 ea
375 3797 544 3855 coniectura
569 3794 711 3856 ilardnini
735 3796 844 3873 recepi.
890 3811 1048 3855 numerum
1079 3797 1197 3858 retinui
1222 3813 1284 3857 euro

142 3902 246 3981 quiin
270 3900 428 3981 archetypo
453 3901 592 3962 Varronis
617 3902 681 3982 luit,
706 3919 884 3981 quamquam
906 3900 943 3962 de
966 3899 1023 3963 hoe
1048 3919 1177 3983 quoque
1196 3901 1283 3965 Plinio

142 4009 228 4070 tidem
252 4007 415 4069 habendam
435 4027 501 4070 esse
520 4017 602 4088 puto.
638 4016 791 4087 praeterea
811 4011 843 4069 in
863 4009 985 4070 Italiam
1004 4007 1207 4072 seribendum
1226 4028 1286 4071 esse

127 4124 270 4194 apparet.
316 4114 352 4174 de
376 4118 491 4193 passivo
515 4118 669 4191 dieantur,
692 4133 830 4195 proquo
854 4117 960 4177 dieunt
982 4113 1158 4179 Pontedera
1182 4137 1209 4199 p.
1227 4111 1287 4178 tet

143 4230 172 4279 et
200 4218 400 4281 Schneiderns
428 4221 628 4300 probaverunt
659 4230 782 4302 propter
810 4240 844 4283 ea
873 4239 948 4301 quae
978 4234 1157 4301 sequuntur
1186 4242 1290 4301 rosnae

141 4327 315 4399 adduxiue,
338 4326 466 4388 dubitari
490 4347 549 4390 noo
572 4328 705 4390 debebat.
743 4347 810 4391 nam
835 4332 864 4390 in
888 4326 1016 4407 publicis
1039 4329 1222 4394 Ardeatium
1245 4331 1288 4393 lit·

141 4433 213 4490 teris
237 4431 308 4491 haee
332 4436 441 4513 scripta
466 4436 557 4496 luisse
582 4435 673 4497 Varro
697 4436 800 4498 refert„
