2874 4994
255 337 304 392 DE
323 336 412 393 aaut
431 337 605 394 cVLTvuA
623 338 764 394 LIBRVM
782 338 811 395 C.
829 337 1001 395 lot-106
1140 333 1200 396 121

56 495 154 557 acris
178 493 251 575 q.·ll
277 493 397 555 eodem
425 494 609 556 inlundito
638 514 743 575 sapae
768 495 1019 575 quadrantalia
1042 495 1067 556 ll
1091 515 1201 576 aquae

57 601 176 664 dulcis
200 621 227 681 q.
246 600 284 681 L]
309 583 406 663 Musti
427 605 648 679 quadrantalia
671 604 705 663 X
726 607 756 664 iu
781 606 893 665 dotium
916 601 1011 666 indito
1035 604 1112 664 edita
1133 605 1202 666 inde

57 709 94 770 ab
119 708 225 771 Aldina
248 709 377 770 editione
396 708 582 790 exouiplaria.
610 714 701 771 musti
722 712 754 783 Q.
770 711 804 770 X
819 719 849 770 et
866 729 961 788 sapae
983 713 1015 785 Q.
1031 713 1069 772 ll
1088 715 1203 792 scripsi.

58 836 125 879 nam
145 817 203 879 bac
222 825 292 878 nota
306 816 377 878 Cato
396 819 426 878 in
447 816 632 897 quadrantali
647 820 691 878 uti
706 820 869 879 cousuevit.
898 819 933 879 ad
949 837 1013 879 eam
1028 821 1058 879 in
1072 822 1204 898 margine

58 925 213 1006 archetypi
236 928 456 1002 quadrantalia
480 925 665 1004 adscriptum
684 934 748 986 erat
767 944 791 986 c.
807 921 849 987 57
870 929 933 987 mm·
951 945 977 1002 q.
997 927 1032 987 X
1047 934 1077 987 et
1096 924 1204 1008 1123

58 1052 161 1109 aquae
192 1037 332 1094 marinae
364 1052 391 1108 q.
414 1034 454 1094 Χ.
501 1052 554 1114 pro
587 1032 645 1094 hoo
677 1037 951 1109 quadrantariam·
968 1036 1112 1113 seriptum
1142 1045 1206 1095 erat

60 1139 172 1224 106,1
198 1159 298 1216 aquae
324 1144 466 1202 marinae
488 1160 514 1216 q.
540 1143 564 1202 l.
607 1144 776 1221 quartarius
803 1149 902 1202 autem
931 1152 961 1202 et
988 1143 1140 1203 tertiarius
1168 1142 1204 1202 de

59 1257 167 1328 quarta
190 1257 220 1309 et
244 1249 330 1308 tortia
355 1256 439 1328 parte
463 1251 570 1330 congii,
594 1257 627 1309 ut
651 1248 777 1330 videtur,
801 1250 878 1311 dicta
903 1258 973 1311 sunt
991 1246 1043 1331 95,
1064 1250 1079 1311 1
1098 1259 1204 1327 postea

57 1359 169 1418 sumito
192 1357 345 1416 bituminis
369 1360 542 1418 tertiarium
566 1364 596 1417 et
617 1360 752 1433 sulpuris
775 1362 977 1433 quartarium.

150 1461 172 1525 2
196 1462 413 1543 Operculum
437 1466 471 1524 in
492 1462 625 1525 dolium
644 1466 820 1545 imponito
840 1474 875 1526 et
894 1464 1048 1526 oblinito
1068 1464 1144 1524 dies
1164 1462 1202 1541 X]

62 1574 196 1635 Obliuito
215 1579 284 1649 post
307 1574 372 1632 dies
391 1571 426 1631 X
445 1569 636 1632 scribendum
660 1589 725 1632 esse
749 1568 1060 1634 etsimiliterc.109
1081 1573 1203 1633 oblinito

54 1687 125 1757 post
159 1681 223 1739 dies
250 1679 321 1759 LX,
353 1677 405 1739 ubi
436 1680 508 1739 item
535 1680 716 1757 praepositio
749 1681 780 1740 in
808 1679 968 1760 archetypo
997 1681 1105 1739 omissa
1134 1686 1205 1760 erat,

56 1789 91 1848 A.
111 1785 281 1847 Gronovius
308 1785 386 1866 apud
412 1785 627 1848 Schneidcrum
655 1786 795 1848 iudicavit
826 1785 1119 1872 coll.105‚2post
1141 1788 1205 1846 dies

57 1894 161 1955 XXX
172 1897 283 1955 dolium
297 1895 429 1956 oblinito.
448 1893 503 1954 alia
519 1894 650 1956 eiusdem
666 1896 785 1972 generis
800 1895 933 1975 exempla
948 1892 1029 1969 65‚2
1044 1895 1205 1973 composui.

151 2000 223 2063 Hoc
247 2003 368 2061 irinum
392 2001 538 2062 durabit
561 2002 629 2062 tibi
652 2021 764 2082 usque
788 2002 828 2063 ad
853 2001 1055 2064 solstitium
1083 1999 1204 2080 siquid

57 2109 289 2189 superfuerit
316 2118 397 2189 post
426 2109 626 2171 solstitium
655 2119 794 2170 acetum
825 2106 1038 2171 acerrimum
1067 2116 1101 2168 et
1129 2106 1205 2187 pul·

56 2218 280 2280 uberrimum
309 2212 392 2298 erit]
422 2219 599 2285 Solist'uium
621 2219 651 2277 in
676 2217 835 2296 archetypo
859 2220 1003 2298 scriptum
1028 2217 1118 2276 luisse
1142 2213 1205 2273 Vic-

56 2328 157 2386 torius
182 2342 271 2404 supra
295 2343 320 2384 c.
344 2321 405 2385 102
429 2333 563 2386 testatur.
611 2323 774 2385 Politianus
801 2329 959 2386 solstitium
990 2333 1116 2402 utroquo
1141 2321 1205 2380 loco

57 2435 89 2493 in
111 2433 248 2512 principe
268 2432 398 2492 editione
417 2450 476 2493 non
496 2434 629 2493 mutavit.
653 2451 689 2492 ex
708 2431 885 2512 apographis
904 2432 997 2493 codex
1018 2430 1168 2490 Parisinus
1185 2430 1206 2488 Α

55 2541 228 2621 posteriore
253 2537 317 2599 loco
340 2543 509 2601 antistitium
533 2539 638 2620 habet,
661 2539 769 2619 reliqui
792 2543 950 2602 solstitium
969 2538 1014 2600 vet
1032 2541 1206 2599 solsticium.

55 2650 231 2708 solisiitium
260 2648 406 2726 scriptum
434 2656 480 2707 est
507 2649 539 2707 in
567 2647 669 2707 codice
692 2645 952 2725 Montepcssulano
976 2644 1064 2726 gloss.
1088 2662 1206 2724 graeco·

57 2754 109 2815 lat.
134 2773 161 2814 v.
180 2751 220 2813 lll
243 2772 271 2833 p.
291 2749 365 2834 294,
383 2750 435 2815 47.
481 2754 536 2814 alia
565 2756 630 2815 eius
658 2756 824 2833 scripturae
853 2754 985 2833 exempla
1013 2753 1148 2814 Baiterus
1176 2754 1206 2812 in

57 2864 92 2922 in
116 2860 177 2921 Cic.
198 2860 234 2921 de
253 2860 334 2922 deor.
353 2870 412 2921 nat.
432 2860 471 2920 ΙΙΙ
493 2859 543 2943 14,
562 2859 604 2923 37
629 2861 777 2922 indicavit.

153 2966 204 3028 CV
231 2966 248 3028 1
272 2966 338 3027 Ubi
362 2966 521 3029 ballabit
545 2971 666 3030 uinum
690 2971 808 3049 iguem
837 2963 1051 3049 subducite]
1077 2969 1209 3028 titillabit

55 3074 231 3157 apographa
260 3082 290 3135 et
318 3074 408 3136 editio
436 3074 573 3158 Victorii,
606 3079 677 3138 item
705 3074 881 3157 Politianus,
910 3094 969 3137 non
998 3078 1146 3154 battlabat,
1174 3082 1208 3134 ut

55 3185 216 3246 Gesnerus
240 3182 397 3244 adnotavit.
443 3185 579 3245 ebullibit
600 3182 720 3244 Merula.

153 3288 174 3352 2
203 3289 403 3350 Schoenum
436 3298 470 3350 et
502 3289 674 3351 calamum
707 3293 742 3352 in
770 3290 842 3370 pila
870 3289 1086 3351 contundite
1116 3288 1207 3369 qnod

55 3401 135 3460 siet
167 3397 364 3457 sextarium
398 3415 506 3458 unum
537 3397 659 3457 eodem
688 3399 722 3457 in
751 3397 884 3458 dolium
912 3396 1111 3474 infundite]
1141 3396 1209 3456 Om-

56 3508 135 3568 nino
165 3501 356 3563 scribendum
385 3512 431 3564 est
457 3506 621 3565 seboenum
649 3512 678 3565 et
705 3509 854 3565 calamum
884 3509 1001 3581 iopila
1024 3506 1209 3579 contundite,

55 3614 147 3690 quod
177 3615 252 3672 satis
282 3615 356 3687 siet,
389 3615 560 3673 sextarium
592 3630 686 3673 unum
719 3615 821 3674 eodem
849 3617 881 3674 iu
909 3616 1020 3675 dolium
1047 3611 1209 3687 infundite.

57 3717 244 3783 Columellas
267 3727 426 3798 praecepta
449 3719 485 3779 de
510 3719 675 3780 condituris
700 3721 760 3780 viui
782 3719 922 3799 leguntur
946 3718 999 3779 Xll
1020 3716 1061 3781 19
1081 3737 1144 3798 sqq.
1169 3718 1210 3778 ibi

57 3829 99 3890 de
119 3827 208 3888 modo
229 3827 446 3907 medicamenti,
466 3827 546 3907 quod
565 3830 633 3888 vino
652 3827 779 3908 additur,
804 3830 913 3906 scripta
933 3837 1004 3888 sunt
1022 3827 1104 3906 haec,
1123 3825 1209 3908 20,ss

58 3956 102 3999 ex
132 3937 193 3996 bac
220 3938 434 4012 compositione
462 3943 608 4011 quantum
636 3939 667 3996 iu
694 3938 847 3996 sextarios
874 3937 965 3994 musti
996 3938 1210 4009 quadrupenos

61 4050 190 4105 octonos
212 4044 407 4103 adiciendum
430 4045 485 4118 sit,
509 4046 659 4103 incertum
682 4050 738 4121 est,
766 4045 908 4117 quoniam
928 4060 987 4118 pro
1010 4049 1125 4101 natura
1148 4043 1212 4100 airzi

63 4153 227 4213 aestimari
252 4157 382 4231 oportet,
409 4153 486 4225 quid
510 4153 585 4210 satis
611 4154 663 4224 sit,
694 4152 920 4223 cauendumque
943 4158 987 4209 est
1009 4168 1047 4209 ae
1070 4149 1210 4210 cauditus

62 4276 158 4337 sapor
182 4261 384 4332 iutelleqatar.
431 4275 562 4319 mamea
586 4276 636 4318 res
659 4264 821 4334 emptorem
841 4255 940 4332 [aaut.

155 4365 224 4426 CVI
259 4361 276 4424 1
310 4364 427 4444 Aquae
459 4367 617 4426 marinae
651 4363 716 4444 q.l
748 4383 789 4425 ex
821 4363 892 4425 alto
925 4362 1069 4443 sumito]
1103 4365 1211 4440 Aquae

66 4477 208 4536 marinae
235 4475 429 4550 quartarium
453 4474 474 4534 l
497 4492 537 4534 ex
565 4476 626 4534 atto
653 4475 760 4534 suinito
788 4470 913 4552 Merula,
941 4473 1048 4548 Aquae
1071 4476 1211 4534 marinae
