2874 4994
463 269 599 372 RERVM·
612 317 851 374 RVSTICARVM
870 319 938 374 LIB.
957 320 983 375 11
1002 319 1022 376 8
1231 313 1292 376 197

240 470 407 533 Tricenis
439 473 478 534 ad
508 473 784 553 quadringentis
813 473 959 534 milibus
992 474 1199 536 admissarii
1231 474 1294 536 ali·

145 578 245 657 qtrod
276 578 490 663 uenierunt]
523 580 658 642 Tricenis
687 600 725 642 ac
752 584 986 656 quadringentis
1014 579 1141 661 Merula,
1169 585 1296 644 tricenis

145 704 188 748 ac
212 688 414 764 quadragenis
433 686 593 767 iucundus,
618 690 750 748 trecenis
773 706 813 749 ac
831 689 1031 763 quadrigenis
1055 686 1191 768 Ursinus,
1215 688 1294 767 qrrod

145 791 304 854 Gesnerus
326 805 356 855 et
375 792 578 855 Schneiderus
601 805 789 872 receperunt.
827 794 863 854 de
887 796 983 873 pretio
1004 795 1156 855 asinorum
1175 804 1295 875 praeter

144 899 231 960 huuc
255 900 352 960 locum
376 903 496 980 scripsit
519 898 763 981 Varroll1,14
790 904 849 963 icoc
876 905 996 963 nomine
1022 905 1100 962 enim
1128 905 1211 962 asini
1236 905 1294 962 Ar·

145 1009 256 1067 codici
278 1009 308 1067 in
326 1008 459 1068 Graecia
483 1011 641 1082 nobilitati,
665 1011 697 1068 in
721 1009 814 1069 Italia
838 1010 976 1091 Reatini,
995 1028 1090 1084 usqae
1113 1027 1148 1070 eo
1170 1017 1205 1069 at
1227 1025 1293 1070 mea

144 1117 295 1174 memoria
327 1117 432 1175 asiam
464 1118 592 1176 venierit
623 1116 769 1176 sestertiis
801 1117 920 1176 milibus
958 1119 1121 1192 sexaginta
1153 1124 1182 1177 et
1213 1134 1294 1177 unae

143 1222 323 1294 quadrigae
345 1219 461 1280 Itomae
489 1224 680 1282 constiterint
707 1224 939 1296 quadringentis
967 1224 1087 1283 milibus
1110 1232 1140 1283 et
1162 1220 1202 1282 lll
1221 1219 1291 1301 2‚7

143 1329 269 1387 asinum
292 1333 388 1401 tuum,
414 1344 501 1402 quem
525 1330 600 1388 milti
621 1329 831 1404 quadraginta
854 1331 975 1390 milibus
1002 1337 1134 1406 emptum
1157 1332 1291 1390 ostende·

142 1434 209 1494 bas.
248 1451 284 1492 aa
308 1432 416 1512 quibus
440 1452 573 1513 eaquae
597 1437 627 1494 in
651 1437 740 1495 tertia
764 1434 840 1495 libro
864 1437 973 1515 scripta
1005 1447 1075 1496 snut
1103 1445 1215 1496 mutato
1239 1454 1291 1495 uu·

140 1557 228 1600 mero
243 1538 356 1600 Plinius
376 1538 439 1600 Vlll
460 1537 521 1601 167
548 1543 701 1623 repetivit,
724 1545 843 1602 asinum
869 1543 972 1603 CCCC
993 1544 1113 1603 milibus
1140 1559 1292 1603 nummum

139 1656 276 1724 emptam
304 1649 336 1720 Q.
360 1650 440 1708 Axio
463 1651 602 1709 senatori
623 1656 732 1708 auctor
760 1657 805 1709 est
836 1649 943 1723 Varro,
969 1651 1055 1710 haud
1081 1653 1144 1710 scio
1168 1668 1209 1710 an
1232 1668 1291 1711 om-

139 1757 230 1815 nium
246 1757 347 1830 pretio
366 1756 544 1815 animalium
562 1757 648 1815 aicta.
686 1771 844 1815 numerum
864 1773 880 1815 a
895 1755 990 1816 Plinio
1009 1755 1150 1816 traditum
1166 1754 1291 1816 Ursinus

142 1869 206 1921 not
231 1863 261 1921 in
286 1858 369 1921 Varr.
389 1859 414 1919 ll
438 1857 527 1941 1,14
552 1860 649 1922 tribas
672 1860 745 1921 locis
769 1861 845 1941 apud
867 1860 1028 1923 Varronem
1049 1874 1160 1924 temere
1180 1871 1290 1923 mutata

141 1985 235 2028 manu
260 1970 439 2046 scriptorum
465 1966 609 2028 librorum
624 1970 772 2047 scriptura
792 1971 910 2029 restitui
925 1969 1024 2030 voluit.
1063 1988 1130 2031 nam
1149 1970 1175 2031 ll
1196 1969 1228 2045 1,
1248 1967 1290 2031 14

139 2073 337 2134 seribendum
370 2077 538 2135 coniecerat
570 2078 675 2136 asinus
706 2078 836 2136 venierit
870 2080 1016 2138 sestertiis
1053 2079 1184 2138 millibus
1215 2095 1288 2152 qua·

141 2183 317 2255 dringentis
340 2190 370 2242 et
392 2200 472 2243 anae
495 2185 668 2258 quadrigae
691 2182 807 2243 Itomae
830 2187 1021 2245 constiterint
1039 2185 1110 2244 XII
1125 2185 1180 2244 HS
1200 2191 1230 2243 et
1248 2181 1288 2243 lll
1389 2181 1392 2185 ’

139 2284 207 2369 2,‘t
233 2290 466 2364 quadringentis
488 2291 619 2350 millibus
641 2297 778 2366 emptum.
816 2288 868 2349 sed
887 2288 1001 2350 Plinius
1024 2309 1128 2370 parum
1150 2301 1288 2352 accurate

139 2393 263 2456 videtur
287 2394 448 2470 rettulisse,
472 2413 548 2474 quae
571 2394 649 2474 apud
670 2393 830 2455 Varronem
855 2398 964 2476 scripta
988 2399 1149 2458 invenerat.
1196 2416 1288 2478 quare

139 2501 200 2562 hoc
224 2500 289 2562 loco
308 2500 375 2562 dedi
399 2502 478 2581 quod
503 2504 534 2563 in
558 2501 660 2562 codice
685 2520 713 2561 m
737 2520 772 2561 ex
796 2511 896 2563 vetere
916 2503 1131 2583 emendatione,
1158 2513 1191 2565 ut
1209 2504 1287 2564 vide·

141 2619 207 2689 tur,
236 2611 381 2687 scriptum
410 2619 456 2670 est
483 2613 609 2671 tricenis
636 2627 676 2669 ac
703 2612 929 2685 quadragesim
956 2612 986 2669 in
1015 2608 1138 2689 reliquis
1171 2609 1287 2671 duobus

139 2714 218 2776 locis
241 2714 385 2777 lectiones
408 2715 560 2794 archetypi
585 2717 704 2776 retinui.
761 2770 763 2774 Α

232 2821 254 2883 4
284 2822 328 2883 Et
352 2823 384 2882 id
408 2832 489 2882 ante
513 2822 749 2883 admissuram
768 2833 802 2883 et
821 2824 958 2902 largius
979 2824 1131 2885 iacimus
1150 2833 1188 2884 ut
1207 2823 1286 2884 cibo

137 2929 397 2990 suffundamus
425 2931 524 2988 uires
551 2928 591 2989 ad
625 2929 797 3008 feturam]
833 2933 910 2992 Ante
936 2933 1140 2992 admissuram
1168 2934 1287 3008 largius

137 3036 222 3097 edita
246 3034 313 3096 iude
343 3053 359 3094 a
386 3037 521 3115 principe
551 3036 680 3096 editione
708 3035 894 3115 exemplaria.
932 3046 962 3097 et
989 3056 1024 3096 ax
1052 3037 1212 3117 archetypo
1240 3057 1285 3097 re-

136 3144 236 3221 stitui,
260 3141 287 3201 h.
307 3162 332 3202 e.
357 3144 445 3203 etiam
469 3140 579 3220 largius
603 3143 737 3202 iacimus.
773 3143 984 3215 suffulciamas
1008 3144 1136 3202 coniecit
1155 3144 1286 3221 Georges

136 3249 208 3311 coll.
227 3248 378 3310 Columell.
400 3247 434 3308 Vl
454 3245 542 3326 244
565 3265 622 3308 nec
642 3247 737 3323 forda
759 3250 851 3307 simui
866 3250 967 3322 operis
990 3256 1019 3308 et
1038 3251 1121 3308 uteri
1135 3256 1286 3322 gravetur

134 3375 243 3420 onem.
285 3374 364 3432 quae
391 3362 605 3431 compartum
632 3356 740 3426 euicit,
768 3356 829 3414 nisi
855 3355 930 3413 cibis
954 3352 1036 3429 salta
1064 3363 1121 3427 est,
1149 3360 1285 3429 quamvis

135 3465 222 3525 bona
250 3464 358 3523 nutriit
385 3462 491 3523 labore
516 3459 652 3536 fatigata
680 3466 752 3520 nato
779 3460 932 3520 subtranit
960 3461 1147 3534 alimentum,
1181 3459 1283 3522 Senec.

136 3571 228 3650 epist.
248 3564 301 3647 95,
315 3565 357 3629 22
382 3571 450 3629 aino
470 3567 586 3644 fulcire
608 3585 700 3628 uenas
724 3569 875 3626 cadentes.

231 3675 360 3736 Eadem
385 3684 545 3753 tempore
573 3692 641 3753 quo
665 3691 776 3753 equos
805 3672 1027 3733 adducentes
1057 3673 1219 3753 idemque
1248 3686 1284 3735 ut

135 3787 238 3846 ineat
260 3801 372 3860 equas
396 3800 458 3861 per
477 3784 597 3860 erigas
616 3779 802 3856 curramus]
823 3781 979 3854 [idemque
998 3787 1032 3839 at
1050 3783 1156 3841 ineant
1176 3780 1279 3842 lucun-

135 3892 211 3967 dus,
237 3891 327 3950 iidem
350 3896 385 3949 at
412 3893 516 3950 ineant
539 3888 741 3949 Schneiderus
769 3888 905 3946 coniecit„
948 3904 1007 3963 per
1032 3890 1196 3962 perorigas
1221 3887 1281 3966 Syl·

136 3998 266 4075 burgius
294 3999 324 4056 in
352 3996 481 4055 editione
508 3993 737 4055 Commeliniana
765 4013 793 4073 p.
814 3989 886 4054 755.
928 3994 959 4052 in
987 3991 1129 4070 singulari
1158 4011 1283 4054 numero

134 4111 209 4184 post
242 4103 385 4182 pluralem
412 4105 467 4164 iios
489 4105 645 4179 pascimus
673 4110 703 4160 et
730 4118 821 4175 equos
850 4101 945 4178 posito
973 4098 1104 4160 editores
1132 4098 1282 4162 otlendere

134 4228 200 4272 non
224 4209 379 4270 debebant.
416 4208 466 4269 sed
491 4201 655 4287 pronomen
675 4209 753 4267 idem
772 4205 808 4266 de
827 4207 909 4265 asino
928 4203 1101 4265 admissario
1122 4223 1180 4266 nan
1200 4216 1281 4268 reete

132 4318 260 4379 dicitur.
304 4334 359 4394 pro
387 4314 444 4376 hoc
472 4319 541 4376 dem
568 4317 684 4394 scripsi,
711 4317 841 4388 itemque
863 4320 897 4371 ut
919 4314 1002 4371 ineat
1025 4330 1119 4386 equas
1138 4331 1198 4391 per
1222 4317 1281 4375 ori·

128 4442 195 4504 gas
224 4440 376 4484 curamus.
418 4422 522 4482 eudem
546 4430 689 4501 tempore,
717 4437 777 4499 quo
806 4420 875 4499 equi
904 4417 1092 4478 adducuntur
1119 4419 1155 4478 ad
1182 4436 1281 4500 equas,
