2874 4994
313 119 443 175 RERVM
461 119 702 176 RVSTICARVM
720 121 787 176 LIB.
808 122 834 176 ll
855 120 942 176 2-3
1139 110 1201 176 153

10 294 15 351 g
74 272 256 352 appellatione
272 272 402 336 Scrofae.
439 284 469 336 et
490 274 605 336 ridetur
620 274 677 336 hoc
691 275 892 356 neglegentiae
908 275 1047 336 Varronis
1068 274 1198 336 tribuen-

77 379 136 440 dum
155 398 231 463 esse,
254 380 333 460 quod
357 400 416 442 non
439 392 577 444 accurate
601 400 756 443 sermones
779 381 962 462 loquentium
987 382 1129 443 distinxit.

19 558 24 569 ,
75 531 82 545 .
152 487 197 549 Ne
222 490 340 549 miuus
362 486 553 549 habeamus
576 492 611 550 in
631 498 803 550 centenas
826 508 912 550 oues
936 490 1056 549 bircas
1080 492 1200 568 singu·

78 590 122 653 los
136 593 297 655 homines
315 597 350 655 in
369 594 515 675 pellitae
535 615 662 675 caprae
677 595 798 675 binos]
814 598 920 657 Hirtus
935 595 1054 657 Merula.
1078 615 1202 672 caprae,

79 700 142 776 quod
164 702 233 762 olim
257 701 292 761 ad
317 719 350 762 ea
374 719 449 780 quae
473 702 581 763 deiude
601 702 637 763 de
662 706 759 783 capris
777 705 1000 784 praecipiuntur
1019 706 1050 763 in
1069 705 1201 782 margine

76 805 242 887 adscriptum
271 816 348 888 erat,
376 806 533 869 delendum
563 828 628 870 esse
659 808 730 870 vidit
758 809 918 871 iucundus.
955 811 985 869 in
1014 809 1136 889 reliquis
1164 809 1201 869 de

71 909 229 992 integritate
254 915 361 974 veteris
385 916 552 994 scripturae
575 915 704 977 dubitari
734 934 793 977 non
822 915 956 977 debebat.
1002 920 1033 977 in
1059 925 1202 978 centenus

68 1032 130 1079 mes
148 1023 247 1083 hirtas
264 1023 398 1096 singulos
412 1023 554 1097 homines,
575 1026 606 1082 in
622 1041 736 1099 capras
755 1024 839 1084 binos
854 1021 1067 1083 Schneiderus:
1086 1022 1201 1101 pellitas

64 1126 142 1186 enim
168 1144 238 1188 ores
265 1127 407 1207 appellari
442 1146 501 1188 non
528 1131 674 1210 potuisse,
702 1132 840 1208 quoniam
868 1147 1006 1209 graecum
1035 1147 1126 1208 pecus
1149 1147 1202 1190 seu

10 1248 16 1316 j
55 1229 192 1305 pellitum
215 1252 284 1294 raro
314 1235 386 1305 loris
413 1243 444 1295 et
471 1234 647 1315 plerumque
677 1235 756 1296 domi
784 1236 893 1315 alatur,
922 1244 955 1296 ut
978 1238 1018 1296 ait
1042 1235 1200 1296 Columella

55 1329 100 1396 ltl
127 1337 204 1418 12.
242 1344 273 1401 in
297 1349 441 1402 centenas
459 1361 528 1403 oues
546 1345 645 1403 hirtos
664 1347 808 1418 singulos,
833 1346 864 1403 r'n
880 1346 1001 1420 pellitus
1021 1344 1107 1403 binos
1126 1341 1208 1402 Zalrl·

46 1438 181 1508 leldtius
204 1446 222 1509 l.
243 1467 268 1508 c.
287 1467 314 1526 p.
334 1443 386 1528 25,
412 1448 490 1527 quod
514 1448 563 1508 ille
587 1448 623 1508 dc
647 1448 800 1530 arietibus,
821 1448 936 1509 nonde
955 1447 1126 1528 pastoribus
1146 1448 1205 1510 dic-

44 1550 121 1611 tum
148 1571 214 1614 esse
242 1554 348 1634 voluit,
376 1573 413 1614 ne
442 1553 478 1614 de
502 1573 627 1616 numero
653 1558 779 1616 marium
808 1563 838 1616 et
866 1556 1042 1615 laminarum
1072 1554 1204 1616 delinitio

39 1651 188 1721 deesset.
230 1661 266 1721 de
297 1660 406 1740 pellitis
433 1661 537 1722 oribus
564 1662 720 1742 pascendis
748 1661 853 1723 scribit
881 1660 1040 1722 Columella
1064 1660 1114 1722 Vll
1133 1658 1204 1743 4,4

36 1760 167 1828 liberis
189 1776 290 1830 autem
313 1771 428 1846 eampis
451 1775 481 1829 et
506 1773 732 1832 omnisurculo
755 1772 892 1844 ruboque
915 1771 1095 1830 vacantibus
1121 1788 1204 1831 ouem

30 1882 208 1936 draccum
229 1893 360 1952 parcere
382 1879 605 1936 meminerimus
628 1896 678 1951 ue,
707 1886 857 1953 utsupra
881 1878 961 1949 dixi,
986 1884 1022 1936 et*
1037 1880 1110 1937 lanu
1134 1897 1203 1938 car·

26 1985 155 2044 ratur
186 1989 215 2042 ei
248 1988 394 2056 tegumen.
443 1982 480 2042 de
513 2000 638 2042 numero
671 1993 769 2044 autem
802 1984 913 2063 orium,
948 2000 1023 2061 quae
1056 1981 1111 2042 sub
1145 2003 1203 2043 uuo

25 2090 180 2151 restore
198 2087 354 2169 habentur,
373 2107 448 2168 quae
467 2096 513 2149 est
532 2107 608 2149 nona
627 2108 696 2168 pars
716 2089 932 2169 disputationis,
952 2087 1071 2148 brevius
1090 2087 1202 2150 dictum

22 2192 91 2247 ⁰⁸⁸-
132 2203 298 2276 propterea,
322 2195 400 2275 quod
425 2197 490 2256 eius
516 2198 560 2256 rci
584 2196 695 2257 moduli
722 2195 871 2257 naturales
899 2212 958 2255 non
987 2204 1065 2256 sunt.
1102 2198 1201 2275 itaque

18 2285 53 2348 5¹¹
112 2298 208 2380 Epiro
231 2300 278 2363 hic
298 2311 343 2363 est
362 2320 436 2382 mos,
457 2305 537 2363 utin
557 2311 698 2364 centenas
718 2321 788 2363 ores
806 2302 899 2362 hirtas
918 2319 976 2360 non
998 2302 1095 2362 miuus
1115 2321 1202 2381 quam

15 2393 179 2488 siuguli,
202 2409 232 2467 in
255 2409 380 2491 pellitus,
403 2427 528 2489 quarum
553 2411 645 2470 maior
669 2429 739 2470 cura
763 2408 896 2469 habenda
920 2418 992 2487 erat,
1020 2426 1080 2468 non
1103 2411 1201 2471 minus

14 2515 151 2575 <tuam
183 2513 245 2575 bini
282 2525 416 2594 pastores
454 2515 632 2596 habeantur,
665 2535 793 2596 quocum
831 2517 1023 2577 consentiunt
1054 2534 1129 2594 quae
1166 2516 1202 2577 de

13 2615 164 2681 ‘ladem
194 2640 226 2680 re
255 2624 367 2702 scripta
395 2630 465 2682 sunt
492 2620 652 2699 1110,10
679 2642 735 2700 epo
763 2628 793 2684 in
821 2631 983 2698 octogenos
1010 2626 1108 2684 hirtus
1135 2642 1203 2685 oues

13 2710 356 2804 st'²1,‹mtosp‹1stores
378 2733 529 2811 constitui,
553 2733 671 2791 Atticus
695 2734 725 2790 in
749 2737 901 2791 centenus.

151 2834 232 2893 1111
267 2836 395 2915 Accipe
430 2855 445 2895 a
474 2854 524 2895 me
553 2854 630 2897 cum
658 2837 843 2896 homerico
873 2834 1065 2896 melanthio
1094 2836 1201 2896 cordo

22 2919 95 2989 de,
129 2940 294 3020 capellis]
328 2943 400 3003 Cum
424 2942 513 3003 editio
546 2945 684 3023 princeps
714 2941 896 3002 al‘olitiano
925 2958 983 3000 non
1011 2949 1144 3001 correcta
1173 2952 1201 3003 et

28 3045 155 3106 tuder
179 3047 333 3131 Caesones,
352 3068 410 3111 eon
429 3049 482 3108 ΑΒ
507 3057 538 3109 ct
556 3049 648 3109 codex
668 3048 866 3110 Florentinus.
903 3049 934 3107 in
953 3045 1111 3127 archetypo
1131 3050 1201 3128 quid

36 3152 206 3233 hcriptum
236 3157 326 3217 luerit
354 3175 413 3216 uon
446 3155 532 3235 plane
566 3164 689 3217 constat
735 3151 903 3217 Melanthio
938 3156 1035 3216 condo
1064 3153 1201 3233 Scaliger.

46 3262 170 3338 “ccipe
193 3281 213 3323 1
235 3280 281 3324 me
304 3281 361 3324 eeu
384 3264 545 3324 Homerico
565 3264 731 3325 Melanthio
750 3266 911 3325 exordium
935 3264 972 3322 de
991 3264 1115 3338 capellis
1133 3281 1201 3322 con-

55 3354 134 3428 leon
160 3368 194 3428 R.
216 3368 350 3448 Ungerus
378 3369 415 3430 de
440 3368 531 3448 Valgii
554 3387 648 3449 poem.
673 3389 700 3449 p.
724 3367 798 3444 406,
826 3367 990 3448 inquibus
1018 3386 1115 3447 neque
1145 3388 1201 3430 ceu

63 3477 194 3536 sermoni
214 3474 352 3537 Varronis
372 3479 518 3557 convenit,
544 3495 640 3556 neque
664 3479 798 3557 accipere
822 3475 975 3536 exordium
999 3476 1070 3554 quid
1095 3479 1134 3537 sit
1156 3479 1198 3536 in·

70 3579 222 3662 tellegitur.
260 3585 358 3662 itaque
388 3588 495 3661 accipe
518 3603 537 3644 α
560 3602 606 3645 me
624 3602 707 3646 nune
730 3586 890 3646 Homerico
914 3582 1079 3644 Melanthio
1108 3588 1201 3646 cordo

69 3692 179 3768 scripsi
222 3708 288 3750 uam
317 3694 400 3769 quasi
429 3691 621 3753 Melanthium
649 3691 839 3753 Homericum
868 3708 900 3748 11
929 3692 985 3749 iam
1019 3688 1054 3748 de
1083 3688 1203 3767 capellis

67 3795 212 3858 dicturum
242 3815 307 3857 esse
336 3797 488 3859 Cossinius
512 3801 666 3878 promittit.
709 3796 807 3858 addito
830 3806 928 3857 autem
961 3797 1078 3856 nomine
1107 3799 1201 3857 cordo

61 3902 141 3985 quod
175 3921 298 3964 acumen
327 3903 419 3964 Varro
453 3908 631 3985 quaesiverit
664 3908 821 3966 nescimus.
863 3903 914 3967 sed
948 3904 1087 3982 quoniam
1120 3902 1202 3963 cordi

61 4011 208 4074 dicuntur
241 4013 292 4089 qui
328 4030 395 4071 sero
430 4015 489 4074 nati
524 4022 606 4092 sunt,
645 4021 791 4092 tamquam
828 4010 1019 4072 Melanthium
1056 4010 1201 4089 quendam

53 4112 227 4198 ὀψίγονον
251 4136 282 4178 11
310 4137 375 4179 1111
400 4118 551 4180 Cossinius
575 4119 741 4199 significare
765 4127 889 4199 poterat.

153 4223 456 4295 Quemadmodum
493 4235 637 4305 oportet
674 4224 837 4290 breuiter
880 4230 1045 4305 oporteat
1081 4225 1201 4286 dicere
