2874 4994
10 40 19 129 Ι
325 109 455 164 RERVM
475 110 714 167 uvsuicuuvu
732 112 800 169 LIB.
819 114 832 167 Ι
852 110 927 169 8-9
1154 107 1195 170 37

52 272 123 327 tuso
153 263 279 348 Merula,
309 262 361 326 ubi
389 283 459 326 cum
491 265 599 327 delerit
626 266 766 347 Ursinus,
795 272 906 342 fictiles
933 266 1031 344 fundo
1055 277 1197 346 pertusos
1270 339 1272 348 ,

44 372 287 454 schoettgenus,
320 373 399 451 quod
428 372 546 453 probari
576 391 635 434 non
666 372 800 434 debebat.
836 391 903 434 nem
929 372 1027 450 fundo
1056 384 1197 453 pertusos

37 481 116 542 sine
152 481 369 560 praepositione
400 498 456 560 pro
494 484 525 541 in
554 479 652 556 suado
685 481 742 542 dici
781 498 839 540 non
872 491 997 560 poterat.
1046 492 1127 545 recte
1160 503 1195 544 ex

32 589 189 668 principe
217 586 347 648 editione
376 605 445 649 cum
464 587 564 664 suado
587 594 714 665 pertuso
744 597 898 666 receptum
930 596 1006 649 erat:
1039 588 1195 671 11114‚5

30 699 145 757 ollam
166 712 235 756 eum
255 691 474 777 foraminibus,
501 691 626 776 152,1
653 696 764 756 axibus
788 697 919 756 dentatis
941 713 1010 757 cum
1033 699 1178 760 orbiculis
1184 721 1196 770 ;

28 800 50 862 ll
82 800 136 882 1,
158 799 199 863 16
230 804 261 862 im
288 805 452 863 montuosis
476 805 578 879 potius
610 805 684 863 iocis
712 819 780 862 cum
809 800 977 878 fruticibus
1004 804 1194 866 scribendum

29 911 178 970 conieci.
209 907 261 968 sed
279 918 537 987 praetereamus,
561 926 619 969 noo
639 927 721 984 quos,
740 907 931 969 scribendum
946 919 1018 993 erat,
1037 915 1196 974 demittunt

29 1019 56 1075 io
103 1017 230 1076 tubulos
249 1018 360 1090 fictiles
388 1033 457 1076 cum
476 1013 575 1091 suado
595 1023 733 1097 pertuso,
762 1034 838 1092 quos
866 1019 1006 1093 cuspides
1033 1024 1194 1096 appellunt.

28 1140 125 1184 nam
151 1123 289 1202 cuspides
312 1123 453 1184 dicuntur
476 1122 671 1204 harundines,
699 1141 774 1202 quae
803 1143 838 1185 ex
864 1123 1061 1186 harundineto
1085 1129 1194 1205 petitae

28 1237 53 1289 et
96 1232 139 1291 in
161 1233 218 1291 ima
241 1236 326 1309 parte
350 1240 526 1308 praeacutae
550 1229 635 1290 libris
657 1229 809 1309 colligatae
832 1233 862 1291 in
892 1231 1012 1292 tubulos
1036 1232 1194 1295 demittun-

27 1344 109 1417 tur,
139 1356 195 1398 non
219 1338 276 1417 ipsi
300 1335 410 1418 tubuli,
440 1339 518 1398 sicut
545 1344 614 1417 post
636 1336 801 1397 Gesnerum
826 1336 1025 1419 lexicographi
1048 1342 1193 1420 interpre-

28 1445 102 1503 tati
133 1454 210 1506 sunt.

144 1549 165 1614 5
197 1553 409 1628 Acrutopboro
433 1550 596 1612 Politianus
619 1550 777 1632 adnotavit,
801 1568 860 1611 non
884 1554 1119 1630 acrotbopboro.

143 1657 163 1722 6
194 1659 353 1720 Alterum
378 1675 491 1737 genus
514 1657 645 1734 uiniti]
680 1660 776 1733 diuiti
800 1659 832 1718 in
859 1658 1019 1739 archetypo
1048 1663 1194 1739 scriptum

31 1761 150 1827 luisse
168 1766 311 1827 Politieno
325 1764 506 1826 credendum
523 1773 577 1846 est,
596 1783 774 1844 qrramquam
792 1768 890 1827 uincti
903 1765 1011 1827 liabent
1028 1768 1193 1848 apographa

27 1864 206 1953 italorum,
234 1871 313 1952 quod
342 1889 444 1932 vorum
475 1880 529 1932 est.
567 1889 634 1931 nam
657 1875 768 1933 uineae
791 1873 821 1931 in
851 1871 1004 1933 codicibus
1028 1873 1051 1932 d
1077 1893 1104 1934 m
1129 1894 1193 1935 cor·

28 1979 219 2041 rectoribus
250 1978 385 2040 debetur.
426 1982 532 2040 uincto
564 1996 668 2039 omnes
699 1977 769 2039 libri
801 1977 910 2038 habent
942 1979 954 2039 l
982 1978 1035 2060 11,
1055 1979 1090 2061 2,
1122 1984 1192 2042 item

27 2083 181 2149 uinciri
202 2084 287 2168 18,9
311 2095 342 2146 et
364 2089 476 2147 uinetis
499 2082 582 2163 154,
600 2082 627 2146 l.

141 2194 210 2255 Sub
231 2212 303 2254 cam
322 2191 382 2253 uhi
401 2195 565 2252 nascitur
585 2210 653 2253 uua
673 2191 906 2253 subiciuntur
925 2188 1079 2255 cir'citer
1093 2194 1193 2275 bipe-

27 2291 150 2362 dales
182 2321 198 2362 e
231 2299 392 2361 surculis
426 2298 594 2359 furcillae
623 2317 663 2359 ne
696 2298 877 2359 uindemia
910 2299 1004 2359 lacta
1036 2299 1192 2381 deniquo

26 2399 167 2470 discat
193 2407 351 2487 pendere
379 2408 415 2467 in
442 2404 555 2485 palma
584 2415 643 2466 aut
673 2404 855 2483 funiculo]
889 2405 1022 2468 Facetias
1046 2412 1193 2470 sermonis
1243 2387 1253 2406 ’

28 2526 117 2574 non
146 2515 356 2576 intellexerunt
389 2512 533 2594 editores,
567 2514 618 2592 qui
650 2512 879 2593 interpolatione
912 2513 1036 2575 lucuodi
1070 2516 1191 2595 probata

28 2623 236 2702 seripserunt
259 2641 298 2683 ae
321 2624 472 2703 uindemip
488 2629 598 2697 pereat
620 2628 650 2681 et
667 2624 819 2681 vindemio
835 2619 924 2696 sacto
946 2623 1075 2697 denique
1094 2627 1193 2685 discut

29 2733 185 2799 pendere
208 2732 239 2792 iu
260 2732 402 2806 palmum.
439 2745 507 2788 nam
527 2727 657 2788 lurcillas
681 2728 777 2789 subici
802 2726 910 2787 vitibus
933 2727 1016 2788 iubet
1040 2728 1140 2811 Varro,
1161 2741 1193 2792 ut

34 2848 139 2917 uvae,
155 2856 231 2917 quae
251 2838 326 2898 lacte
341 2837 486 2898 vindemia
501 2836 734 2916 suspenduntur,
754 2842 839 2896 antea
859 2834 988 2913 pendere
1008 2834 1192 2897 adsuescant.

37 2939 146 3017 palma
169 2962 244 3024 quae
267 2946 315 3025 sit,
339 2942 426 3005 docet
448 2943 540 3005 Varro
564 2939 684 3017 131‚3
703 2946 791 3003 uitem
810 2960 899 3016 quum
919 2949 1029 3002 uocant
1046 2946 1191 3004 minorem

41 3047 211 3126 (tapetium,
234 3054 381 3112 maiorem
403 3059 433 3112 et
455 3054 516 3112 ium
539 3053 620 3111 uude
643 3067 721 3110 uuae
743 3056 914 3111 noscuntur
934 3053 1076 3125 palmam.

140 3157 215 3219 ΙΧ2
248 3156 287 3219 ln
314 3158 375 3219 ille
399 3159 594 3219 enimcum
618 3158 666 3217 sit
694 3156 864 3217 dissimili
888 3157 924 3217 ui
947 3174 985 3216 ao
1004 3164 1191 3235 potestate

51 3271 172 3336 partes
203 3265 405 3346 permultae
438 3267 472 3326 in
505 3267 585 3345 quis
617 3264 710 3344 lapis
746 3281 899 3325 marmor
935 3265 1048 3326 rudus
1084 3283 1192 3326 arona

56 3366 176 3435 sabulo
205 3373 333 3454 argilla
361 3371 508 3434 rubrica
537 3371 659 3452 puluis
688 3380 788 3432 oreta
820 3373 914 3451 ignis
947 3371 1192 3434 carbunculus

59 3470 92 3530 ‘id
113 3487 165 3541 est
182 3499 271 3561 quae
291 3480 365 3542 sole
385 3480 551 3560 perierve
571 3481 619 3540 ita
639 3479 685 3540 iit
703 3485 741 3540 ut
759 3478 902 3540 radices
920 3488 1078 3540 satorum
1099 3500 1191 3541 com-

61 3574 174 3665 buret]
196 3589 269 3649 Cum
286 3590 347 3648 siut
364 3585 487 3668 Merula,
511 3586 590 3666 quod
609 3585 759 3647 Gesnerus
779 3587 901 3664 recepit.
940 3605 1007 3647 cum
1030 3591 1189 3665 superiori-

62 3680 108 3746 bus
132 3691 202 3756 haec
225 3697 265 3756 ita
290 3693 493 3773 coniungenda
518 3712 583 3755 esse
608 3692 809 3753 Schneiderus
833 3694 968 3771 coniecit,
990 3700 1117 3769 propter
1136 3698 1189 3754 od-

64 3794 211 3864 iit'tctioues
229 3806 307 3864 enim
327 3806 357 3862 in
377 3805 430 3862 illu
449 3819 517 3863 cum
535 3806 603 3863 siut.
638 3819 725 3861 manu
744 3803 923 3879 scriptorum
943 3798 1087 3859 librorum
1102 3799 1190 3859 lectio

63 3911 119 3960 ‘itm
139 3906 185 3982 sit,
204 3928 292 3989 quam
311 3910 381 3970 inde
400 3908 436 3970 ab
455 3909 558 3970 Aldina
578 3909 707 3969 editione
727 3908 833 3987 reliqui
854 3907 983 3968 editores
1003 3915 1191 3988 receperunt,

60 3999 91 4061 ili
112 4009 233 4079 delendi
251 4015 349 4096 aliquo
368 4016 456 4079 modo
476 4025 582 4098 potest,
602 4023 635 4076 ut
650 4024 757 4094 partes
774 4018 945 4094 permultae
967 4032 1021 4092 per
1041 4034 1072 4075 se
1092 4014 1189 4074 dican·

59 4111 98 4167 ‘¹¹¹
121 4117 156 4179 in
178 4123 256 4186 hunc
279 4125 410 4205 modum,
433 4118 479 4184 ‘in
503 4125 653 4185 communi
677 4129 766 4203 terre,
797 4140 864 4184 cum
889 4139 922 4181 ea
946 4120 1080 4181 dissimili
1105 4124 1132 4181 vi
1156 4141 1190 4182 ac

55 4220 196 4292 l⁰lestate
220 4235 267 4312 sit,
290 4231 454 4311 permultae
478 4241 577 4311 partes
602 4224 697 4311 sunt',
727 4230 833 4290 deinde
858 4247 932 4308 quae
956 4238 1123 4308 sequuntur
1151 4232 1190 4289 ob
