2874 4994
233 318 274 383 76
591 324 781 380 couniunt.
800 326 840 379 IN
858 324 1016 380 CATONIS

232 481 368 561 pagati]
399 480 526 542 Scrobes
554 489 585 542 et
612 480 711 541 sulcos
738 480 774 540 ad
803 480 926 541 arbores
953 488 984 541 et
1008 481 1087 541 uites
1110 478 1254 540 serendas
1276 496 1380 541 mense

148 664 153 673 .
232 588 337 649 llartio
361 590 427 649 lieri
449 588 533 649 iubet
552 587 712 649 Columella
733 587 772 647 ill
791 585 821 669 2,
835 586 877 649 27
898 587 1021 649 scrobes
1040 589 1136 648 omnis
1151 590 1288 663 0000010,
1307 605 1380 663 quos

231 700 294 757 eris
317 704 461 756 autumno
485 698 672 771 consituros,
696 698 753 756 boc
777 704 911 772 tempore
930 699 1004 769 fieri
1026 695 1185 772 oportebit.
1229 693 1268 755 (le
1293 696 1378 755 seml-

231 805 323 864 nariis
347 803 451 864 eodem
476 812 609 883 tempore
633 802 775 863 faciendis
800 802 904 863 scribit
929 803 1006 864 idem
1030 801 1070 863 ib.
1093 799 1137 863 30
1159 804 1302 863 nonnulii
1323 804 1379 864 boc

231 914 373 988 optimum
397 918 512 987 tempus
531 929 595 971 csse
613 913 786 971 seminariis
805 912 997 971 instituendis
1016 911 1171 970 dicerunt.
1207 909 1378 970 accuratius

231 1017 267 1078 de
296 1018 463 1078 seminariis
491 1027 521 1077 et
549 1018 673 1077 vitiariis
701 1016 773 1077 Cato
796 1034 821 1077 c.
845 1012 889 1077 46
917 1023 947 1076 et
969 1012 1011 1075 tt
1041 1016 1186 1094 praecipit
1213 1014 1376 1093 stlocum,

230 1122 283 1184 ubi
306 1125 385 1204 liant,
409 1122 517 1202 bipalio
540 1123 716 1184 vertendum
740 1141 805 1183 esse
825 1122 920 1184 docet.
958 1124 1058 1200 itaque
1077 1138 1198 1201 pravam
1216 1119 1376 1182 verborum

231 1231 462 1310 distinctionem,
481 1248 557 1309 quae
577 1232 608 1291 in
628 1230 716 1291 editis
735 1229 804 1290 inde
823 1248 839 1289 a
858 1231 993 1308 principe
1013 1228 1143 1289 editione
1157 1227 1377 1308 exemplaribus

230 1347 303 1418 erat,
326 1341 425 1398 sulcos
449 1344 478 1399 et
500 1340 622 1399 scrobes
642 1341 717 1411 fieri
735 1339 922 1399 seminariis:
945 1338 1077 1397 vitiariis
1095 1339 1194 1397 iocum
1212 1338 1302 1410 veru,
1326 1337 1376 1417 sic,

230 1453 263 1505 ut
291 1443 468 1505 Columellas
500 1454 531 1504 et
558 1445 653 1523 ipsius
682 1443 801 1505 Catonis
829 1451 987 1524 praecepta
1015 1441 1217 1522 postulabant,
1249 1445 1376 1522 correxi,

228 1555 328 1613 sulcos
351 1559 380 1612 et
402 1552 524 1613 scrobes
545 1554 630 1625 fieri,
657 1554 843 1624 seminariis,
867 1552 999 1611 uitiariis
1022 1553 1121 1610 locum
1144 1552 1231 1611 verti.
1279 1547 1375 1628 neme·

229 1665 333 1737 genter
357 1657 470 1718 Plinius
489 1656 579 1717 XVlll
598 1654 663 1718 243
687 1665 845 1737 praecepta
866 1656 986 1717 Catonis
1005 1674 1067 1716 uua
1091 1674 1160 1716 cum
1183 1657 1221 1716 iis
1245 1655 1376 1736 quande

229 1764 335 1825 iisdem
358 1763 449 1825 rebus
472 1785 497 1824 c.
516 1761 560 1825 50
579 1773 609 1824 et
631 1761 691 1825 131
718 1767 827 1843 scripta
852 1773 922 1824 sunt
944 1765 1093 1844 repetivit,
1117 1780 1193 1843 qnae
1217 1765 1270 1845 sic,
1295 1773 1330 1825 ut
1346 1765 1375 1824 in

229 1890 317 1932 rnanu
346 1873 466 1948 scriptis
494 1870 578 1930 libris
602 1869 755 1950 leguntur,
783 1869 964 1950 adscribam,
996 1872 1069 1931 Cato
1092 1889 1188 1931 uerna
1212 1888 1311 1948 opera
1332 1874 1376 1932 sic

229 1980 347 2052 definit,
375 1973 509 2038 ‘scrobes
534 1980 619 2050 fieri,
647 1980 814 2038 seminaria
839 1980 1025 2058 propnpari,
1056 1981 1088 2037 in
1110 1980 1184 2038 locis
1207 1980 1327 2039 crassis
1348 1984 1377 2038 et

228 2087 338 2145 umidis
367 2088 460 2145 ulmos
485 2088 561 2157 (icas
584 2102 676 2160 poma
704 2088 799 2159 oleas,
833 2078 873 2166 (c.
896 2077 956 2167 50)
979 2092 1075 2161 prata
1101 2088 1277 2146 stercorari
1304 2088 1375 2145 tuna

227 2196 354 2266 sitiente,
379 2209 457 2266 piene
480 2194 573 2266 ripun
597 2207 657 2250 non
680 2199 771 2250 errent
794 2210 814 2250 0
834 2193 913 2265 flatu
934 2189 1059 2265 favonio
1084 2187 1221 2264 defendit
1241 2194 1377 2267 perenn·

228 2298 368 2375 (defendi
398 2306 427 2359 et
454 2300 591 2374 perpuri
617 2295 815 2376 blayholdus),
845 2299 957 2358 herbas
989 2300 1086 2356 malus
1117 2299 1271 2357 radicitus
1300 2300 1376 2372 erui,

225 2409 301 2479 ficos
325 2407 546 2482 interpurpari,
570 2407 736 2465 seminaria
757 2408 831 2477 fieri
850 2411 880 2492 et
897 2411 1001 2464 uetera
1018 2405 1142 2463 sarciri.
1179 2404 1267 2479 baec,
1292 2411 1375 2466 ante-

228 2531 318 2587 quam
346 2516 434 2572 cireen
459 2515 575 2586 llorere
603 2507 755 2587 incipiat’‚
789 2514 926 2585 idemque
952 2504 993 2592 (c.
1020 2503 1111 2590 131),
1138 2505 1219 2586 ‘piro
1244 2513 1375 2585 florente

228 2638 324 2679 arare
343 2622 470 2694 incipiat
488 2636 596 2678 macru
610 2619 830 2693 barenosaque.
860 2626 965 2695 postea
981 2619 1027 2677 uti
1039 2634 1178 2691 quaeque
1189 2621 1374 2692 nravnsima

228 2734 257 2786 et
280 2729 479 2801 uentosissima
503 2728 546 2784 ita
567 2732 719 2801 postremo
742 2718 857 2785 arato'.

317 2830 422 2892 l'ieos
450 2830 546 2891 oleas
576 2830 662 2892 mala
690 2834 768 2910 pira
797 2833 891 2892 uites
920 2833 1033 2891 inseri
1056 2839 1200 2910 oportet
1223 2829 1308 2891 luna
1329 2832 1374 2891 si·

227 2938 330 3016 leutii]
354 2938 474 2998 Catonis
498 2945 654 3018 praecepta
678 2937 714 2998 de
739 2940 880 2999 insitione
904 2957 970 2999 cum
995 2940 1033 2998 iis
1056 2957 1131 3017 qnae
1154 2956 1180 2998 o.
1198 2934 1241 2999 41
1262 2939 1373 3017 scripta

227 3055 297 3105 sunt
315 3045 428 3104 Plinius
448 3043 525 3104 XVll
551 3042 612 3106 111
638 3045 814 3123 composuit,
842 3046 915 3104 Cato
939 3048 1071 3120 araitins
1093 3048 1142 3105 vel
1157 3052 1264 3106 cretae
1282 3047 1373 3106 liare·

226 3170 297 3212 nam
321 3156 485 3225 fimumque
512 3153 654 3211 iuditium
682 3153 828 3211 admiscet
856 3157 947 3225 etque
974 3152 1017 3209 ita
1045 3167 1140 3225 usque
1162 3153 1206 3211 ad
1227 3155 1374 3213 tentarem

192 3250 199 3263 ’
226 3260 329 3333 sabini
357 3261 439 3319 iubet
468 3261 559 3334 idque
586 3261 740 3333 interponi
765 3265 796 3318 et
823 3259 1005 3319 circumlini.
1055 3274 1096 3317 ea
1122 3259 1160 3317 iis
1186 3275 1267 3332 quae
1295 3276 1372 3320 com-

226 3372 376 3427 mentatus
399 3373 443 3426 est
462 3364 559 3441 facile
582 3373 712 3441 apparet
735 3368 787 3425 iila
811 3371 912 3425 aetate
936 3367 1015 3425 inter
1038 3367 1152 3439 lienum
1175 3371 1206 3425 et
1227 3369 1373 3428 corticem

226 3490 283 3532 nec
307 3475 367 3532 atio
390 3474 477 3531 ruodo
501 3476 638 3532 inserere
660 3475 762 3533 solitos
785 3479 839 3532 aut
862 3475 945 3531 ultra
969 3473 1159 3531 latitudinem
1183 3473 1278 3532 duum
1297 3475 1374 3548 dipi-

227 3584 325 3637 torum
349 3580 482 3637 calamos
506 3578 662 3637 demittere
681 3580 847 3648 (dimittere
865 3577 1007 3650 codices),
1049 3579 1146 3638 inseri
1163 3584 1264 3639 autem
1278 3597 1374 3656 prae·

226 3687 299 3760 cipit
328 3687 401 3758 piru
434 3701 473 3742 ac
505 3685 585 3743 mala
614 3702 673 3759 per
705 3703 758 3745 rer
786 3692 815 3745 et
840 3694 908 3762 post
935 3687 1093 3746 solstitium
1121 3686 1227 3745 dielnn
1253 3686 1281 3745 L
1305 3695 1376 3764 post

225 3792 418 3862 vindemiam,
447 3793 530 3850 oleas
557 3797 656 3850 autem
685 3799 714 3851 et
738 3795 814 3864 (icas
839 3810 897 3867 per
925 3809 979 3852 ver
1007 3798 1122 3851 tantum
1146 3794 1220 3852 iuna
1241 3795 1377 3871 sitiente,

226 3898 283 3956 boc
316 3904 359 3957 est
386 3900 484 3978 sicca,
513 3905 679 3973 praeterea
704 3906 772 3974 post
799 3900 956 3959 meridiem
984 3916 1022 3958 ac
1049 3900 1115 3957 sine
1141 3904 1229 3959 vento
1256 3908 1375 3963 austro.

225 3986 342 4063 niirum⁰
362 4007 445 4079 pund
470 4022 530 4065 non
558 4012 715 4065 contentus
744 4008 864 4065 insitum
892 4008 1035 4079 munisse,
1065 4013 1098 4064 ut
1121 4007 1317 4080 dictumest,
1344 4015 1376 4069 et

225 4114 358 4186 caespite
381 4114 420 4171 ab
444 4113 540 4171 imbre
558 4110 789 4186 sriporibusque
804 4116 977 4188 protexisse
996 4130 1034 4171 ac
1053 4113 1190 4172 mollibus
1208 4113 1376 4186 bifidorum

225 4220 367 4277 viminum
400 4216 505 4289 fasces
542 4216 693 4289 (fascibus
726 4215 770 4276 vel
800 4217 909 4293 fasciis
942 4218 1086 4290 editores)
1119 4221 1225 4293 linqua
1257 4220 1375 4282 bubula

225 4324 353 4393 (nerine
378 4325 410 4381 id
429 4342 526 4396 penius
550 4326 607 4394 est)
628 4326 753 4399 insuper
771 4327 872 4400 obtepi
890 4328 971 4386 iubet
990 4343 1116 4399 eamque
1135 4328 1263 4401 inlipari
1283 4345 1372 4405 oper·

225 4437 286 4488 tam
309 4432 490 4490 stramentis.
