2874 4994
329 348 378 403 DE
398 348 487 403 AGRI
507 348 680 405 GVLTVRA
698 350 838 404 LIBRVM
857 349 886 406 0.
905 350 965 406 161
1164 345 1223 408 187

108 519 269 579 parapum
293 506 331 564 ab
355 506 476 565 radice:
503 522 574 564 nam
596 508 625 565 si
646 503 851 580 defrinpatur,
874 509 1057 582 stirpescere
1080 514 1110 567 et
1133 510 1226 568 inter·

108 614 170 671 ori.-
198 615 280 693 uelli,
308 613 404 672 donec
428 615 459 672 im
482 630 582 673 semen
606 620 669 687 eat,
698 615 732 673 id
753 620 854 673 autem
877 620 1085 675 maturescere
1109 616 1152 674 ad
1173 632 1226 674 uer

111 721 262 794 condique
284 736 460 792 cerumar,
484 737 552 779 cum
571 723 754 796 apparuerit
772 737 953 796 asperaque,
975 723 1075 781 sariri
1092 738 1130 781 ac
1149 729 1225 781 ster·

109 828 188 886 uari
209 831 337 902 ac·post
360 843 456 886 annos
487 826 596 901 VIIII,
619 844 688 888 cum
712 829 773 886 iam
796 833 880 888 uetus
898 829 951 900 sit,
975 824 1079 902 diperi
1099 828 1226 889 subacta

109 940 322 1007 ercoratoque,
356 938 417 991 tum
445 935 585 1008 sponpeis
611 936 677 993 seri
701 936 891 1008 singulorum
915 936 1027 1009 pedum
1057 937 1225 995 interuallo.

109 1037 156 1098 uin
178 1047 208 1101 et
226 1041 314 1100 ouillo
329 1042 401 1112 fimo
420 1042 596 1100 nominatim
615 1043 669 1114 uti,
688 1043 830 1115 quoniam
850 1043 938 1101 atiud
949 1041 1061 1102 herbas
1076 1048 1168 1101 creet.
1186 1073 1224 1081 —

109 1142 158 1212 pud
177 1144 319 1205 Catonem
339 1144 540 1206 Schneiderus
564 1150 618 1221 qui
639 1149 750 1208 dadcat
773 1150 928 1208 humorem
951 1155 1007 1207 aut
1029 1164 1167 1208 crassum
1187 1144 1226 1206 le-

109 1249 206 1312 eodum
235 1271 301 1312 esse
330 1255 466 1314 coniecit.
512 1258 566 1329 qui
591 1256 704 1315 habeut
732 1272 865 1329 umorem
889 1263 944 1315 aut
966 1257 1064 1316 iocum
1087 1271 1225 1314 crassum

109 1347 194 1420 'liuius
217 1359 325 1437 legisse
349 1360 475 1421 videtur.

168 1465 231 1528 Ubi
256 1469 326 1527 erit
349 1467 523 1528 subactus
543 1487 643 1529 areas
663 1468 774 1529 lecito
794 1477 832 1529 ut
850 1470 969 1547 possis
988 1468 1113 1529 dextra
1134 1469 1224 1528 sini-

110 1587 224 1653 raque
245 1576 361 1634 sarire
380 1593 536 1635 runcare
556 1595 597 1635 ne
617 1574 779 1636 calcetur
799 1594 875 1636 cum
889 1592 992 1636 areas
1006 1551 1236 1635 deformabis

110 1679 313 1741 teruallum
342 1682 453 1743 iacito
481 1684 576 1743 inter
600 1700 700 1743 arcas
724 1682 939 1762 semipedem
963 1682 1072 1743 latum
1096 1683 1131 1742 in
1154 1700 1225 1741 om·

110 1803 118 1839 ²
173 1787 303 1868 partes]
337 1791 445 1851 Facito
478 1793 558 1850 inter
591 1808 644 1850 eas
674 1793 853 1867 semipedem
880 1788 1032 1850 lucundus
1060 1798 1091 1849 et
1118 1788 1225 1848 deindo

111 1898 186 1973 qui
209 1895 346 1956 editores.
384 1905 418 1957 ut
437 1900 535 1973 possis
559 1900 671 1958 dextra
693 1901 881 1973 sinistruque
901 1901 1005 1959 sarire
1027 1914 1164 1957 runcare
1188 1915 1226 1956 ne
1416 1827 1434 1945 l

111 2011 216 2064 netur
244 2011 312 2082 post
340 2006 433 2063 tatum
462 2007 493 2063 in
517 2021 617 2064 omnes
638 2011 744 2081 partes
768 2004 988 2084 transponenda
1012 2021 1078 2063 esse
1103 2001 1224 2062 Schnei·
1387 1960 1416 2111 s

111 2124 173 2168 us
196 2112 332 2170 coniecit.
806 2123 810 2130 '
1362 2171 1373 2189 ,

168 2213 187 2277 2
206 2215 279 2287 Quo
298 2234 388 2276 anno
408 2219 550 2277 sorrecis
565 2219 821 2278 sostrementis
841 2235 903 2296 per
917 2217 1066 2277 hiemem
1082 2219 1224 2297 operito
1346 2194 1363 2273 ,f

155 2321 384 2402 praenratur]
418 2325 655 2386 Substramentis
683 2323 760 2385 edita
788 2323 858 2384 indo
887 2343 903 2385 a
930 2325 1065 2403 principe
1094 2325 1224 2385 editione
1317 2374 1325 2407 .·

112 2430 264 2510 :mplaria
309 2433 499 2492 substramen
527 2430 601 2492 dixit
625 2430 715 2492 Varro
740 2449 763 2492 r.
787 2449 812 2492 r.
835 2429 999 2512 11110,4,
1028 2431 1079 2492 sed
1109 2432 1224 2491 diversa

121 2555 207 2598 «sne.
244 2538 281 2598 de
305 2540 476 2598 stramentis
497 2538 600 2599 eadem
617 2540 844 2618 praecipiuntur
863 2539 894 2600 in
913 2547 1086 2619 cupresseto
1108 2535 1180 2621 151,
1193 2536 1225 2619 4,
1255 2576 1270 2607 ,ι

152 2663 250 2705 semen
268 2653 367 2705 satum
386 2649 450 2721 siet,
469 2650 643 2707 stramentis
661 2649 786 2722 operiri.
823 2655 853 2705 et
871 2644 928 2706 hoc
947 2644 1018 2725 legit
1037 2645 1150 2707 Plinius
1166 2645 1184 2706 l.
1199 2665 1224 2708 c.
1243 2610 1255 2680 l

113 2767 175 2813 mo
198 2770 279 2813 anno
302 2761 467 2815 stramento
490 2755 529 2814 ab
552 2756 649 2815 lrieme
669 2756 799 2830 protegi.
836 2752 888 2812 sed
913 2751 1104 2814 scribendum
1124 2755 1224 2833 potins

113 2864 143 2915 t.
173 2878 231 2936 pua
264 2878 345 2921 anno
373 2863 487 2921 seueris
515 2879 628 2934 semen,
661 2863 835 2921 stramentis
860 2879 919 2936 per
946 2861 1071 2922 hiemem
1099 2865 1225 2938 aperito.

113 2965 185 3027 nde
205 2976 399 3044 procuratur
422 2967 479 3027 luit
502 2969 532 3027 iu
557 2967 725 3048 archetypo,
750 2985 928 3047 quamquam
949 2974 1121 3044 peroratur
1145 2966 1223 3029 vide·

157 3075 186 3134 in
208 3073 310 3135 codice
334 3073 506 3135 Florentino
530 3074 544 3133 i
564 3075 710 3153 scriptum
734 3092 799 3134 esse
823 3082 853 3135 et
872 3083 1067 3151 perurantur
1090 3076 1120 3134 iu
1144 3072 1224 3135 Pari·

113 3194 147 3237 ο
175 3183 207 3241 Α.
262 3200 301 3242 ne
332 3186 438 3258 ripere
466 3188 639 3258 pcrurutur
670 3179 836 3261 locandos,
868 3199 907 3241 ne
935 3189 1109 3257 peroratur
1140 3189 1223 3244 recte

114 3290 236 3349 storius.

167 3392 187 3456 3
211 3395 335 3455 Semen
355 3406 531 3457 maturum
551 3397 595 3456 lit
614 3395 652 3456 ad
673 3404 878 3457 autumnum
898 3397 945 3456 ita
966 3414 1042 3456 cum
1066 3413 1225 3475 sumpse·

119 3517 133 3559 s
154 3520 271 3563 semen
294 3502 495 3581 incondito]
520 3502 728 3582 Neglegentiae
747 3502 834 3563 Plinii
856 3502 1048 3563 tribuendum
1066 3518 1133 3564 esse
1151 3509 1223 3582 poto

114 3608 158 3667 rod
190 3610 226 3668 de
255 3612 367 3670 semine
395 3611 530 3689 asparagi
558 3617 587 3670 et
615 3608 651 3670 de
680 3611 745 3689 ipso
774 3628 915 3689 asparago
944 3609 1128 3670 incendendo
1157 3608 1214 3669 lc

117 3716 196 3797 cibit,
230 3720 264 3778 id
294 3724 394 3778 autem
423 3724 629 3778 maturescere
656 3719 700 3777 ad
726 3734 780 3778 uer
808 3720 997 3792 incendique.
1049 3732 1116 3778 nam
1144 3715 1223 3794 quod

116 3842 168 3904 pra
196 3826 340 3903 scriptum
369 3832 446 3905 erat,
475 3826 564 3884 tertio
592 3841 669 3884 anno
697 3841 872 3903 asparagum
901 3842 992 3884 verno
1020 3833 1153 3904 tempore
1181 3825 1224 3883 in·

116 3931 265 3992 ndendum
294 3950 374 4010 esse,
401 3929 460 3990 huc
491 3949 608 4010 quoqne
637 3929 825 3992 transtulisse
854 3932 978 3991 videtur.
1025 3933 1059 3990 id
1080 3939 1224 3992 autumna

115 4048 297 4114 uturescere,
325 4041 369 4099 ad
395 4057 448 4099 uer
476 4041 599 4099 incendi
626 4037 790 4098 Pontedera
819 4057 846 4116 p.
872 4033 913 4099 89
943 4035 1133 4096 scribendum
1157 4054 1223 4096 osse

115 4147 218 4226 eiecit,
247 4149 280 4207 id
305 4153 450 4207 autumno
478 4154 686 4207 maturescere
713 4163 752 4205 ac
776 4147 913 4221 decerpi,
943 4145 1124 4219 incendique
1147 4141 1223 4222 May·

116 4253 193 4312 ffins.
249 4251 285 4312 de
323 4251 516 4331 scopionibus
551 4253 686 4330 asparagi
718 4258 859 4312 autumno
893 4248 1086 4310 incendendis
1118 4249 1224 4310 scribit

118 4358 238 4420 lamella
258 4356 403 4438 Χ13,46
428 4361 538 4420 deinde
562 4376 630 4420 cum
653 4361 772 4434 spinam
791 4356 913 4437 fecerit,
936 4359 1039 4418 electis
1061 4359 1224 4417 seminibus

116 4471 148 4529 is
167 4469 326 4542 scopiones
345 4469 397 4546 itu,
421 4469 468 4527 uti
484 4474 562 4540 sunt,
582 4469 613 4525 in
632 4442 694 4526 suo⁴
706 4469 771 4527 loco
784 4466 960 4544 perurendi
975 4469 1047 4525 sunt
1064 4470 1094 4525 et
1113 4466 1224 4524 deinde

1413 886 1432 927 ἡ
