2874 4994
341 106 391 164 DE
409 109 498 166 nont
517 110 690 167 CVLTVRA
709 113 849 169 LIBRVM
869 113 899 171 C.
917 113 1091 172 125-128
1230 108 1290 173 131

142 257 239 323 αὐτά.
291 266 391 326 vinum
420 285 456 328 en
482 270 545 348 ipsa
578 268 676 330 radice
710 271 824 350 origani
857 271 966 331 lactum
1000 273 1147 350 signifieat
1179 272 1293 332 Plinius

143 367 306 452 xlt105‚
334 392 374 434 ex
401 377 448 436 itae
476 394 556 452 quae
584 381 615 438 in
643 380 738 438 itortis
764 382 935 454 pianuntur
962 382 999 452 fit
1022 382 1123 439 einum
1147 399 1164 439 e
1187 382 1295 440 radice

140 483 308 555 asparapi,
343 485 459 564 cunita,
492 488 630 560 arianae.
677 484 728 545 sed
757 504 861 564 parum
891 494 957 565 apte
986 486 1022 545 de
1050 485 1137 546 melle
1166 495 1196 546 et
1228 488 1294 545 vino

139 584 257 683 dicitur
288 592 451 670 conterite,
484 592 562 670 quod
595 591 631 652 de
666 601 733 653 tore
762 595 863 672 potins
891 592 1050 653 dicendum
1082 600 1154 652 erat.
1203 611 1295 671 quare

139 704 281 754 correcta
303 713 394 774 prava
417 695 575 758 verborum
599 700 823 779 coniunctione,
853 719 928 778 qaae
952 699 1022 760 olim
1046 707 1118 781 erat,
1142 708 1210 778 post
1233 703 1294 760 ori·

137 805 247 876 puniti
272 802 372 863 addidi
401 806 607 882 imperativum
632 809 747 867 addito.
794 814 946 885 praeterea
970 809 1069 867 iubeto
1094 808 1215 887 scripsi,
1244 805 1295 866 ubi

139 908 174 967 in
198 925 291 970 manu
314 911 434 989 scriptis
457 910 542 971 libris
566 915 647 973 iubet
669 913 793 994 legitur,
816 916 846 973 in
870 913 959 974 editis
984 911 1202 992 exemplaribus
1226 914 1296 974 iube

140 1032 179 1073 ex
208 1017 345 1094 principe
374 1017 502 1079 editione
533 1028 686 1098 receptum
715 1030 790 1081 erat:
829 1040 896 1081 nam
925 1021 979 1081 hac
1011 1022 1179 1098 imperativi
1202 1020 1295 1080 iorma

140 1120 217 1182 Cato
242 1125 286 1184 uti
310 1126 472 1204 consuevit,
496 1128 670 1186 incenatum
695 1128 795 1187 iubeto
817 1145 896 1188 esse:
915 1130 1066 1204 postridie
1084 1130 1163 1187 turis
1182 1130 1293 1189 dracia-

139 1247 225 1290 mam
259 1249 351 1292 unam
378 1235 527 1293 conterite
558 1240 587 1293 et
617 1236 676 1294 mei
702 1241 820 1294 coetum
849 1236 1027 1295 drachmam
1056 1252 1148 1295 anam
1177 1247 1207 1295 et
1234 1237 1299 1296 nini

137 1341 315 1399 sextarium
337 1342 486 1415 oripaniti
507 1342 620 1400 addito.
669 1343 741 1402 dato
766 1343 875 1402 ieiuno.

236 1445 389 1505 CXXVIII
408 1445 674 1507 Habitationem
695 1447 859 1508 delatore
880 1455 1011 1508 terram
1029 1467 1131 1526 quam
1147 1451 1294 1510 maxime

139 1559 324 1612 cretosam
349 1552 406 1613 ael
429 1553 656 1614 rubricosum
680 1574 719 1614 eo
739 1572 917 1615 amurcam
936 1550 1135 1636 iniundito]
1156 1557 1191 1616 Si
1207 1558 1294 1616 babi-

138 1662 289 1721 tatr'onem
321 1662 460 1722 detutare
491 1665 535 1721 ab
562 1664 592 1721 in
622 1663 719 1722 indice
747 1661 945 1741 capitulorum
975 1665 1119 1741 scriptum
1150 1671 1208 1744 est,
1242 1663 1293 1724 sed

138 1767 371 1828 Habitationem
395 1770 535 1829 delatore
558 1770 588 1828 in
614 1768 740 1829 rubrica,
786 1774 815 1829 si
836 1772 1052 1830 habitationem
1080 1773 1219 1830 deteriore
1243 1773 1294 1850 ais,

137 1882 261 1933 terram
271 1891 361 1949 quam
375 1878 507 1938 maxime
521 1884 671 1935 cretosum
686 1880 733 1936 aei
746 1878 938 1936 rubricosum
952 1879 1070 1956 sumito,
1085 1894 1119 1936 eo
1134 1894 1292 1937 amurcam

137 1979 297 2056 infundite
327 1979 488 2062 victorius,
525 2001 612 2061 quem
646 1983 752 2043 deinde
787 1983 895 2062 reliqui
928 1983 1058 2042 editores
1091 1985 1186 2043 secuti
1216 1992 1293 2043 sunt.

136 2089 360 2150 habitationem
384 2092 519 2151 detutate
542 2099 628 2150 terra
651 2109 742 2166 auam
765 2095 897 2152 manime
915 2100 1036 2151 cretosa
1057 2094 1104 2150 aet
1121 2093 1293 2164 rubricoso,

137 2213 175 2256 eo
200 2212 360 2257 amurcam
384 2196 536 2272 infundite
564 2199 595 2256 Α.
620 2196 786 2258 Gronovius
810 2197 886 2276 apud
913 2196 1129 2256 Schneiderum
1153 2199 1289 2256 coniecit.

137 2303 264 2363 vestitui
278 2301 435 2364 lectionem
451 2304 612 2384 archetypi,
627 2306 656 2363 in
673 2324 729 2384 qua
744 2306 908 2365 infinitivus
923 2306 1139 2365 liabitatioaem
1155 2305 1294 2365 deiotare

141 2428 205 2470 non
234 2410 334 2472 addito
364 2410 453 2472 verbo
482 2413 565 2472 linito
593 2414 708 2490 positus
737 2421 783 2473 est
810 2420 954 2472 consueto
982 2413 1012 2470 in
1036 2412 1204 2489 praeceptis
1228 2428 1294 2491 usn,

137 2518 231 2578 cuius
255 2517 388 2598 exempla
412 2519 480 2580 dedi
504 2539 528 2580 c.
551 2516 622 2581 110.
659 2521 846 2580 accusativus
870 2527 969 2580 autem
991 2527 1108 2578 terram
1133 2519 1204 2577 item
1228 2520 1292 2577 sino

142 2623 247 2705 verbo,
267 2629 318 2686 sed
339 2635 482 2705 sequente
502 2626 699 2707 adverbium,
719 2625 755 2686 ab
770 2628 855 2686 initio
871 2628 1017 2687 enuntiati
1030 2626 1156 2704 positus,
1177 2633 1293 2685 terram

139 2750 237 2808 wan
264 2737 396 2793 maxime
424 2743 574 2794 cretosum
604 2738 652 2795 aet
674 2736 867 2794 rubricosum
890 2752 925 2794 eo
950 2750 1107 2794 amurcam
1132 2730 1293 2808 infundite,

100 2822 109 2832 ⁶
139 2837 170 2899 b.
192 2857 218 2898 c.
243 2833 285 2900 ‘ln
310 2846 420 2899 terram
443 2858 594 2900 amurcam
617 2834 793 2921 inlnndito',
819 2839 995 2901 tribuendus
1020 2847 1065 2898 est
1089 2839 1292 2918 neglegentiae

138 2945 276 3027 dicendi,
311 2965 384 3025 quae
415 2948 531 3007 videtur
553 2947 686 3027 prolecta
710 2967 775 3008 esse
799 2947 835 3009 ab
859 2967 916 3008 usu
940 2946 1163 3008 demonstrativi
1186 2965 1293 3026 prono-

140 3056 234 3115 minis
257 3061 325 3133 post
349 3056 465 3114 nomina
490 3072 561 3114 casu
586 3056 753 3115 accusativo
776 3056 952 3134 anteposita,
976 3053 1012 3114 ad
1033 3072 1107 3131 quae
1127 3072 1292 3132 pronomen

139 3161 287 3242 retertur,
315 3160 419 3220 eodem
447 3179 518 3222 casu
548 3163 680 3240 repetiti:
719 3157 792 3238 5,3
821 3164 935 3221 amieos
963 3163 1077 3220 domini
1104 3179 1154 3221 eos
1181 3163 1294 3221 babeat

139 3269 204 3328 eibi
226 3270 348 3348 amicos,
372 3264 439 3348 8,1
466 3268 627 3344 africanas
651 3275 680 3327 et
703 3268 905 3328 herculaneas
928 3300 963 3309 -
987 3285 1039 3328 eas
1064 3270 1096 3327 in
1119 3271 1184 3327 ioco
1206 3285 1292 3328 eras-

139 3378 225 3436 eiore
252 3383 307 3434 aut
333 3383 504 3436 stercorato
527 3379 636 3449 serito,
664 3372 703 3433 ib.
723 3371 744 3434 2
766 3376 821 3434 sub
845 3376 921 3435 urbe
944 3376 1064 3436 bortum
1088 3391 1174 3434 omne
1195 3392 1293 3450 penus

141 3514 184 3524 -
215 3483 293 3542 haec
318 3480 425 3556 sacito'
444 3485 491 3543 uti
515 3489 674 3555 serantur,
707 3479 747 3542 31
755 3479 809 3561 ‚2
843 3485 970 3542 atmeam
999 3485 1123 3558 pineam
1156 3498 1292 3561 nuceam,

139 3589 224 3648 bane
245 3595 337 3662 atque
356 3590 448 3648 aliam
467 3592 624 3649 materiem
643 3606 758 3649 omnem
780 3606 847 3648 aum
863 3590 997 3668 effodies,
1017 3591 1091 3648 etin
1112 3590 1292 3648 nominativo

142 3691 258 3776 157,3
286 3712 401 3756 cancer
429 3703 498 3755 ater
526 3698 551 3755 is
579 3698 656 3767 otet,·
688 3698 759 3756 item
789 3696 818 3755 in
847 3694 986 3754 adverbIo
1016 3697 1062 3754 ibi
1088 3693 1154 3754 cli
1183 3700 1291 3755 satiato

138 3805 218 3863 iocis
245 3805 367 3877 aquosis
394 3805 521 3862 umectis·
548 3804 697 3877 umbrosis
720 3809 849 3879 propter
878 3818 980 3861 amnes
1009 3802 1052 3859 ibi
1074 3804 1139 3860 seri
1160 3809 1292 3875 apertam

140 3919 171 3971 et
198 3919 268 3989 post
297 3908 418 3970 relativa
446 3911 620 3988 pronomina
650 3907 722 3991 a,1
749 3913 779 3970 in
803 3926 881 3984 aare
904 3925 1010 3968 crasso
1030 3915 1059 3968 et
1083 3907 1172 3965 caldo
1195 3909 1292 3965 oleam

140 4019 334 4091 coactiliriam,
358 4020 480 4078 raetiam
504 4021 659 4097 maiorem,
682 4019 874 4077 satientinam
902 4046 935 4056 -
959 4030 1049 4089 auam
1073 4029 1180 4072 earnm
1200 4016 1230 4072 in
1251 4015 1288 4072 iis

141 4128 217 4186 iocis
240 4127 383 4200 optimam
407 4126 510 4185 dicent
531 4143 605 4205 esse,
629 4142 695 4184 eam
719 4126 852 4183 manime
869 4124 970 4194 serito,
995 4115 1084 4202 20,1
1106 4123 1293 4180 columellam

137 4231 293 4308 ferream,
331 4248 410 4306 quae
446 4233 477 4291 in
515 4234 648 4291 miliario
684 4237 758 4309 stat,
795 4247 862 4290 eam
899 4235 1015 4288 rectam
1050 4235 1134 4287 stare
1167 4234 1292 4303 oportet,

1041 4327 1076 4381 9*
