2874 4994
175 315 239 381 180
532 322 722 378 COMMENT.
741 322 781 376 IN
799 320 956 377 CATONIS

263 475 282 539 9
312 476 437 538 Postea
471 477 570 538 lerue
604 476 693 538 bene
726 475 852 555 tacito]
887 479 996 539 Postea
1028 478 1104 538 dene
1132 476 1276 554 [arneson

174 587 252 646 edita
280 593 346 645 ante
371 584 533 645 victorium
557 584 743 663 exernplaria.
790 580 893 644 ‘Ferre
918 584 993 645 bene
1017 585 1119 645 lecito:
1147 583 1248 645 Prisca
1268 602 1276 643 t

174 693 245 753 baec
269 693 371 774 lectio,
395 711 481 771 quam
501 693 682 770 recepimus:
720 690 980 751 animadvertimus
1000 692 1078 751 enim
1098 688 1134 750 Μ.
1156 688 1276 750 Varrone

174 801 277 859 eodem
301 809 386 878 pacto
410 797 551 877 locutum,
575 801 601 858 si
629 799 749 876 optimis
775 816 809 858 ac
832 800 1042 858 vetustissimis
1066 795 1221 858 codicibus
1243 797 1276 857 lid

174 906 307 967 lrabenda
326 914 379 966 est.
408 904 443 965 de
463 904 652 984 agricultura,
671 903 723 964 ubi
742 903 779 964 de
794 904 889 965 modis
904 923 1042 984 agrorum
1057 904 1179 964 disserit
1194 902 1220 981 [l
1230 900 1276 984 9,t

174 1013 256 1085 Quae
275 1013 336 1074 sole
356 1014 490 1093 perferre
506 1013 544 1071 ita
560 1013 601 1092 lit,
621 1021 654 1072 ut
669 1011 783 1072 radices
798 1021 929 1072 satorum
944 1010 1107 1072 comburat.
1135 1009 1173 1070 de
1184 1007 1276 1070 vitata

174 1120 360 1202 pastionibus
389 1118 442 1197 [lll
464 1116 567 1200 4,1]:
596 1118 750 1197 Sexaginta
780 1121 858 1178 enim
887 1118 976 1179 millia
1004 1117 1161 1179 Fircellina
1190 1135 1276 1178 ercan

175 1247 222 1289 me
247 1231 382 1289 lecerunt
407 1221 578 1304 cupiditate'
603 1225 759 1287 Victorius.

266 1333 307 1397 10
340 1335 381 1394 Et
413 1335 479 1394 hoc
512 1334 686 1412 siquando
715 1352 801 1393 usus
830 1335 973 1393 uenerit
1000 1335 1063 1411 qui
1091 1330 1226 1393 debilis
1252 1350 1276 1392 et

176 1443 261 1502 llaec
285 1459 342 1501 res
367 1459 488 1501 sanum
513 1441 631 1499 lacere
655 1438 789 1518 potest]
817 1440 853 1499 Et
876 1442 933 1500 ltoc
951 1442 1101 1515 siquando
1119 1457 1178 1500 usu
1197 1456 1276 1500 venet

176 1559 209 1609 ut
223 1552 291 1624 quis
301 1551 407 1609 debilis
416 1552 481 1620 siet,
496 1550 573 1608 ltaec
583 1565 750 1608 ressanum
757 1547 867 1624 [acere
873 1555 972 1624 potest
981 1545 1142 1606 lucundus,
1161 1546 1276 1607 lectioni

176 1656 326 1735 archetypi
352 1655 498 1716 Victorius
523 1657 667 1735 restituit,
696 1664 725 1715 et
747 1658 817 1729 boc,
844 1658 994 1731 siquando
1014 1673 1086 1715 usus
1109 1658 1240 1727 uenerit,
1267 1673 1276 1729 q

177 1766 282 1824 debilis
306 1767 374 1837 erit,
397 1766 474 1823 baec
493 1782 543 1824 res
561 1781 668 1824 sanum
685 1761 795 1838 facere
810 1770 916 1839 potest,
936 1762 963 1821 b.
979 1781 1004 1821 e.
1021 1769 1051 1822 et
1066 1761 1122 1821 ltoc
1137 1761 1174 1820 de
1190 1760 1273 1821 brass

176 1871 344 1931 addendum
373 1878 431 1950 est,
460 1889 527 1930 eum
552 1873 601 1949 qui
626 1868 732 1931 debilis
755 1878 809 1949 est,
833 1872 858 1930 si
883 1872 923 1930 ita
946 1869 1066 1948 accidit,
1095 1885 1200 1928 sanum
1225 1868 1276 1928 iace

177 1987 282 2055 potest.
329 1995 396 2036 nam
424 1983 453 2037 et
480 1979 537 2038 boc
565 1977 697 2037 additum
725 1985 783 2057 est,
811 1985 844 2037 ut
872 1995 945 2037 nova
970 1977 1118 2036 brassicae
1143 1975 1209 2036 laus
1232 1977 1276 2053 sig

177 2085 291 2162 licetur,
315 2085 358 2142 sic
382 2091 415 2143 ut
437 2092 539 2160 postea
565 2090 595 2143 et
616 2085 674 2143 boa
693 2086 821 2159 amplius
840 2092 870 2143 et
889 2102 913 2142 c.
929 2079 970 2142 57
990 2085 1048 2143 ltoc
1067 2086 1198 2158 amplius
1212 2083 1276 2144 Sata

176 2193 296 2252 natibus
320 2199 350 2250 et
371 2191 585 2267 Compitalibus
609 2194 640 2250 in
663 2193 797 2265 stapulas
819 2193 953 2250 nomines
977 2194 1101 2265 congios
1121 2191 1207 2270 IIIS,
1229 2185 1269 2250 94

176 2301 234 2359 ltcc
253 2301 389 2373 amplius,
414 2315 482 2357 curn
500 2316 554 2357 aar
573 2301 701 2373 adpetet,
726 2304 841 2358 terram
861 2299 1052 2372 adoqqerato
1072 2298 1156 2368 bene,
1182 2293 1276 2357 itta

177 2409 306 2482 amplius
337 2421 395 2479 qno
428 2406 514 2465 modo
545 2407 665 2464 uilicum
694 2407 740 2464 uti
765 2411 889 2480 oportet.
920 2437 959 2445 —
988 2405 1140 2478 siquando
1168 2411 1276 2481 praeterr

108 2566 123 2607 ,κ
177 2511 286 2590 legitur
311 2506 418 2588 151,t
441 2513 591 2583 siquando
615 2528 674 2570 non
695 2514 787 2586 pluet.

266 2617 313 2676 Eo
341 2615 518 2676 hominem
545 2614 729 2675 demittite
758 2617 830 2675 cito
855 2634 977 2676 sanum
1001 2615 1112 2676 faciet
1136 2617 1198 2678 bac
1219 2634 1276 2677 curt

178 2728 287 2787 Facies
307 2742 340 2783 ex
362 2721 466 2782 Aldina
485 2720 614 2782 editione
634 2722 835 2783 Schneiderus
854 2723 948 2803 dedit3
972 2732 1001 2783 et
1020 2722 1158 2784 similiter
1176 2726 1276 2803 scriptu

178 2842 224 2892 est
247 2848 335 2910 supra
360 2829 380 2905 ἓ
400 2827 419 2891 8
443 2832 503 2890 ltoc
526 2833 631 2890 eadem
650 2833 811 2891 curatione
828 2847 936 2890 sanum
951 2829 1052 2905 socies
1072 2839 1102 2889 et
1121 2841 1220 2910 postea
1236 2826 1274 2906 §l

177 2946 285 3002 sanum
305 2938 413 3015 [acies.

268 3043 307 3107 11
342 3044 385 3104 Et
417 3046 447 3104 si
479 3043 608 3104 mulier
640 3062 681 3104 eo
710 3043 799 3105 lotio
833 3044 931 3105 locos
963 3043 1102 3105 louebit
1135 3059 1276 3123 numquit

177 3154 313 3215 umseri
341 3149 445 3229 sient]
470 3153 640 3226 Nunquam
669 3155 693 3212 ii
717 3156 813 3213 virosi
835 3156 912 3225 fient
939 3151 1016 3212 edita
1044 3152 1114 3211 inde
1143 3171 1158 3210 a
1186 3151 1276 3231 princip

179 3261 308 3323 editione
340 3258 526 3337 exemplaria.
578 3263 678 3320 uitiosi
700 3263 776 3332 fient
804 3257 1005 3318 Schneiderus
1033 3260 1169 3319 coniecit.
1216 3260 1276 3318 nun

174 3371 258 3443 fient,
282 3365 360 3446 quod
385 3368 415 3425 iu
439 3365 541 3426 codice
566 3364 697 3425 lllediceo
721 3384 751 3426 m
775 3368 918 3444 scriptum
943 3373 996 3445 est,
1020 3363 1057 3424 de
1082 3365 1185 3426 morbo
1207 3363 1276 3424 dictu

178 3466 243 3536 esse
267 3473 398 3551 Georges
423 3490 475 3550 per
499 3472 613 3532 litteras
637 3472 707 3532 milri
733 3473 916 3551 significavit.

267 3579 333 3641 Ubi
366 3581 400 3638 in
434 3578 840 3657 scutra‚lerueleceris]
875 3581 910 3640 In
943 3583 1055 3641 cltutra
1087 3579 1245 3656 lucundus,
1272 3593 1276 3633 t

177 3696 284 3749 scutra
316 3704 351 3745 ex
384 3685 486 3745 codice
520 3684 667 3746 Victorius
700 3688 838 3746 restituit.
889 3685 976 3763 gloss.
1010 3685 1190 3765 graeco-lat
1221 3678 1276 3745 nl

178 3815 206 3875 p.
230 3788 305 3873 325,
327 3790 364 3853 11
393 3791 530 3874 χαλκίον
556 3802 676 3854 scutra:
713 3792 798 3853 Plnut
825 3793 905 3854 Pers.
930 3791 972 3856 88
1001 3797 1077 3855 dene
1099 3804 1133 3855 ut
1155 3795 1276 3856 instuit

179 3905 366 3963 conculeant.

266 4006 313 4068 Eo
345 4005 474 4067 mulier
505 4007 645 4069 adsidat
673 4010 813 4086 operito
841 4010 976 4069 circum
1005 4011 1219 4068 uestimenta
1242 4022 1273 4065 ea

179 4111 274 4197 dato]
304 4116 424 4189 Operito
449 4113 516 4173 libri
540 4133 629 4175 manu
653 4117 757 4193 scripti
776 4126 806 4175 et
825 4114 915 4175 editio
935 4114 1065 4175 Victorii.
1100 4117 1130 4175 in
1148 4114 1232 4175 editis
1248 4128 1276 4170 an

180 4240 247 4283 eum
271 4219 490 4297 exemplaribus
513 4225 629 4298 aperito
652 4224 794 4282 omissum
819 4231 894 4301 erat,
922 4239 1011 4299 prava
1036 4223 1175 4299 opinione
1199 4220 1232 4279 de
1256 4217 1276 4276 fit

178 4328 450 4407 antiquissimarum
465 4327 629 4388 editionum
643 4338 786 4407 concepta
803 4328 1004 4389 Schneiderus
1018 4336 1170 4408 tamquam
1185 4327 1276 4406 spuriu

179 4434 307 4496 inclusit.
