2874 4994
151 334 215 399 124
508 342 700 401 COMMENT.
717 345 757 400 IN
777 344 935 401 CATONIS

149 501 364 561 habitationem
388 503 535 575 delatore,
559 508 588 561 et
611 503 642 561 in
667 503 739 580 ipsis
763 503 930 581 praeceptis
954 497 1281 582 ternionem

149 610 282 669 condere
300 611 348 668 rel
363 610 493 682 succure,
515 604 587 689 156,
603 606 621 669 'l
637 617 743 686 posteo
759 611 830 670 inde
844 613 991 670 fusculum
1002 608 1156 685 srioidum
1168 609 1282 671 sorbere

149 719 290 792 enipeum
311 717 479 775 brassicam
498 707 585 778 esse.
603 716 717 777 facilius
736 717 872 776 infinitivi
893 718 967 777 ratio
987 716 1171 796 perspicitur
1188 716 1220 776 in
1236 714 1283 797 hir,

148 819 178 902 2,
193 818 214 883 5
237 840 316 896 quoe
335 826 454 897 reliquo
473 842 567 900 opero
586 828 646 884 sint
665 842 780 885 curare
798 827 846 884 uti
859 827 1065 900 perficiuntur
1083 830 1115 882 ct
1134 818 1223 903 61,2
1241 824 1285 883 nii

148 932 271 990 radices
290 931 365 990 bene
384 935 550 1006 operueris,
570 934 697 992 cufcme
715 933 797 991 bene.
836 930 961 990 similem
970 929 1157 995 ltremta'dcm
1176 929 1284 992 (licendi

149 1039 178 1096 in
202 1039 369 1097 accusativo
394 1055 463 1097 casn
489 1040 640 1099 nominum
665 1035 905 1100 notaric.135.

234 1143 302 1204 CXI
329 1142 454 1205 Vinum
483 1145 516 1205 id
545 1145 635 1225 quod
672 1145 816 1226 putabis
848 1163 972 1225 aquam
1003 1143 1138 1206 habere
1170 1144 1284 1205 eodem

146 1249 296 1335 mittito]
321 1253 366 1312 Eo
389 1228 535 1314 dimittito
559 1255 674 1332 scripsi.
714 1272 779 1314 nam
804 1271 901 1333 neque
926 1255 1029 1314 eodem
1051 1251 1089 1312 de
1110 1251 1285 1333 vasculo,iu

146 1359 225 1437 qnod
249 1358 344 1420 soltun
369 1360 469 1420 vinum
494 1360 668 1441 infunditur,
685 1361 750 1421 dici
774 1367 891 1441 poterat
913 1378 1010 1441 neque
1030 1362 1141 1421 mittito
1160 1358 1199 1420 dc
1218 1361 1284 1441 rino,

146 1467 224 1545 quod
249 1485 284 1526 eo
308 1467 483 1527 infunditur.
530 1464 707 1547 quamquam
732 1470 890 1529 demittere
913 1467 949 1528 de
972 1468 1040 1526 rino
1064 1465 1112 1526 rel
1135 1484 1213 1546 aqua
1239 1485 1284 1546 pro

146 1573 310 1649 infundere
334 1574 445 1635 dictum
470 1592 535 1634 esse
559 1573 596 1633 ah
619 1573 684 1634 aliis
708 1592 767 1634 non
791 1575 917 1634 invenio.
955 1572 1005 1632 sed
1026 1571 1063 1631 de
1082 1574 1176 1633 variis
1195 1571 1284 1653 rebus,

147 1699 221 1759 quae
250 1682 280 1740 in
308 1698 414 1759 aquam
443 1680 487 1740 vel
516 1684 546 1741 in
570 1680 655 1741 aliam
683 1700 746 1741 rem
770 1680 912 1760 liquidam
937 1660 1141 1762 imittuntur,
1164 1678 1235 1741 Cato
1256 1698 1284 1739 eo

146 1787 236 1849 verbo
252 1805 325 1848 usus
339 1795 385 1847 cst
399 1806 496 1868 saepe,
516 1808 542 1849 c.
557 1786 608 1850 81.
628 1785 720 1867 88,2.
741 1783 907 1850 101.110.
929 1783 1001 1847 120.
1021 1780 1096 1866 156,
1106 1783 1136 1847 2.
1157 1784 1232 1867 157,
1245 1783 1284 1867 10,

146 1904 175 1956 ct
199 1895 235 1954 de
255 1894 384 1956 sterculis
403 1894 543 1956 arborum
563 1895 608 1956 rel
628 1893 792 1956 seminibus
812 1897 841 1955 in
862 1903 972 1956 terram
992 1895 1125 1955 inmissis
1146 1896 1285 1955 constanti

144 2005 175 2062 in
200 2021 233 2063 ea
257 2020 289 2061 re
315 2020 384 2062 usu:
408 2002 444 2063 cf.
467 2001 539 2083 161,
557 2001 587 2064 4.

234 2108 315 2169 CXII
339 2110 469 2189 Aquam
489 2129 528 2170 ex
548 2111 619 2171 alto
639 2112 812 2170 marinam
832 2111 962 2170 sumito
981 2110 1069 2168 mari
1089 2107 1284 2189 tranquilia

144 2236 221 2277 cum
246 2225 376 2278 rreutns
400 2236 467 2278 rron
492 2221 562 2278 erit
586 2217 663 2277 dies
681 2216 758 2277 Lxx
778 2226 860 2278 ante
881 2217 1097 2278 uindemiam
1118 2235 1188 2296 quo
1207 2234 1286 2297 aqua

144 2324 261 2385 dulcis
281 2342 349 2384 non
369 2323 576 2404 perueniet]
598 2328 655 2387 llic
669 2326 763 2385 Ll'X
778 2325 872 2384 codex
886 2323 1037 2385 Mediceus
1051 2342 1090 2404 m,
1110 2326 1162 2402 die
1175 2332 1285 2402 septun-

142 2435 258 2509 qesimo
278 2428 438 2492 lucendus.
467 2435 666 2493 accusativum
688 2435 752 2494 dies
768 2436 963 2509 septuuqiotn
980 2431 1187 2511 neglegentiae
1203 2432 1285 2509 scrip·

144 2541 217 2599 toris
241 2537 470 2617 relinquendum
494 2558 559 2600 esse
584 2542 693 2619 putavi.
721 2540 871 2601 indicatur
894 2542 972 2600 enim
992 2541 1122 2618 spatium
1142 2539 1286 2618 temporis,

144 2646 222 2725 quod
248 2655 293 2706 est
317 2645 353 2705 ab
377 2664 412 2705 eo
435 2646 492 2726 die,
516 2666 573 2726 quo
598 2666 671 2726 aqua
697 2667 732 2707 ex
757 2623 831 2708 mari
855 2650 993 2721 sumitur,
1017 2665 1113 2727 usque
1137 2645 1175 2707 ad
1196 2644 1286 2707 vinde·

144 2755 242 2833 miam,
265 2753 301 2813 ad
326 2772 413 2833 quam
437 2772 512 2832 aqua
536 2756 648 2814 marina
672 2755 814 2815 servanda
839 2762 893 2816 est.
931 2754 1068 2815 similiter
1087 2762 1210 2835 tempus
1227 2762 1288 2833 post

144 2862 321 2922 vindemiam
350 2861 533 2940 significatur
560 2865 590 2922 in
619 2862 678 2942 his,
708 2881 782 2941 quae
813 2861 849 2922 dc
874 2862 973 2943 doliis,
1002 2865 1032 2922 in
1057 2860 1170 2941 quibus
1194 2862 1288 2921 riuum

143 2969 297 3030 conditum
322 2975 376 3048 est,
400 2969 588 3047 emergendis
612 2971 722 3048 scripta
742 2976 811 3028 sunt
831 2988 855 3028 c.
877 2966 928 3049 26,
951 2970 1042 3029 lubra
1061 2971 1217 3029 doliorum
1234 2970 1288 3029 cir-

145 3076 319 3152 cumsrices.
357 3076 411 3135 uid
428 3079 489 3136 erit
506 3080 615 3137 lectum
635 3079 699 3137 dies
719 3080 855 3151 tripinto,
874 3081 903 3137 si
924 3078 999 3137 dene
1018 3078 1187 3137 dencinntu
1206 3081 1291 3136 errent

143 3186 235 3263 dolio,
262 3184 398 3258 oblinito,
427 3182 454 3242 h.
479 3201 504 3244 e.
534 3182 586 3243 ubi
614 3185 714 3243 riuum
743 3185 864 3258 triginta
892 3182 971 3261 dies,
1000 3192 1161 3262 postquam
1184 3181 1291 3243 lectum

142 3298 199 3369 est,
235 3292 265 3349 in
297 3288 383 3349 doliis
412 3291 509 3350 fuerit.
549 3324 588 3331 -
627 3310 685 3366 quo
715 3309 796 3366 norm
826 3293 924 3351 dulcis
952 3308 1013 3351 non
1038 3291 1201 3366 perveniet
1228 3296 1291 3368 post

141 3401 248 3459 sternito
284 3398 437 3475 transponi
466 3396 624 3457 voluerunt
653 3394 850 3456 flottboellius
882 3403 913 3455 et
941 3395 1145 3456 Schneiderus
1182 3394 1292 3457 collatis

142 3507 179 3564 iis
208 3523 283 3583 quae
313 3503 349 3563 de
378 3503 480 3562 eadem
505 3522 536 3562 ro
561 3505 671 3581 scripta
696 3511 766 3563 sunt
794 3499 905 3583 toul
931 3521 1032 3578 oqttoe
1055 3506 1200 3565 murinae
1228 3502 1296 3576 (1.1

142 3630 183 3671 ce
208 3614 269 3671 alto
292 3613 413 3683 sumito,
442 3628 500 3683 quo
529 3629 610 3685 aqam
635 3613 733 3670 dulcis·
756 3629 814 3670 non
840 3614 969 3671 accedit.
1016 3610 1152 3671 eiusdem
1177 3611 1295 3689 generis

143 3715 289 3794 exempla,
316 3717 347 3774 in
380 3714 488 3793 quilius
512 3715 632 3775 relativa
656 3718 830 3795 pronomina
855 3735 870 3776 a
895 3718 958 3776 suis
983 3715 1155 3777 nominibus
1180 3715 1295 3796 longius

142 3831 256 3882 remota
281 3831 359 3902 scint,
382 3824 412 3882 in
437 3821 519 3883 Varr.
538 3843 561 3883 r.
581 3843 603 3883 r.
624 3823 635 3883 l
660 3821 748 3903 13‚2
772 3824 916 3884 adnotavi.

232 3927 252 3990 2
276 3927 487 4007 Relinquito
510 3933 544 3990 in
569 3933 636 3990 imo
662 3930 754 4009 quod
778 3930 998 4008 deseiderit]
1023 3932 1203 3995 Becciderit
1220 3932 1295 3993 Poli-

143 4039 240 4097 tianus
265 4044 294 4096 et
317 4039 427 4115 optima
452 4038 631 4117 apographa,
660 4056 714 4117 pro
742 4057 801 4116 qim
831 4040 978 4099 desiderit
1001 4039 1198 4101 scribendum
1222 4046 1292 4101 crat.

143 4146 294 4204 desederit
318 4145 395 4204 edita
419 4144 489 4204 inde
513 4164 528 4205 a
552 4148 686 4225 principe
711 4145 840 4205 editione
864 4146 1053 4226 exemplaria.

232 4245 252 4308 3
280 4246 364 4307 Tum
392 4253 525 4311 sumito
553 4270 677 4329 aquam
706 4255 876 4312 marinam
905 4273 932 4331 q.
952 4272 976 4314 s.
995 4272 1017 4314 s.
1038 4272 1062 4315 e.
1093 4256 1129 4315 iu
1159 4254 1292 4316 dolium

141 4355 493 4432 quinquagenarium
517 4356 700 4418 infundite
725 4377 834 4437 aquae
858 4362 1015 4420 marinae
1040 4379 1069 4440 q.
1090 4358 1130 4439 Χ]
1161 4360 1196 4422 lu
1219 4358 1293 4422 mar·

142 4462 210 4537 gine
229 4459 379 4538 archetypi
400 4461 433 4520 ud
455 4481 481 4537 q.
502 4465 536 4523 X
551 4463 733 4543 adscriptum
754 4474 816 4525 crat
836 4468 1166 4550 oecumenicumque
1188 4468 1291 4530 eudem
