2874 4994
146 308 189 372 76
487 317 677 373 COMMENT.
697 318 736 373 IN
755 317 943 373 VARRONIS

146 473 248 552 inepta
267 480 337 557 snat
355 491 430 552 quae
449 473 485 534 ad
505 473 694 535 indicativum
710 472 829 535 modum
849 478 884 533 at
901 475 1052 534 adserunt
1068 469 1172 532 defend

147 579 280 658 Scaliger
302 588 488 641 commentus
511 588 566 662 est,
589 575 698 660 ‘neque
721 588 845 661 propter
864 597 915 641 eos
934 578 1057 640 ordines
1075 595 1172 658 supro

146 689 185 748 ita
208 696 361 766 ponuntur
385 689 467 768 vites,
491 697 524 749 ut
542 688 641 749 adseri
658 686 755 748 solent
773 680 886 749 ulmis’.
923 685 975 747 sed
995 691 1150 766 praeterea
1162 703 1172 763 p

146 801 197 854 tar
225 793 415 855 scribendum
444 802 521 871 erat,
553 814 651 871 aeqae
683 814 734 857 eos
761 812 903 857 arescere
930 795 1022 855 altius
1050 809 1142 868 qaam
1168 813 1172 852 2

142 903 312 982 patiaatar,
336 920 433 977 aeaae
451 909 580 980 propter
603 920 653 965 eos
675 909 710 962 at
727 905 876 963 adseraat
893 904 975 962 vites.
1012 917 1081 960 nam
1103 900 1172 960 mins

146 1006 218 1068 haec
243 1026 361 1088 qnoque
385 1008 420 1068 ad
445 1008 517 1070 iliud
540 1008 619 1089 qnod
649 1026 738 1090 snpra
764 1010 908 1089 scriptum
936 1014 1002 1069 erat
1027 1008 1172 1069 obserooa

146 1123 264 1175 runtnr.
301 1123 335 1176 at
366 1119 515 1177 adserant
545 1125 643 1177 antem
671 1123 813 1176 consueta
843 1114 920 1195 opud
947 1112 1112 1175 Varronem
1143 1111 1172 1173 br

144 1219 256 1282 dictam
276 1230 322 1283 est
340 1241 394 1302 pro
415 1240 450 1282 eo
474 1222 552 1303 qnod
577 1221 700 1284 uberius
719 1222 876 1284 dicendum
899 1229 963 1282 erat
982 1215 1097 1299 ‘neque
1116 1220 1156 1281 ita

145 1335 178 1388 nt
201 1323 370 1391 adserant':
402 1328 414 1389 1
438 1326 495 1409 20,
514 1327 534 1390 2
557 1332 611 1391 isos
633 1337 793 1392 veteranos
815 1349 855 1392 ea
882 1329 1104 1405 campestribus
1130 1331 1172 1389 loo

141 1439 298 1498 eareadara
323 1440 354 1497 in
379 1440 459 1498 dara
484 1455 522 1498 ac
544 1443 696 1510 montana,
719 1456 776 1499 aec
799 1455 858 1498 aaa
882 1445 992 1498 contra
1010 1438 1040 1496 si
1057 1437 1172 1508 incidit,

143 1546 306 1618 citandam,
330 1543 356 1603 11
375 1541 405 1623 4,
424 1541 464 1604 12
483 1562 562 1619 qaae
582 1562 662 1620 prae
677 1548 893 1621 piapaitadiae
911 1545 1017 1605 corais
1035 1560 1096 1602 aaa
1114 1558 1172 1601 moe

139 1669 217 1726 aere
239 1669 299 1712 aaa
314 1660 424 1727 posset,
447 1653 502 1712 sed
524 1654 614 1712 etiam
633 1660 667 1712 at
685 1655 716 1712 ia
735 1655 799 1713 eins
818 1669 949 1728 corpore
967 1667 1060 1711 sores·
1078 1666 1172 1710 exesa

141 1760 245 1820 aidum
266 1757 397 1834 iecisset.
435 1757 569 1818 eiusdem
593 1758 655 1819 iere
679 1761 798 1837 generis
821 1759 894 1819 haec
917 1765 1001 1838 sunt,
1027 1752 1154 1836 1111,4

142 1867 232 1927 baria
255 1867 377 1941 siapaia
400 1883 466 1927 esse
488 1873 605 1941 oportet
628 1874 662 1926 at
685 1883 717 1926 as
739 1868 864 1941 habeat,
890 1862 956 1945 8,1
983 1868 1081 1925 locam
1106 1879 1172 1922 cora

143 1975 214 2032 dam
236 2004 280 2014 -
304 1989 430 2047 eamaae
463 1974 531 2033 item
563 1981 597 2032 at
630 1974 668 2033 de
700 1974 845 2033 columbis
877 1975 990 2032 dietam
1022 1979 1080 2050 est,
1113 1977 1148 2029 at

144 2082 261 2154 ostiara,
287 2073 371 2159 16st
395 2096 493 2154 aedae
516 2080 628 2153 ipaaoa
651 2087 685 2139 at
707 2096 767 2140 noa
786 2111 829 2120 -
848 2081 978 2139 resistat.

231 2184 395 2247 Fiscinas
421 2184 593 2265 'expediet
620 2184 758 2262 urnam]
787 2188 941 2247 Fiseiaam
973 2186 1085 2262 expedi
1118 2192 1147 2246 et

143 2293 301 2354 Victorius.

230 2397 364 2460 XXVIII
394 2400 626 2476 Compreaeadrt
640 2399 730 2459 editio
746 2401 886 2479 princeps
901 2418 917 2458 a
931 2397 1077 2459 Politiano
1093 2414 1152 2458 non
1168 2416 1172 2457 1

142 2508 214 2567 item
238 2502 322 2587 150,
336 2503 366 2585 2,
390 2505 441 2566 sed
466 2509 656 2583 comprendit
678 2504 803 2585 piurima
830 2506 1010 2588 apographa,
1039 2516 1068 2566 et
1097 2505 1172 2566 hanc

144 2613 266 2673 formam
296 2612 386 2672 Varro
415 2614 445 2672 in
474 2610 572 2673 verbis
601 2616 776 2689 conpreado
804 2621 834 2674 et
861 2615 1015 2689 deprendo
1044 2621 1074 2672 et
1103 2614 1134 2672 in
1162 2630 1172 2671 s

139 2719 258 2793 prendo
290 2720 321 2777 in
350 2718 395 2778 his
429 2716 512 2779 libris
545 2718 715 2798 probavisse
749 2719 879 2802 videtur,
911 2718 923 2779 1
954 2718 985 2799 1,
1013 2715 1063 2779 10.
1094 2715 1172 2789 ’1,3.

142 2821 199 2905 40,
219 2820 248 2885 6.
276 2820 332 2905 50,
347 2822 377 2885 2.
405 2822 432 2885 11
454 2825 481 2901 1,
495 2822 526 2890 4.
549 2823 712 2907 1115,18.
739 2824 792 2907 10,
807 2824 837 2887 5.
874 2826 965 2887 semel
994 2828 1059 2887 sine
1088 2825 1172 2886 discr

142 2927 288 2991 librorum
325 2929 434 3009 iegitur
466 2935 698 3010 comprehensas
734 2933 760 2993 11
789 2931 823 3013 2,
851 2930 871 2993 2
904 2943 934 2994 et
971 2933 1077 2993 eodem
1115 2950 1172 2993 mot

139 3039 308 3115 predeadis
332 3036 342 3096 1
362 3035 396 3120 2,
416 3036 467 3101 24.

231 3143 375 3205 Claenis
398 3163 436 3205 ac
460 3144 536 3206 sole
559 3145 819 3226 percalefactis
843 3148 1003 3228 aptiores
1028 3147 1172 3207 iacere«¹

143 3250 350 3330 cipiendnm
373 3250 523 3313 imbrem
542 3261 576 3314 et
595 3253 633 3313 ad
654 3271 743 3332 opus
762 3253 950 3315 faciliores
970 3251 1170 3330 relaxatas]

143 3359 182 3418 ab
204 3362 267 3419 soie
285 3357 506 3435 percalefactis
533 3364 667 3437 aptiores
694 3363 768 3434 fieri
794 3364 838 3423 ad
863 3364 1078 3439 accipiendam
1107 3362 1172 3421 irati

142 3467 186 3526 ad
211 3482 285 3541 opas
310 3462 470 3539 faciliores
498 3470 648 3527 relaxatis
671 3465 831 3527 ineundus.
866 3468 984 3542 ataenis
1012 3476 1081 3545 post
1109 3464 1172 3526 Poii

142 3570 291 3631 Victorius
314 3573 455 3632 restituit.
489 3575 586 3646 plebis
604 3575 643 3633 ab
662 3576 724 3633 saie
739 3572 958 3650 percalefactis
978 3572 1023 3632 vei
1040 3574 1148 3647 plebes
1165 3595 1172 3633 1

141 3677 370 3754 percalefactas
394 3681 526 3755 aptiores
546 3682 620 3753 fieri
642 3684 685 3740 ad
707 3682 919 3756 accipiendam
943 3681 1068 3739 imbrem
1098 3688 1127 3741 et
1149 3698 1172 3739 a«

140 3783 299 3858 faciliores
322 3787 413 3845 reddi
430 3784 565 3847 Ursinus.
604 3796 703 3847 nitrum
728 3785 825 3846 deleto
849 3805 900 3860 ac,
924 3785 1003 3864 quod
1027 3787 1057 3847 in
1088 3786 1171 3847 codic

142 3895 204 3953 sole
227 3893 372 3972 scriptum
396 3901 468 3972 erat,
489 3896 607 3968 ataenis
629 3898 691 3954 sate
710 3893 930 3970 percalefactis
954 3891 1146 3954 scribendum
1168 3912 1172 3952 s

143 3998 240 4060 addita
273 3999 494 4078 praepositione
525 4002 642 4076 plactis
671 4020 690 4060 a
718 4004 780 4061 sole
803 3999 1038 4081 percalefacti-s,
1071 4017 1130 4061 non
1162 4018 1172 4060 c

143 4124 210 4167 nam
234 4107 298 4166 sine
322 4108 540 4185 praepositione
564 4106 676 4167 dietum
705 4115 751 4167 est
775 4104 871 4188 19,2
894 4124 971 4183 qaae
993 4111 1056 4168 soie
1076 4106 1172 4185 persei

141 4215 187 4284 lit,
211 4229 278 4271 cnm
302 4214 520 4291 praepositione
544 4210 662 4294 112,3
685 4233 704 4273 a
727 4218 789 4274 sole
808 4222 868 4275 toto
888 4217 938 4275 die
957 4217 1149 4275 inlustratur.

146 4315 234 4377 bilius
258 4325 354 4377 tamen
379 4320 474 4379 visum
494 4327 539 4379 est
564 4339 583 4379 a
605 4324 675 4394 sote,
699 4339 787 4401 qaam
811 4321 889 4399 qnod
914 4320 984 4381 oiim
1010 4320 1079 4382 dedi
1101 4325 1168 4396 soie,

145 4419 209 4501 8,3
233 4440 253 4482 a
275 4429 411 4486 stercore
434 4444 472 4486 ae
495 4426 691 4500 offeadaatar
714 4429 813 4506 potins
838 4445 926 4507 quani
951 4436 1104 4503 stercore,
1131 4425 1172 4489 ubi
