2874 4994
148 310 211 375 162
506 318 697 374 COMMENT.
714 318 755 373 IN
775 317 933 373 CATONIS

148 473 302 534 kalatum
332 476 402 533 erit
429 471 463 533 tt.
491 476 578 533 mais
607 491 715 552 agnos
743 472 824 533 XXX
852 490 894 533 ne
922 469 1076 551 amplius
1102 473 1234 548 pronitt

147 598 232 639 oues
261 599 349 658 quae
378 599 446 641 non
474 583 686 673 pepererint
713 581 816 641 binae
844 599 908 659 pro
931 577 1120 658 singulis
1111 595 1147 637 ιιι
1168 577 1234 639 lruo

147 685 289 765 eedent]
310 688 400 749 Hisce
422 691 538 763 tenitas
557 696 707 768 tamquam
726 688 855 749 alienum
873 687 910 748 ab
929 687 986 748 hoe
1004 685 1071 747 loeo
1089 684 1181 747 deleri
1197 685 1236 745 vol

147 793 361 874 Sclrneiderus,
389 798 472 855 bisce
500 798 616 871 lapibus
644 814 739 871 equos
766 795 924 873 legendum
952 812 1019 854 esse
1043 792 1237 854 Rudoriiius‹

147 903 266 961 notavit.
304 901 411 961 deiude
435 921 475 962 ex
498 904 646 991 kalendis
668 905 767 964 Iuniis
786 901 936 977 Gesnerns
959 902 1098 962 coniecit.
1135 899 1237 961 lection

147 1007 299 1088 archetypi
319 1010 397 1068 etin
417 1009 511 1069 biset
530 1011 559 1069 in
579 1009 691 1089 reliqua
711 1017 795 1089 parte
814 1012 919 1088 capitis
938 1007 1170 1089 repraesentavi,
1190 1024 1237 1085 que

147 1133 235 1194 qnam
259 1135 292 1175 ea
318 1134 392 1195 quae
416 1135 496 1176 nune
519 1116 659 1195 leguntur
679 1137 775 1198 neque
795 1120 910 1196 integra
930 1134 1026 1196 neque
1046 1134 1082 1176 eo
1101 1114 1237 1194 ordinet

146 1221 214 1282 olirn
244 1225 354 1301 scripta
382 1232 479 1299 erant,
506 1227 603 1302 posita
627 1243 693 1286 esse
717 1233 797 1303 puto.
844 1232 966 1304 apparet
989 1225 1068 1283 enim
1093 1222 1237 1284 eondieiot

147 1328 254 1407 quibus
282 1332 313 1389 in
341 1330 441 1391 lruetn
468 1332 566 1391 ovium
591 1331 727 1392 venditor
751 1340 780 1391 et
803 1339 921 1411 emptor
943 1329 989 1390 vel
1012 1327 1181 1390 conductor
1201 1345 1237 1407 pa

146 1438 228 1496 arius
256 1429 338 1520 (nam
368 1438 404 1499 de
432 1457 466 1498 eo
496 1438 542 1498 lex
567 1440 677 1518 scripta
701 1457 766 1499 esse
792 1432 922 1519 videtur)
947 1445 1089 1515 utuntur,
1117 1432 1221 1514 piarum

145 1552 247 1603 enrate
272 1545 416 1605 indicatas
440 1564 514 1605 esse.
554 1564 620 1605 uam
643 1554 763 1625 praeter
787 1552 897 1605 certam
917 1552 1032 1624 partem
1052 1545 1135 1603 casei
1153 1552 1184 1602 et
1202 1541 1237 1601 lat

145 1650 182 1710 de
206 1669 264 1729 qua
288 1669 378 1729 supra
402 1654 546 1731 seriptum
571 1662 625 1732 est,
648 1672 718 1732 pars
737 1670 890 1733 agnorum,
909 1654 961 1730 qui
980 1653 1041 1712 uati
1057 1658 1159 1729 erunt,
1178 1648 1237 1709 dom

146 1757 231 1817 lundi
250 1758 376 1819 dabitur.
413 1761 443 1820 in
463 1778 522 1839 quo
541 1762 609 1839 agni
629 1763 680 1838 qui
700 1760 778 1820 diem
798 1768 828 1820 et
842 1769 960 1821 noctem
975 1760 1105 1819 vixerint
1120 1760 1151 1817 in
1167 1757 1237 1816 fruet

146 1865 301 1946 accedent,
330 1868 351 1925 ii
374 1868 426 1945 qui
449 1875 534 1926 antea
558 1869 668 1928 mortni
692 1874 781 1927 erunt
804 1884 863 1927 non
888 1865 1154 1945 computabuntur.
1200 1864 1237 1923 mi

146 1982 227 2032 certa
255 1982 325 2033 sunt
353 1992 428 2052 qnae
457 1975 493 2034 de
517 1993 641 2034 numero
666 1992 808 2051 agnorum
833 1976 944 2054 seripta
968 1983 1053 2054 sunt,
1081 1989 1180 2047 aenos
1202 1971 1237 2031 Χ.

145 2097 183 2139 ne
206 2083 334 2156 emplius
353 2085 521 2156 promittet,
545 2101 619 2161 qnae
639 2100 673 2141 eo
695 2082 832 2141 videntur
850 2082 1011 2159 pertinere,
1035 2088 1069 2140 ut
1089 2087 1237 2158 emptor}

145 2203 233 2263 quam
258 2188 379 2264 triginta
403 2206 494 2266 agnos
518 2208 550 2248 se
574 2189 712 2248 daturum
737 2207 802 2249 esse
827 2188 946 2248 domino
971 2205 1028 2247 non
1054 2188 1219 2266 promittat

145 2292 250 2353 ovibus
281 2296 354 2373 ipsis
382 2314 432 2355 eae
462 2314 536 2374 quae
565 2314 656 2374 agnos
685 2314 743 2356 non
771 2296 945 2375 pepererint
971 2297 1002 2355 in
1031 2293 1148 2372 iruetn,
1181 2293 1230 2371 qni

145 2418 269 2460 numero
294 2403 392 2461 ovium
417 2403 558 2462 delinitur
581 2411 611 2462 et
634 2405 712 2463 inter
736 2402 888 2462 dominum
913 2411 943 2460 et
962 2408 1139 2478 emptorem,
1164 2399 1236 2458 utvi

145 2515 207 2588 tnr,
240 2526 294 2587 pro
328 2511 464 2586 portione
497 2510 652 2589 dividitur,
685 2509 771 2569 binae
804 2527 858 2588 pro
891 2506 1017 2586 singulis
1045 2504 1237 2566 numerabunt

146 2613 247 2673 fructu
271 2624 369 2674 autem
394 2624 509 2693 emptor
534 2616 657 2677 decedet
680 2615 813 2676 kalendis
838 2614 930 2675 luniis
954 2613 1014 2694 vel,
1037 2616 1063 2674 si
1087 2611 1237 2673 intercalati

147 2722 213 2799 erit,
237 2719 371 2781 kalendis
390 2721 482 2803 Maiis,
507 2732 536 2783 et
560 2726 584 2782 si
604 2743 720 2785 annuns
739 2724 854 2783 fruetus
874 2733 928 2801 est,
952 2724 1092 2801 seqnitur
1111 2729 1146 2781 ut
1162 2717 1237 2779 kalen

144 2825 237 2886 luniis
262 2827 339 2887 idem
365 2830 465 2888 lruetu
489 2830 532 2888 uti
556 2831 687 2907 incipiat.

233 2931 253 2994 2
278 2933 338 2993 [lie
362 2929 484 2995 lanam'
500 2944 534 2995 et
557 2955 665 3014 agnos
689 2936 822 2996 uendat
847 2952 986 2995 menses
1007 2933 1033 2993 X
1056 2934 1099 2994 ab
1123 2940 1237 2994 coartor

144 3039 282 3119 releget
315 3059 443 3120 porcos
474 3045 633 3102 serarius
662 3045 696 3102 in
724 3061 809 3102 oues
838 3042 946 3102 denas
975 3040 1141 3131 singulos
1167 3056 1233 3118 pase

144 3148 343 3209 conductor
375 3148 463 3208 duos
496 3168 636 3209 menses
668 3157 847 3228 pastorem
879 3146 1063 3227 praebeat]
1099 3147 1140 3208 lle
1166 3146 1221 3207 lana

143 3255 227 3332 agnis
250 3255 411 3315 vendendis
436 3256 505 3335 quid
531 3258 739 3336 praecipiatur,
762 3275 797 3314 en
817 3265 957 3332 corrupta
977 3254 1124 3315 librorum
1142 3255 1236 3332 scriptu

143 3379 203 3421 nou
230 3369 360 3441 apparet.
407 3380 473 3422 nam
503 3366 553 3423 die
581 3366 691 3424 vendat
719 3362 788 3440 quid
814 3364 865 3442 sit,
893 3361 1090 3440 probabiliter
1112 3360 1237 3440 explicatu

142 3486 208 3528 esse
236 3487 295 3529 uon
326 3469 423 3549 rideo,
451 3488 547 3548 neque
576 3469 708 3547 intellegi
736 3478 834 3549 potest
857 3470 914 3529 nisi
938 3469 1038 3530 addito
1063 3486 1197 3547 numero,
1219 3482 1237 3542 qt

142 3580 260 3652 tempus
285 3575 462 3635 venditionis
486 3576 651 3637 deliniatur.
689 3586 806 3656 tempus
825 3577 974 3656 idoneum,
998 3595 1057 3654 quo
1081 3575 1147 3635 lana
1169 3582 1237 3648 etat

142 3692 279 3759 veneant,
309 3681 368 3741 diei
395 3683 518 3760 putabat
540 3683 698 3744 Turnebus
727 3684 840 3743 advers.
866 3682 894 3763 7,
913 3680 942 3745 5.
988 3684 1067 3743 diem
1097 3682 1237 3744 constituo

143 3804 210 3845 cum
230 3796 313 3864 patre
333 3788 457 3849 familias
476 3792 636 3868 significari
656 3791 746 3851 voluit
760 3790 927 3850 Gronovius
946 3789 1061 3850 observ.
1082 3787 1162 3868 1‚20
1175 3782 1237 3868 pti

143 3894 194 3971 qni
222 3892 259 3952 de
288 3906 420 3973 emptore
451 3897 580 3977 lrnetus,
608 3916 666 3956 non
695 3897 731 3956 de
760 3897 891 3976 domino,
920 3896 975 3956 boc
1005 3895 1066 3955 dici
1093 3895 1226 3956 intellexit

142 3999 248 4060 deinde
276 4003 467 4063 scribendum
496 4022 561 4063 esse
589 4006 716 4063 coniecit
744 4023 844 4065 merrae
867 4007 983 4065 decimo
1007 4005 1047 4064 ab
1071 4011 1237 4064 coactoret

141 4110 230 4180 tepet,
260 4103 300 4168 ‘nl
330 4120 375 4170 est
398 4109 499 4170 iubeat
522 4120 688 4169 coactorum
714 4128 800 4170 suum
825 4127 983 4170 numerare
1007 4111 1179 4188 pecuniam,
1204 4124 1237 4186 po

141 4231 229 4289 qnam
249 4212 313 4273 dies
333 4213 432 4276 venit’.
465 4223 533 4293 post
551 4215 606 4275 bos
621 4215 771 4275 Gesnerus
786 4215 909 4294 probata
925 4216 1133 4276 emendatione
1148 4215 1235 4276 Grono

141 4319 171 4378 in
200 4319 278 4379 buno
307 4323 425 4382 modum
454 4322 540 4382 rerba
569 4324 783 4400 interpretatus
811 4332 869 4401 est,
898 4317 1076 4383 ‘conductor
1106 4322 1149 4383 vel
1172 4329 1237 4400 empt

142 4425 293 4486 lruotnum
312 4427 359 4487 die
378 4430 435 4490 sibi
454 4429 616 4510 commoda,
637 4432 819 4509 tempestive,
838 4430 968 4490 vendere
988 4429 1038 4490 hie
1057 4430 1177 4511 iubetur
1190 4429 1237 4489 lant
