2874 4994
141 305 184 372 48
483 315 673 373 connitur.
691 316 732 370 IN
749 314 939 372 VARRONIS

142 468 340 533 demittendae
363 477 434 531 suut
457 479 655 532 macerantur.
696 470 886 552 conplurium
910 478 1010 532 autem
1032 467 1190 531 locumdici

143 594 231 655 quem
264 576 392 638 interdiu
421 577 572 640 canalibus
601 597 675 659 aquia
708 580 743 640 nd
772 578 953 640 cotidianum
985 576 1077 639 boum
1106 584 1136 637 et
1159 594 1190 657 po

144 701 233 744 usum
252 683 380 767 ducitur,
399 687 627 768 semipisoinam‚
644 704 719 765 quoe
737 685 875 747 dimidiae
894 687 1027 766 piscinae
1046 682 1190 745 lormoml

142 810 211 852 cum
233 795 305 853 uelit
328 793 354 852 si
376 808 480 853 verum
504 801 559 875 est,
578 793 614 854 od
637 793 790 861 dominum
814 793 897 854 ullae
920 793 1062 873 retertur,
1079 792 1130 871 qui
1150 789 1190 851 lut

142 900 281 981 instituit,
300 906 334 959 ut
352 917 420 978 pars
439 898 522 961 locus
540 902 619 962 intra
637 899 798 981 stylobatas
816 902 864 962 sit.
895 899 949 962 sed
967 902 1067 980 aptius
1084 917 1150 960 esec
1165 899 1190 959 ri

142 1005 221 1084 quod
244 1003 357 1066 Merula
381 1006 512 1086 dederat,
535 1026 604 1069 cum
626 1012 715 1083 venit,
739 1008 768 1070 h.
784 1027 809 1070 e.
828 1026 896 1070 oum
919 1007 1001 1069 leous
1025 1008 1105 1069 intro
1126 1005 1190 1086 stylo

143 1115 233 1176 venit.
280 1116 430 1175 interdius
453 1113 562 1194 legitur
585 1115 612 1176 ll
635 1111 685 1197 10,
704 1112 726 1177 5
749 1112 967 1198 ei11112,3;
993 1116 1130 1176 interdiu
1150 1110 1190 1173 lt

230 1217 252 1281 4
294 1220 430 1282 Cohors
472 1225 635 1284 exterior
672 1221 801 1283 crebro
838 1231 963 1302 operto
999 1222 1187 1284 stramenti

117 1318 244 1406 'palea
268 1326 454 1390 occulcoto
477 1328 631 1410 pedibus
654 1329 832 1410 pecudum
855 1329 901 1390 lit
925 1330 1093 1389 ministrs
1117 1325 1190 1389 tnui

142 1452 180 1494 ea
204 1435 297 1514 quod
322 1435 508 1514 evehatur]
529 1439 579 1498 Fit
596 1441 736 1498 minuero
751 1436 858 1516 fundo,
877 1444 910 1497 ut
932 1440 973 1497 sit
994 1454 1036 1496 ex
1058 1452 1097 1497 eo
1119 1436 1190 1511 quod

143 1543 237 1602 iratur
268 1540 428 1605 luouodus.
473 1546 651 1605 seutentiam
684 1547 801 1623 operuit
829 1541 1032 1603 Schneiderus
1064 1541 1189 1620 adscript

145 1651 274 1728 quaein
304 1652 475 1729 geoponicis
503 1650 530 1711 ll
549 1649 641 1733 222
664 1653 774 1730 scripta
803 1661 885 1730 suut,
917 1641 1038 1711 πολλοὶ
1071 1641 1110 1710 δὲ
1141 1640 1190 1708 nul

143 1749 297 1836 καλάμην
321 1749 402 1838 μετὰ
424 1748 461 1819 τὸ
486 1758 620 1839 θερίσαι
644 1751 830 1830 excitatns
851 1747 1070 1839 ὑπέστρωσαν
1094 1757 1190 1828 rotet

87 1933 88 1937 η
143 1875 263 1943 μασιν,
287 1859 343 1925 ἵνα
372 1865 625 1943 συμπατηθεῖσα
655 1857 778 1948 καὶτῷ
810 1855 901 1949 οὔρῳ
931 1869 1138 1924 avocaretur
1162 1868 1190 1921 ru

146 1965 289 2050 γένηται.
336 1970 427 2032 verbo
450 1970 594 2031 brevitate
614 1970 733 2031 dicendi
755 1973 786 2031 in
809 1970 939 2031 relativis
963 1971 1121 2031 sententiis
1142 1967 1190 2028 hou

144 2078 229 2140 solita
257 2079 430 2140 obscuriore
459 2079 535 2139 lacta
563 2088 646 2139 sunt:
674 2077 783 2138 cohors
811 2097 888 2139 cum*
909 2076 1017 2138 crebro
1050 2083 1190 2137 stromeut

143 2185 225 2266 paleo
249 2194 353 2266 operta
372 2193 401 2246 et
420 2184 546 2265 pedibus
565 2186 714 2265 pecudum
734 2185 886 2246 occulente
905 2194 959 2267 est,
979 2186 1117 2245 ministre
1136 2182 1190 2244 iti

144 2293 214 2355 dum
243 2292 366 2374 praehet
394 2293 439 2354 vel
468 2294 615 2354 ministrat
642 2293 752 2372 aliquid
781 2293 861 2372 quod
889 2292 974 2354 evehi
1001 2294 1107 2371 possit
1151 2293 1190 2351 sio

143 2400 221 2462 dicta
245 2409 316 2462 suot
337 2400 419 2482 haec,
443 2399 456 2459 Ι
478 2397 527 2479 16,
545 2398 566 2461 2
589 2402 764 2460 hubent-
783 2404 914 2461 invectos
937 2385 1131 2478 dpportunos,
1153 2415 1190 2474 qu

77 2500 84 2514 ’
141 2507 239 2585 fundo
253 2527 328 2586 opus
345 2515 424 2582 sunt,
443 2503 527 2587 1119,
543 2504 563 2568 6
582 2525 680 2581 neque
694 2525 753 2582 per
771 2525 824 2568 eas
842 2510 1005 2582 quicquum
1024 2509 1072 2567 ire
1091 2510 1171 2566 intro
1181 2524 1190 2582 p

144 2635 223 2690 oriae
236 2633 348 2676 nocere
361 2618 457 2675 solent
468 2618 600 2690 pollinis,
613 2611 662 2696 16,
674 2611 693 2676 8
709 2616 853 2676 obturant
866 2618 969 2677 omnin
978 2631 1117 2690 -quunt
1130 2616 1190 2675 erit

145 2725 299 2799 appellunt
324 2723 444 2782 Graeci.
759 2694 769 2712 ¹

233 2827 435 2889 Secundum
471 2827 599 2917 'uillam
639 2828 707 2891 duo
745 2829 878 2890 hebere
915 2838 1060 2910 oportet
1098 2836 1190 2890 storo

145 2943 348 2997 autumnum
373 2921 539 2996 bilariam
563 2935 721 2996 diuisum
745 2935 894 2998 alteram
918 2939 1013 2999 euim
1036 2946 1175 3016 partem

145 3053 291 3125 oportet
318 3043 442 3104 uillam
471 3061 597 3104 nouem
630 3043 780 3104 alteram
809 3054 969 3106 ueterem
996 3043 1077 3105 tolli
1105 3047 1141 3105 in
1168 3062 1190 3115 ε,

144 3151 236 3230 quod
262 3152 354 3212 euim
379 3168 481 3229 quom
510 3151 753 3229 recensquod
782 3152 970 3213 conlacuit
997 3149 1190 3228 melius]A

145 3277 215 3319 oum
243 3258 295 3318 tu
324 3265 354 3318 et
384 3257 478 3319 codex
502 3256 663 3338 Caesones,
691 3266 838 3319 autunum
866 3257 1057 3320 Florentinus
1083 3277 1114 3319 m
1142 3268 1173 3319 et

145 3367 285 3445 princeps
309 3383 324 3424 o
344 3364 487 3424 Politiaoo
511 3383 570 3425 uon
595 3375 737 3426 correcto.
770 3369 801 3426 iu
825 3365 984 3446 archetypo
1009 3374 1188 3427 autumnum

143 3482 194 3533 tur
218 3474 362 3551 scriptum
387 3470 488 3552 tuisse,
510 3481 614 3551 postea
637 3482 807 3534 correctum
831 3481 1009 3535 autunum.
1056 3477 1188 3535 alterum

145 3583 176 3638 in
205 3586 325 3655 purtem
355 3576 439 3654 ferri
465 3586 582 3654 oportet
609 3598 626 3639 e
652 3584 724 3641 vitiu
752 3597 859 3641 nouum
884 3583 1001 3653 fimum,
1030 3583 1135 3640 alteru
1161 3597 1190 3640 ut

144 3688 208 3745 tolli
239 3689 269 3745 in
301 3702 418 3759 aarum.
464 3688 546 3760 quod
573 3691 652 3748 enim
685 3705 775 3762 quum
807 3706 928 3762 recens,
956 3690 1039 3763 quod
1069 3704 1142 3748 cum
1168 3684 1190 3762 fi

145 3795 249 3853 metius
276 3791 400 3874 Merula,
428 3796 558 3854 ultorum
590 3798 667 3854 enim
696 3798 727 3854 in
754 3802 874 3871 portem
904 3792 989 3869 serri
1020 3801 1140 3870 oportet
1171 3811 1187 3853 e

144 3917 252 3960 norrun
277 3903 395 3980 fimum,
418 3919 458 3960 ex
486 3905 586 3962 alteru
613 3909 744 3962 veterem
773 3905 837 3962 tolli
869 3905 901 3960 iu
932 3918 1052 3976 aprum.
1100 3902 1181 3976 quod

144 4006 277 4083 infertur
300 4026 417 4089 recens,
440 4011 539 4068 minus
562 4009 685 4083 bonum,
709 4011 743 4068 id
764 4025 833 4068 curn
851 4010 976 4082 floruit,
999 4011 1109 4069 nulius
1130 4005 1190 4067 lucr

144 4118 273 4174 ultorum
296 4119 374 4175 euim
395 4124 516 4191 portem
536 4114 621 4191 ferri
641 4122 759 4192 oportet
781 4135 798 4176 e
819 4118 892 4176 villu
917 4132 1035 4190 nouum,
1058 4119 1187 4176 alterurn

144 4238 209 4280 reru
232 4225 296 4281 tolli
317 4221 466 4283 Victorius
489 4225 520 4282 iu
544 4221 667 4301 reliquis
691 4221 824 4282 Aldinom
849 4222 1011 4282 editionem
1035 4231 1166 4283 secutus.

147 4330 225 4386 euim
248 4346 337 4401 quum
366 4349 474 4391 recens
497 4332 579 4404 quod
600 4329 776 4404 consrnouit
799 4334 916 4406 meiius,
940 4326 985 4391 ‘td
1014 4339 1061 4390 est
1089 4337 1188 4408 utpote

146 4431 251 4493 melius
274 4429 328 4495 sit'
348 4435 489 4520 Scaliger,
510 4440 594 4512 quod
615 4445 659 4498 est
681 4455 771 4512 qurum
794 4456 903 4500 recens
926 4441 1009 4514 quod
1030 4437 1190 4514 consrucui
