2874 4994
183 431 185 435 Ι
291 347 338 401 DE
358 349 447 405 AGRI
467 348 641 404 CVLTVRA
660 349 800 404 LlBRVM
820 347 849 403 C.
872 345 1000 404 75—76
1158 339 1219 404 107
1289 418 1302 439 ,Ι

72 520 132 562 333
149 511 245 584 erant,
260 502 474 585 333133127,1
494 523 705 581 conquoquere
720 513 749 566 et
764 506 882 584 saepius
897 505 926 564 13
938 502 1040 564 333133
1055 503 1220 565 Parisinus

71 609 136 670 solo
165 617 290 688 3333311
318 617 474 694 33333113,
501 617 711 690 3333333333
742 611 790 676 16.
819 610 876 694 38,
895 609 925 672 4.
953 608 1010 692 39,
1029 609 1057 672 2.
1088 609 1139 674 74.
1169 609 1220 673 75.

70 713 126 778 81.
154 714 272 800 156,1.
298 717 371 803 157,
390 718 420 783 3.
446 717 518 801 158,
537 719 567 782 2.
613 721 719 782 331333
744 728 849 783 testum
874 721 903 779 in
928 717 1087 799 archetypo
1112 719 1221 779 131131

69 822 92 885 4
122 832 197 886 testo
226 830 328 908 coldo,
357 830 428 888 item
459 825 502 889 84
530 836 604 890 testo
632 832 748 906 operito
772 836 802 889 31
824 829 879 888 sub
903 834 1010 888 1331333
1034 828 1142 902 subde,
1167 826 1218 886 sed

73 928 117 991 74
146 937 326 1010 coquitoque
353 937 409 996 sub
438 943 514 997 testu
543 943 573 997 31
602 932 644 997 75
671 939 726 997 sub
755 943 831 997 testu
861 938 988 1010 coquito.
1035 932 1070 994 ab
1099 934 1154 994 hoe
1179 934 1220 994 31-

74 1055 199 1100 versum
223 1047 270 1101 cst
293 1050 370 1103 testo
393 1042 535 1103 feminino
559 1061 668 1122 genere
692 1042 805 1103 dictum
832 1039 882 1120 18,
903 1038 930 1100 1.
958 1038 1028 1101 110.
1059 1039 1180 1121 113,1.

163 1146 247 1208 1333
271 1151 417 1210 eximito
442 1151 652 1229 siccatoque
677 1149 851 1228 paulatim
875 1147 1054 1226 manibus]
1077 1149 1220 1209 Manibus

69 1255 175 1315 omisit
194 1255 318 1337 Merula,
346 1256 469 1318 inclusit
492 1256 693 1317 Schneiderus
724 1265 872 1336 tamquam
901 1264 1001 1315 ortum
1025 1275 1060 1316 ex
1084 1257 1120 1315 113
1145 1274 1220 1333 quae

70 1370 177 1440 postea
201 1365 312 1441 scripta
336 1371 415 1443 sunt,
440 1368 470 1425 13
494 1367 674 1425 mortarium
694 1382 807 1440 purum
830 1365 969 1424 33331333
992 1367 1173 1440 3333333113.

163 1467 183 1530 3
207 1469 335 1531 Postea
358 1474 393 1531 13
418 1470 539 1531 1313313
562 1490 650 1551 3333
670 1490 757 1551 quae
777 1478 899 1549 pateat
917 1489 946 1549 p.
962 1469 973 1529 l
992 1469 1042 1531 ibi
1061 1469 1219 1532 balteum

69 1578 198 1655 ponito
228 1577 313 1638 13113
341 1579 464 1640 133333
494 1586 597 1640 33313
627 1579 821 1659 supponite
845 1577 1047 1656 placentam
1071 1577 1217 1656 tingite]

69 1683 140 1754 033
170 1687 281 1746 3331133
310 1688 385 1746 33113
415 1689 515 1766 333313
542 1686 733 1768 procederet,
764 1684 965 1746 Schneiderus
994 1684 1129 1745 ordinem
1159 1704 1222 1745 vor·

70 1789 183 1851 borum
208 1794 237 1852 in
261 1792 341 1853 hunc
366 1793 485 1854 modum
510 1796 618 1854 mutari
642 1792 747 1870 voluit,
775 1799 881 1870 posteo
905 1796 936 1853 13
960 1794 1067 1853 tabido
1087 1811 1170 1869 3333
1194 1801 1222 1853 31

68 1907 176 1973 tinctu,
199 1919 279 1975 quae
297 1908 405 1978 poteot
424 1904 533 1979 podem
556 1919 657 1982 33333,
678 1903 994 1980 praecessorumque,
1027 1902 1069 1959 ibi
1092 1901 1222 1961 balteum

66 2009 185 2083 ponito,
207 2007 284 2083 sotio
307 2012 417 2070 133333
440 2012 609 2086 supponite.

165 2113 330 2175 Tractam
363 2116 503 2195 singula
537 2117 572 2174 in
606 2122 717 2175 totum
752 2114 865 2174 solum
898 2117 1049 2193 primum
1080 2114 1220 2194 ponito]

74 2220 221 2281 Τ3331333
245 2222 412 2302 apographa
437 2232 525 2283 etex
557 2222 717 2301 archetypo
740 2221 913 2281 Politianus.
960 2225 986 2282 c’
1010 2225 1040 2282 13
1064 2222 1143 2282 13333
1168 2242 1220 2283 333

69 2329 246 2409 3331331333
280 2329 456 2412 adscripsit,
490 2337 522 2390 ut
555 2338 657 2390 133313
690 2333 721 2390 13
754 2329 911 2408 legeretur.
966 2336 1067 2389 133313
1100 2329 1219 2390 Merula.

71 2443 230 2515 praeterea
255 2440 388 2514 inpontto
413 2436 570 2516 legendum
595 2455 674 2518 esse,
698 2454 757 2496 333
778 2440 891 2517 ponito,
923 2436 1095 2515 3131311333
1120 2434 1171 2516 52,
1191 2434 1219 2497 i.

163 2540 321 2604 4113333
341 2563 441 2605 omne
461 2562 602 2605 caseum
622 2561 699 2604 cum
719 2542 822 2603 melle
842 2541 975 2603 abusus
996 2541 1220 2619 3313133333

70 2653 104 2711 13
128 2651 259 2711 3333333
283 2650 413 2712 editione
436 2651 559 2712 Victorii
579 2669 753 2731 expressum
772 2661 836 2711 erat
855 2651 1010 2712 manifesto
1031 2649 1220 2711 librariorum

70 2776 187 2838 errore,
212 2777 300 2837 quem
330 2767 433 2838 postea
460 2759 590 2820 editores
620 2766 731 2819 temere
757 2759 971 2837 repetiverunt.
1017 2776 1084 2818 nam
1108 2760 1220 2819 obaesus

70 2864 184 2926 habent
208 2863 276 2926 libri
301 2883 389 2926 manu
413 2867 518 2944 scripti
541 2875 570 2927 et
593 2866 739 2927 editiones
762 2867 955 2944 antiquiores.

163 2972 202 3033 ln
223 2991 393 3034 summum
413 2981 554 3035 1333133
574 2972 714 3054 singula
734 2971 867 3050 133113]
891 2973 1023 3035 1333133
1043 2976 1219 3056 apographa,

69 3088 176 3141 tractu
191 3079 316 3162 Merula,
331 3079 382 3141 ubi
396 3080 560 3141 Politianus
575 3100 610 3141 33
627 3089 726 3141 vetere
742 3081 843 3141 333133
860 3099 900 3140 33
914 3089 982 3158 3331
997 3089 1099 3144 133313
1115 3101 1217 3161 33333·

70 3189 203 3268 scripsit,
224 3196 257 3248 ut
276 3194 378 3249 133313
398 3197 546 3271 3333331,
567 3191 742 3267 3131331133
762 3195 885 3250 1333133
905 3188 1005 3250 voluit,
1032 3207 1068 3249 ex
1086 3189 1218 3250 Mediceo

70 3294 176 3356 codice
191 3294 268 3354 idem
284 3296 314 3353 in
330 3297 461 3374 margine
480 3297 625 3375 priucipis
645 3295 782 3356 editionis
801 3303 932 3356 13331333
952 3295 1101 3358 adnotavit
1119 3296 1219 3375 ibique

69 3421 125 3463 sua
155 3404 339 3481 coniectura,
371 3405 449 3464 sicut
477 3422 566 3483 supra
595 3406 626 3465 13
650 3404 753 3464 eadem
777 3422 861 3485 roes,
885 3408 919 3465 c‘.
944 3408 974 3464 in
998 3406 1219 3483 superscripsit.

163 3508 291 3570 Postea
330 3509 443 3571 solum
481 3511 687 3573 contrahito
720 3520 919 3592 ornatoque
953 3513 1068 3572 133333
1102 3512 1142 3571 33
1176 3531 1217 3572 33

69 3619 188 3698 primo
216 3617 505 3698 temperatoque]
537 3621 646 3681 Postea
669 3623 763 3681 solum
787 3623 959 3681 contrabito
983 3628 1150 3695 ornatoque
1169 3619 1216 3695 so-

70 3744 151 3800 com,
175 3727 285 3786 deiude
299 3729 429 3802 33333113
449 3734 675 3804 temperatoque
693 3724 814 3807 Merula,
838 3724 891 3787 ubi
909 3725 1072 3788 Politianus
1091 3729 1121 3787 in
1142 3745 1216 3787 mar·

70 3835 141 3913 gine
165 3833 310 3911 principis
338 3832 478 3894 editionis
506 3853 559 3914 pro
588 3837 697 3896 deiude
717 3837 847 3911 premito
871 3852 906 3893 ex
930 3843 1030 3894 vetere
1054 3834 1155 3894 333133
1180 3838 1217 3895 do

70 3960 110 4002 33
131 3943 231 4018 primo
255 3939 418 4020 adnotavit,
447 3959 482 4001 ex
506 3941 637 4002 Medieeo
666 3950 764 4002 autem
793 3939 894 4001 codiee
926 3943 964 4000 de
990 3960 1029 4001 33
1052 3945 1144 4017 prino
1168 3941 1216 4001 ad·

70 4049 174 4128 posuit
206 4056 236 4107 et
268 4046 378 4109 ibidem
411 4065 464 4108 sua
497 4050 668 4110 coniectura
703 4053 729 4111 ε’
762 4051 830 4109 dein
858 4066 964 4124 33333
997 4027 1215 4127 superscripsit.
1241 4027 1245 4030 ⁴

69 4152 234 4234 probabilis
258 4155 426 4216 emendatio
449 4166 607 4235 corruptae
633 4158 799 4236 3331313333
823 4158 940 4216 inventa
961 4164 1092 4215 nonest.
1125 4175 1215 4216 3333-

69 4270 161 4338 toque
177 4260 280 4337 [33333
300 4265 338 4323 de
357 4265 496 4339 iunipero
517 4263 914 4339 13333331333313333333,
934 4269 1101 4337 ornatoque
1111 4262 1215 4338 focum

70 4371 147 4430 benc
176 4371 278 4446 primo
311 4376 535 4446 temperatoque
565 4369 724 4431 Turnebus
756 4370 870 4430 advers.
898 4368 1021 4451 23,10,
1049 4378 1218 4445 ornatoque

66 4477 173 4553 [33333
196 4476 832 4558 13313333313333333133331331333311.
854 4474 925 4557 113,
946 4475 961 4538 1
982 4481 1089 4538 sumito
1109 4486 1214 4539 testona
