2874 4994
226 121 268 186 72
566 126 756 186 COMMENT.
775 130 813 184 IN
833 126 1020 184 VARRONIS

226 285 301 345 banc
325 284 396 344 Cato
420 280 484 364 6,3
508 284 539 344 in
563 293 680 344 umecto
704 284 769 345 loco
793 302 851 344 una
879 301 947 344 cum
971 281 1171 344 harundineto
1193 283 1250 343 seri
1266 278 1333 363 iubet,
1426 282 1436 325 ¹·

128 440 132 445 .
227 391 305 453 unde
328 393 461 472 asparagi
484 391 563 452 liant.
601 392 680 453 idem
698 393 844 473 praecipit
863 389 963 472 Varro,
987 408 1055 450 cum
1078 388 1235 451 corrudam
1251 390 1335 451 lanu
1432 402 1435 413 ¹

227 498 324 560 brosis
346 497 419 559 locis
442 497 598 559 serendam
622 517 688 559 esse
712 498 792 581 dicit,
817 497 895 579 quod
914 516 1084 579 asparagus,
1108 514 1198 577 quem
1215 494 1341 557 indutui
1431 500 1436 519 ⁵

227 604 297 687 vult,
316 606 356 666 ita
376 606 459 685 petit,
479 608 627 667 nemorosis
645 609 719 668 locis
739 609 801 667 olio
820 624 915 686 seros,
934 611 968 666 ut
984 607 1156 667 corrudam
1169 620 1234 684 sqq.
1259 601 1343 663 deiude

227 716 338 790 aprico
361 711 492 774 breviter
515 711 628 774 dictum
648 720 695 774 est
712 731 767 792 pro
787 730 823 773 eo
843 711 921 792 quod
941 713 1111 774 accuratius
1131 708 1282 772 dicendum
1296 716 1350 770 ent

230 815 345 899 ‘aprica
369 837 443 897 quae
468 815 562 881 sunt’.

317 925 375 986 Sic
398 925 465 987 alia
490 936 526 988 et
548 926 617 988 alio
641 926 720 988 loco
745 927 899 988 serenda
918 935 958 988 ut
975 925 1107 987 habeas
1126 925 1260 987 nimina
1276 922 1357 985 unde

229 1032 390 1095 utendo.
414 1032 432 1093 l.
466 1033 550 1113 qnid
582 1034 693 1095 iacias
726 1044 764 1095 nt
791 1037 931 1114 sirpces
955 1032 1071 1095 uellus
1103 1040 1226 1094 crates
1248 1029 1359 1092 -ubi
1434 1038 1436 1045 '

229 1139 427 1220 aucupare]
457 1142 510 1203 Sic
537 1149 566 1202 et
594 1144 657 1202 olio
686 1144 746 1202 olio
773 1146 839 1204 loco
866 1144 1016 1215 serundo,
1048 1147 1082 1201 ut
1108 1140 1227 1202 babeas
1251 1140 1364 1211 omino,

229 1251 311 1310 uude
333 1251 445 1310 utendo
469 1249 588 1322 aliquid
605 1246 718 1323 socios,
737 1254 772 1308 ut
788 1250 927 1325 scirpeus
945 1249 1041 1308 collos
1060 1253 1163 1309 crates
1181 1244 1299 1327 llerula,
1314 1242 1369 1306 ubi

230 1358 337 1417 cundo
360 1358 436 1431 quio
450 1355 554 1430 socios
572 1353 724 1416 iucundus
743 1373 778 1415 ex
797 1354 893 1416 Nonio
913 1372 940 1433 p.
961 1350 1093 1437 189,1o
1113 1353 1255 1435 restituit,
1273 1368 1368 1432 qun·

231 1479 318 1541 quarn
343 1461 384 1523 ibi
412 1464 442 1522 in
471 1463 705 1540 manuscriptis
733 1461 817 1522 libris
846 1460 934 1522 verba
958 1460 1098 1522 Varronis
1127 1468 1269 1541 corrupta
1295 1466 1373 1539 sunt,

239 1569 327 1630 Vtere
349 1572 467 1630 vincire
490 1571 659 1644 inflectere,
694 1569 794 1631 Varro
817 1572 855 1630 de
877 1587 914 1629 re
936 1571 1054 1630 rustico
1081 1570 1132 1630 lib.
1152 1568 1174 1628 I
1194 1575 1228 1627 ut
1249 1568 1378 1628 boboam

231 1684 266 1736 ut
287 1678 371 1736 mino
395 1678 577 1737 inueniendo
605 1678 687 1752 qood
710 1675 822 1753 socios.
859 1676 966 1737 deinde
993 1679 1113 1753 sirpeos
1139 1678 1248 1751 qualos
1276 1682 1381 1737 crotae

232 1784 361 1844 coniecit
385 1781 560 1863 Sylburgius
583 1785 614 1844 in
638 1782 767 1843 editione
792 1781 1020 1844 Commeliniana
1044 1802 1072 1862 p.
1092 1778 1166 1844 775.
1188 1813 1231 1824 -
1250 1783 1383 1862 primum

232 1893 278 1952 sio
310 1893 387 1965 olto,
416 1908 491 1969 quae
524 1889 561 1951 ab
593 1888 758 1951 editoribus
785 1891 816 1950 in
845 1892 930 1951 initio
963 1907 1055 1950 novae
1087 1890 1255 1951 sententiae
1284 1891 1390 1970 posita

233 2005 327 2079 erant,
350 2016 419 2058 eum
442 1996 663 2080 superioribus,
691 2016 767 2077 quae
794 1997 831 2058 de
859 1998 969 2076 apricis
995 1996 1069 2058 locis
1096 2004 1259 2077 praecepta
1288 2002 1394 2075 eraut,

233 2106 388 2185 coniunxi,
411 2104 518 2166 deinde
541 2105 727 2166 manifestam
750 2103 885 2165 lacunam
909 2103 1060 2184 supplevi,
1087 2111 1118 2164 et
1145 2104 1208 2164 olio
1231 2106 1299 2164 loco
1320 2106 1395 2163 rir-

232 2215 319 2288 pultu
341 2214 483 2275 serendo.
521 2229 588 2272 narn
612 2229 681 2272 cum
705 2213 783 2271 raria
806 2188 915 2290 genera
938 2208 1079 2271 arborum
1099 2226 1154 2288 pro
1174 2211 1256 2269 varia
1278 2219 1399 2270 natura

234 2318 367 2378 locorum
392 2321 422 2379 in
446 2317 538 2380 iundo
562 2317 688 2379 serenda
712 2320 782 2399 sint,
804 2317 861 2379 alin
884 2317 950 2378 loco
979 2334 1012 2377 ee
1037 2335 1053 2376 e
1079 2314 1191 2395 quibus
1215 2318 1323 2377 vimina
1343 2316 1406 2377 ad

235 2426 433 2486 instrumenta
456 2428 567 2486 rustica
591 2424 720 2505 paranda
744 2425 829 2505 dunt,
852 2423 908 2484 alio
932 2423 997 2484 loco
1021 2421 1092 2483 silva
1117 2420 1244 2505 caedua,
1271 2422 1326 2485 alio
1345 2432 1411 2485 ut

236 2533 397 2609 aucupium
421 2532 485 2591 lieri
508 2533 611 2612 possit,
634 2533 664 2592 in
689 2534 784 2612 primo
808 2548 917 2611 genere
941 2531 1037 2592 omitti
1066 2546 1125 2590 non
1149 2538 1284 2612 poterut,
1311 2533 1412 2611 qrrid

237 2646 317 2698 esset
348 2637 420 2699 illud
449 2638 528 2717 quod
556 2648 679 2718 propter
707 2639 815 2700 vimina
843 2641 902 2699 seri
937 2635 1070 2697 deberet.
1097 2620 1224 2698 ⁴solr'eto
1251 2642 1416 2701 serenam

182 2816 187 2825 ,
237 2743 306 2805 olim
326 2747 448 2806 conieci.
485 2745 536 2806 sed
557 2744 694 2807 salictum
708 2754 794 2807 antea
808 2764 876 2807 eum
895 2742 1094 2806 harundineto
1113 2742 1297 2822 appellatum
1310 2756 1417 2807 arnt.

238 2850 435 2931 virgultorum
454 2861 552 2914 autem
576 2854 687 2914 mentio
706 2855 736 2914 in
760 2851 919 2914 viminibus
942 2849 1081 2931 parandis
1104 2850 1182 2910 lacta
1207 2859 1254 2913 est
1271 2850 1418 2914 Colum.

238 2956 340 3041 Χ12,
359 2955 411 3020 90.
439 2991 477 3005 -
503 2962 599 3021 collus
622 2962 653 3019 in
678 2958 838 3039 archetypo
863 2960 1008 3038 scriptum
1031 2956 1097 3036 luit,
1121 2972 1182 3017 non
1206 2962 1308 3040 vados,
1328 2958 1417 3020 sed

238 3069 311 3126 ualli
324 3063 427 3147 122,1
445 3075 475 3127 et
489 3069 575 3127 vallis
593 3062 667 3146 152,
678 3064 707 3127 2.
732 3083 888 3143 occepere
901 3083 937 3126 ex
948 3063 1073 3124 Gesneri
1087 3065 1263 3127 coniectura
1274 3067 1414 3146 recepi.

328 3169 348 3233 6
384 3171 551 3250 Spartam
576 3172 667 3234 unde
691 3182 816 3232 nectas
841 3170 957 3232 bubus
979 3171 1102 3251 paleas
1131 3171 1251 3233 lineas
1273 3173 1418 3234 restis

239 3277 362 3355 iunes]
397 3280 507 3338 Nestos
539 3280 630 3340 boues
658 3283 767 3356 poleos
797 3297 836 3339 m.
872 3286 1022 3356 spartum,
1056 3280 1138 3339 unde
1165 3281 1265 3341 lineas
1290 3284 1415 3341 restes

236 3386 328 3461 sones
344 3383 456 3460 socios,
475 3386 584 3459 quibus
602 3395 707 3448 nectos
726 3388 813 3448 boues
830 3389 937 3463 poleos
955 3386 1062 3446 etalio
1076 3383 1239 3446 iucundus.
1276 3383 1406 3447 Bcdaei

241 3490 477 3551 emendationem
504 3500 610 3553 nectos
641 3495 736 3554 bubus
770 3497 867 3554 soleas
899 3493 1008 3571 recepi.
1051 3508 1118 3552 nam
1151 3490 1301 3571 palearum
1328 3488 1400 3551 bic

242 3596 325 3656 locus
349 3615 408 3656 non
432 3605 485 3659 est.
523 3597 670 3660 solearum
694 3617 781 3661 usum
801 3600 1005 3661 demonstrant
1028 3598 1110 3680 baec,
1135 3615 1212 3678 quac
1234 3597 1270 3660 ab
1291 3600 1402 3660 inter-

242 3702 377 3783 pretibus
400 3704 547 3785 adscripta
571 3715 654 3787 sunt,
684 3705 796 3767 Colum.
817 3706 853 3766 Vl
875 3704 965 3786 12‚1
993 3713 1099 3782 posteo
1127 3708 1291 3769 linamento
1312 3706 1397 3768 sole!

241 3819 333 3887 utque
361 3821 447 3874 ooeto
475 3815 580 3873 inbuto
608 3816 805 3890 adplicantur
833 3831 872 3873 oc
898 3817 981 3874 soleo
1003 3821 1129 3889 sparteo
1151 3829 1211 3889 pes
1237 3814 1397 3881 induitur>

242 3916 342 3978 Galen.
367 3918 402 3977 de
422 3918 550 3981 aliment.
571 3918 667 3980 lacuit.
687 3919 699 3980 l
719 3917 738 3979 9
759 3912 849 4002 (med.
868 3936 965 3998 graec.
986 3938 1010 3979 v.
1030 3917 1066 3978 Vl
1086 3936 1114 3997 p.
1129 3914 1212 4003 502)
1232 3914 1392 3992 saddai?

242 4016 428 4102 densiores
452 4016 696 4107 ὀνομαζόμενος
719 4021 824 4105 ἐστιν,
853 4020 885 4100 ἐξ
914 4009 956 4087 οὗ
980 4020 1161 4088 πλέκουσιν
1189 4016 1394 4107 dzoddpnt

244 4139 314 4201 τοϊς
345 4120 545 4210 ὑποζυγίοις.
591 4132 735 4192 linearum
773 4142 872 4193 autem
905 4133 966 4193 sire
998 4131 1202 4195 funiculorum
1233 4135 1308 4196 etiam
1327 4130 1372 4189 in

245 4236 365 4296 rusticis
389 4237 529 4315 operibns
554 4240 694 4317 frequens
718 4257 790 4300 usus
814 4240 877 4300 luit.
