2874 4994
296 354 345 409 DE
364 355 454 411 AGRI
472 356 646 411 everunt
664 358 805 414 LIBRVM
825 358 855 413 C.
877 357 1049 415 145-146
1184 353 1245 417 157

53 510 87 570 ad
108 512 291 589 ipserum
314 529 403 572 usum
427 514 500 573 satis
523 514 571 594 sit,
596 521 626 574 et
649 515 768 574 nemine
793 516 908 596 vasarii,
931 515 959 575 lr.
982 534 1007 575 e.
1031 534 1085 594 pre
1108 515 1246 594 parandis

50 619 152 677 rasis
166 664 191 697 ‚
213 617 271 678 due
294 620 443 680 victoriali
465 638 482 680 a
505 619 625 680 domine
649 621 733 681 lundi
757 620 917 684 dabuntur.

188 760 308 821 CXLVI
340 760 357 822 1
396 760 461 831 Qui
495 760 606 822 oleam
640 765 768 823 emerit
800 762 952 843 amplius
986 784 1086 844 quam
1121 767 1245 843 quanti

46 869 225 928 emerit
256 870 371 929 omnis
403 871 580 949 pecuniae
613 873 809 930 centesima
838 870 986 931 accedet
1014 875 1243 951 praeconium

45 989 110 1050 pra
128 991 269 1035 esens
283 974 370 1035 ssi
389 983 424 1036 et
443 975 559 1036 eleum
579 978 752 1037 romanici
771 976 887 1037 roob
903 978 1036 1038 uiridis
1053 978 1130 1040 P.CC
1145 978 1243 1039 eleae

43 1113 116 1174 cael
137 1134 251 1178 ucae
283 1079 337 1177 lit
365 1119 558 1179 strictiuae
586 1081 642 1178 lix
666 1118 781 1179 medie
810 1118 946 1180 oleario
976 1138 1133 1181 mensum
1163 1121 1243 1181 date

43 1237 134 1297 ung
150 1226 266 1285 trinis
288 1223 349 1285 ΡΧ
376 1224 600 1304 ponderibus
629 1225 830 1304 mediisque
854 1226 990 1286 demini
1013 1227 1094 1288 date
1118 1230 1164 1288 iri
1187 1232 1243 1307 pri

41 1329 99 1408 pri
118 1349 230 1392 mae
263 1332 405 1394 cotulas
437 1331 537 1410 duas]
571 1332 613 1392 [le
636 1331 871 1412 accessionibus,
903 1314 978 1412 quae
1007 1336 1135 1412 emptori
1162 1333 1243 1394 eleae

41 1435 252 1516 pendentis
276 1440 312 1500 ad
335 1441 434 1519 ipsum
458 1441 597 1521 pretium,
622 1441 725 1519 qtranti
744 1437 838 1499 oleam
858 1440 972 1520 emerit,
996 1440 1146 1520 accedent,
1170 1440 1243 1501 haec

42 1545 194 1605 emnia
215 1549 328 1627 scripta
352 1564 418 1607 esse
442 1556 573 1625 apparet.
616 1564 683 1605 nam
707 1548 835 1624 primum
861 1548 1050 1607 centesimam
1076 1550 1171 1608 onmis
1192 1567 1242 1627 pe·

43 1651 210 1733 cuniae,
233 1672 291 1733 qua
315 1654 409 1715 oleam
434 1656 514 1734 emit,
538 1655 670 1714 coactori
689 1655 866 1734 argentario,
890 1655 976 1716 cuius
996 1673 1085 1733 opera
1104 1655 1242 1716 deminus

44 1756 182 1819 iundi
203 1762 233 1821 in
257 1762 426 1843 venditione
449 1763 558 1840 utitur,
583 1759 696 1820 solvere
721 1759 823 1841 debet,
846 1760 953 1821 deinde
977 1764 1133 1822 sestertios
1157 1765 1241 1843 quin-

46 1868 234 1944 quaginta
253 1864 394 1948 praec'oni
414 1868 581 1941 mercedem
601 1885 655 1947 pro
675 1871 824 1946 praesenti
845 1869 909 1928 eius
929 1868 1026 1928 efficio
1041 1871 1071 1929 in
1087 1875 1242 1949 prenunti-
1338 1934 1340 1941 s

49 1968 182 2033 anelis
204 1974 431 2036 condicionibus
454 1976 621 2055 emptionis.
668 1984 821 2053 praeterea
845 1975 964 2035 demine
988 1984 1069 2036 certa
1093 1996 1162 2056 pars
1186 1977 1244 2038 elei

51 2078 249 2143 Remanici
272 2092 302 2143 et
325 2083 442 2163 viridis,
468 2085 540 2143 item
564 2081 645 2142 oleae
669 2082 799 2142 caducae
822 2090 852 2143 et
875 2084 1025 2142 strictivae
1050 2091 1079 2143 et
1103 2087 1244 2162 unguinis

54 2183 221 2251 dabitur.
260 2190 312 2250 sed
336 2189 377 2250 ibi
401 2193 460 2252 elei
482 2191 590 2269 scripsi
614 2207 668 2268 pre
692 2209 727 2249 ee
752 2189 831 2268 qued
856 2190 886 2248 in
910 2187 995 2249 libris
1015 2208 1103 2250 manu
1123 2193 1243 2270 scriptis

57 2301 86 2352 et
121 2293 302 2375 impressis
322 2307 395 2377 erat,
418 2301 524 2358 eleum.
560 2315 628 2356 nam
647 2315 753 2376 parum
772 2305 839 2375 apte
859 2295 1010 2356 Gesnerus
1031 2299 1242 2358 nominativum

59 2402 99 2458 ita
159 2400 309 2484 defendit,
337 2413 371 2464 nt
397 2405 527 2482 primum
553 2405 615 2483 ipsa
640 2422 688 2463 res
712 2405 835 2463 univera
859 2402 1024 2481 diceretur,
1054 2397 1160 2463 deinde
1185 2404 1243 2464 due

63 2523 204 2585 genera
238 2511 295 2571 elei
328 2518 512 2590 ponerentur
545 2513 712 2589 separatim.
763 2509 799 2570 de
830 2510 944 2569 ratione
973 2518 1072 2569 autem
1100 2511 1244 2571 metiendi

67 2629 177 2690 qnae
200 2614 245 2675 bis
272 2617 499 2677 condicionibus
527 2619 702 2696 interposita
731 2624 814 2696 sunt,
842 2619 941 2678 medie
970 2621 1086 2678 oleario
1109 2636 1243 2679 mensum

70 2720 184 2793 duta,
209 2723 244 2784 erl
274 2725 333 2785 due
361 2742 470 2802 genera
498 2724 630 2785 olearum
658 2726 822 2803 pertinent:
858 2720 931 2801 144,
955 2722 975 2784 3
1004 2741 1118 2785 emnem
1147 2729 1243 2785 eleum

71 2841 204 2900 puram
235 2834 376 2892 metietur
408 2835 507 2893 medie
535 2835 659 2892 oleario.
710 2849 743 2890 ea
772 2848 848 2910 quae
877 2836 980 2907 postea
1008 2833 1242 2913 praecipiuntur,

73 2934 278 3004 ponderibus
296 2940 463 3013 mediisque
482 2941 597 2998 demini
615 2940 695 3017 dete,
714 2936 749 2997 ad
765 2938 862 2996 emnia
878 2935 925 2995 illa
941 2955 1016 3014 quae
1032 2946 1116 2997 antea
1131 2940 1242 3017 scripta

79 3047 182 3098 erant
206 3045 363 3105 reserenda
392 3054 469 3105 sunt.
516 3044 629 3122 reliqua
659 3047 687 3103 in
716 3044 876 3122 archetype
904 3051 1045 3122 corrupta
1074 3055 1172 3105 erant:
1202 3048 1244 3105 iri

76 3141 136 3212 dri
159 3154 283 3218 primae
306 3151 470 3212 Politianus
490 3144 525 3212 ‘et
548 3151 725 3232 apographo,
749 3154 791 3211 iri
808 3154 930 3226 prinzue
952 3148 1158 3228 neglegentius
1180 3151 1242 3211 Vic-

79 3245 195 3314 torius.
248 3277 345 3337 neque
374 3259 534 3338 quidquam
569 3258 647 3336 quod
680 3257 800 3336 probari
828 3259 922 3335 pessit
946 3256 981 3315 ad
1006 3257 1242 3318 emendationem

78 3363 252 3439 ⁶⁰fruptae
291 3367 456 3443 scripturae
494 3365 530 3424 ab
564 3363 728 3424 editoribus
761 3366 913 3423 inventum
948 3373 1002 3423 est.
1054 3366 1242 3439 ponderibus

76 3460 259 3546 meisque
284 3475 398 3532 domini
420 3476 524 3533 elatum
548 3476 591 3532 iri
609 3474 730 3547 primae
753 3474 870 3531 cotulas
894 3474 971 3530 duas
994 3470 1076 3529 dedit
1097 3469 1240 3530 Pithoeus

76 3554 207 3635 adiets.
236 3577 353 3640 subsec.
377 3575 407 3659 2,
425 3576 460 3659 4,
489 3578 540 3639 sed
570 3578 717 3658 qrremede
745 3577 818 3637 haec
847 3576 978 3656 intellegi
1006 3576 1145 3657 veluerit,
1179 3595 1238 3639 nen

75 3678 238 3746 e¹¹l³⁰suit

175 3823 204 3890 2
227 3828 310 3889 Dies
333 3836 481 3907 argente
506 3846 545 3889 ex
565 3827 599 3888 li.
624 3846 700 3888 nen.
723 3846 882 3888 mensum
902 3826 928 3885 X
949 3825 1047 3887 oleae
1066 3827 1238 3907 legendae

74 3908 281 3997 saci(indae
313 3953 403 4015 quae
435 3934 551 3995 locata
584 3944 639 3995 est
671 3944 705 3996 et
735 3938 765 3995 si
793 3943 931 4012 emptor
959 3932 1091 3994 locarit
1118 3934 1238 3996 idibus

71 4022 239 4123 8011Ιίῑο]
264 4045 314 4104 Eae
328 4046 362 4104 I(
378 4060 448 4104 eeu.
466 4047 610 4105 meusium
630 4045 664 4103 X
684 4042 847 4102 Politianus
869 4059 936 4101 crint
956 4040 1145 4119 apographis:
1170 4060 1237 4100 nem

71 4122 153 4196 f³¹⁸⁰
191 4151 344 4213 Gesnerus
372 4151 501 4212 litteram
529 4151 709 4229 singularem
733 4153 765 4209 K
790 4168 806 4208 a
833 4147 976 4208 Politiene
1004 4147 1143 4208 emissam
1172 4166 1237 4209 esse

70 4228 249 4320 adn⁰tavit
287 4277 327 4320 ex
350 4260 389 4319 K.
409 4276 479 4319 neu.
502 4261 647 4319 mensium
661 4257 696 4315 Χ
716 4256 873 4334 Victorius,
896 4273 936 4314 ex
955 4256 1025 4314 Kal.
1044 4259 1188 4315 mensium
1207 4258 1240 4315 X

70 4335 161 4416 ⁰⁶5²&
195 4374 263 4427 ante
282 4364 444 4426 Victorium
469 4364 655 4444 exemplaria.
692 4367 777 4424 eleae
796 4365 942 4437 legendae
957 4360 1128 4436 faciundae
1146 4382 1237 4437 petere·

69 4457 133 4515 que
165 4471 276 4535 locutu
300 4480 345 4533 est
367 4471 478 4534 blerula
501 4481 532 4532 et
554 4471 661 4532 deinde
686 4470 793 4549 reliqui
818 4469 960 4549 editores,
984 4473 1068 4530 eleae
1090 4473 1237 4543 legendae
