2874 4994
146 340 209 405 164
484 347 676 402 COMMENT.
694 344 940 403 inventionis
979 354 989 363 ‘

145 507 249 578 itaque
266 505 476 580 porculatoris
497 506 630 563 maxime
648 500 784 578 officium
806 508 852 563 est
872 509 907 562 ut
928 519 1022 562 uriom
1044 518 1179 578 peanpue
1192 521 1235 565 cto

143 628 201 670 suo
220 613 308 686 prole
331 611 464 670 claudet.
501 607 537 668 ad
560 608 683 669 eandem
707 610 885 669 sententiam
908 606 1109 670 Schneiderus
1126 616 1238 689 poupo

144 734 208 776 ram
228 715 369 795 scaligeri
388 717 590 776 coniecturam
608 713 749 775 Varronis
766 723 924 795 praecepta
943 717 1101 776 revocavit
1126 714 1173 776 sed
1187 732 1240 794 pne

144 832 225 883 terea
257 824 427 884 necessario
457 821 647 883 scribendum
671 830 735 882 erat
758 825 797 895 fit
827 825 971 883 deterior.
1018 839 1088 882 nam
1116 821 1243 904 neroni

142 927 254 990 alienos
277 947 385 1008 porcos
407 939 528 1009 praeter
549 946 621 989 suos
644 927 705 1009 alit,
727 927 860 990 deterior
882 929 928 990 iit:
951 925 1242 1009 [1214er

143 1039 228 1112 ipsam
247 1040 329 1110 fiunt
351 1039 531 1110 deteriores,
554 1032 624 1115 6,4
647 1039 824 1097 remissione
850 1038 966 1098 loboris
984 1039 1022 1110 fit
1045 1037 1185 1110 daerior,
1200 1032 1245 1114 tt

143 1160 223 1218 quae
255 1162 295 1205 ex
322 1161 358 1204 eo
386 1147 601 1220 concipiuntur
626 1146 707 1215 fiunt
734 1145 898 1204 deteriora.
942 1145 1045 1222 itaque
1074 1145 1174 1223 scripsi
1194 1143 1247 1218 psci

144 1253 258 1311 oiieoos
280 1268 341 1311 non
364 1259 550 1328 aspernator
573 1258 603 1312 et
625 1253 702 1331 ideo,
725 1254 753 1311 si
774 1252 952 1312 conturbati
971 1258 1045 1312 sunt
1066 1253 1099 1311 io
1118 1248 1246 1326 smirnii

145 1359 288 1418 deterior,
325 1376 393 1418 nam
416 1357 559 1437 pluralem
583 1376 741 1419 numerum
764 1365 981 1436 asperantur,
1001 1359 1053 1438 qni
1075 1360 1108 1418 in
1126 1356 1247 1437 aenon

143 1474 220 1544 erat,
251 1475 319 1543 post
351 1465 530 1544 singularem
563 1464 669 1540 scrofa
702 1468 767 1526 nint
799 1473 943 1542 sequente
975 1465 1048 1525 item
1080 1463 1206 1543 singulari
1225 1465 1247 1535 p

142 1572 277 1632 deterior
300 1590 316 1632 a
340 1571 471 1633 Varrone
499 1573 644 1652 scriptum
673 1590 739 1632 esse
768 1571 949 1632 credendum
977 1579 1127 1651 nonest,
1152 1571 1246 1650 maun

142 1676 233 1739 muita
257 1681 288 1739 in
312 1678 368 1740 hoc
391 1697 501 1758 genere
524 1679 686 1757 admiserit,
709 1678 745 1739 de
768 1697 828 1757 quo
852 1678 964 1739 dictum
987 1687 1035 1739 est
1058 1674 1140 1757 131,
1156 1675 1182 1738 4.

235 1782 277 1846 14
300 1784 729 1847 Naturadiuisuseorum
744 1783 870 1863 annus]
892 1786 1014 1846 Nature
1029 1787 1143 1846 divisio
1158 1787 1246 1846 ereio

143 1911 243 1953 onnus
266 1891 426 1954 iucundus.
463 1911 570 1955 eorum
594 1912 629 1953 er
654 1892 776 1954 Victorii
799 1892 928 1953 editione
951 1900 1108 1973 receptum
1129 1901 1177 1953 est
1204 1907 1245 1951 mn

143 1999 179 2061 de
203 2001 307 2061 scrofis
330 1999 403 2061 haec
426 2000 485 2062 dici
507 2010 639 2082 apparet,
663 2019 721 2061 non
746 1999 784 2060 de
807 2001 887 2059 omni
911 2017 1021 2079 genere
1045 2017 1140 2061 snum.

232 2106 347 2186 Nequi
378 2106 576 2187 porcellus]
601 2109 701 2183 Nequi
722 2106 790 2168 iibri
813 2124 901 2167 manu
925 2108 1031 2186 scripti
1058 2116 1090 2167 et
1111 2105 1191 2166 editio
1206 2101 1247 2162 iic·

144 2215 223 2296 torii,
245 2218 352 2290 nequis
375 2216 519 2294 impressa
543 2223 611 2276 ante
631 2213 794 2275 Victorium
818 2213 1005 2295 exemplaria,
1028 2212 1107 2293 quod
1125 2211 1248 2273 Politianns

142 2338 202 2381 non
226 2324 364 2384 correxit

232 2428 348 2490 Altum
372 2426 624 2509 palmipedale]
650 2429 751 2490 Altum
774 2427 866 2489 deleri
890 2426 983 2489 voluit
1006 2426 1142 2508 Ursinus,
1163 2423 1254 2488 inclusit
1291 2459 1293 2467 =

143 2535 302 2598 Gesnerus.

234 2639 275 2704 15
307 2642 459 2704 Totiens
482 2643 648 2704 harenam
672 2646 811 2705 inicere
836 2652 982 2723 oportet
1012 2651 1074 2703 aut
1096 2641 1174 2721 quid
1193 2641 1262 2700 item

144 2748 235 2829 quod
260 2760 409 2828 exsugat
437 2768 593 2812 umorem
621 2753 656 2811 in
680 2749 843 2830 singulas
871 2749 977 2810 haras
1005 2750 1143 2810 inicere
1164 2736 1269 2818 debet]

147 2855 243 2918 Toties
267 2860 298 2917 io
320 2860 457 2932 siopuics
480 2875 607 2918 arenam
631 2861 759 2919 iniicere
782 2864 899 2935 oportet
917 2864 972 2918 not
994 2859 1072 2932 qnid
1093 2858 1183 2930 alind,
1197 2840 1280 2931 qnod

144 2970 260 3039 exupot
291 2964 447 3025 humorem
483 2963 648 3047 iucundus,
686 2964 765 3044 quod
799 2963 1000 3025 Schneiderus
1037 2966 1162 3045 recepit,
1194 2963 1288 3023 toties

144 3088 272 3133 arenam
299 3078 353 3132 ont
382 3073 458 3146 quid
489 3073 571 3150 itm,
599 3074 682 3146 quod
707 3078 824 3147 exuent
850 3074 1017 3146 tumerent,
1045 3074 1172 3132 iniicere
1194 3055 1293 3130 dete!

143 3178 283 3259 Ursinus,
311 3181 398 3238 toties
431 3195 557 3238 arenam
590 3181 719 3239 iniicere
746 3185 875 3258 oportet,
904 3179 958 3239 aut
985 3179 1062 3253 quid
1092 3181 1177 3239 eliud
1200 3158 1293 3252 pond

144 3294 259 3362 exupot
277 3288 432 3346 tumorem
451 3287 483 3344 io
501 3287 639 3361 stropulos
659 3287 786 3345 iniicere
805 3286 892 3345 debet
906 3283 1064 3365 Victorius,
1084 3283 1136 3346 ubi
1154 3285 1293 3345 exuent

144 3392 232 3454 rerba
248 3396 279 3454 in
293 3394 429 3466 singulas
449 3394 578 3452 iniicere
592 3393 680 3451 debet
693 3390 859 3452 Pontedera
878 3409 906 3471 p.
920 3388 985 3453 426
1005 3391 1123 3475 delevit,
1137 3391 1293 3453 cernone

143 3501 272 3562 inclusit.
319 3502 426 3560 totiens
454 3501 602 3560 irorenom
631 3506 686 3560 aot
707 3502 783 3574 quid
805 3503 873 3560 item
896 3502 979 3574 qood
1000 3507 1133 3575 exsopot
1154 3499 1293 3561 umorm

143 3611 175 3669 io
208 3608 344 3680 singulas
376 3608 472 3667 turns
504 3609 620 3667 inicere
657 3608 745 3668 debet
780 3605 849 3667 olim
886 3607 1009 3668 conieci.
1056 3624 1158 3668 rerum
1186 3607 1293 3666 nnec

144 3712 347 3791 neglegentior
370 3712 529 3773 verborum
554 3715 742 3796 compositio,
766 3732 841 3793 quae
864 3715 1045 3793 interpretes
1069 3713 1198 3793 offendit,
1216 3714 1293 3770 ml

143 3818 237 3880 aliena
260 3839 276 3881 a
300 3837 437 3881 sermone
461 3817 601 3879 Varronis
625 3820 780 3881 iudicando
805 3827 877 3881 erat.
923 3818 1030 3880 deinde
1051 3823 1182 3898 peperit,
1201 3822 1293 3896 quo‘

142 3926 211 3988 iibri
235 3946 322 3988 manu
347 3927 451 4005 scripti
474 3924 597 4007 habent,
620 3929 650 3987 in
675 3927 833 4007 archetypo
858 3928 1003 4006 scriptum
1026 3936 1104 4009 erat,
1132 3914 1293 4005 pepereri⁴

142 4037 173 4096 in
196 4037 331 4115 principe
356 4034 485 4095 editione
509 4032 673 4095 Politianus
696 4053 756 4094 non
779 4036 917 4095 correxit

231 4141 268 4202 ln
302 4140 432 4220 quihus
464 4139 591 4201 hordei
624 4143 776 4202 circiter
808 4140 910 4202 binas
941 4139 1056 4202 libras
1093 4159 1177 4222 aqua
1204 4150 1284 4199 nr

142 4249 305 4309 deiectas
328 4246 412 4307 dare
437 4245 558 4307 soient
582 4247 747 4326 qrrodque
772 4266 848 4309 cum
871 4246 1120 4327 depublicant]
1143 4245 1273 4322 Orodem

144 4351 362 4431 conduplicant
380 4353 503 4436 Merula,
527 4362 555 4416 et
578 4357 635 4415 icoc
659 4374 777 4431 quoque
799 4357 1018 4432 conduplicant
1035 4354 1187 4418 iucundus
1211 4360 1256 4428 pm

143 4459 199 4522 hoc
222 4464 449 4536 quodquidam
473 4464 631 4538 duplicant
654 4465 768 4542 scripsi.
806 4470 960 4543 praeterea
983 4466 1211 4544 praepositionem
1224 4454 1251 4511 t't
1291 4544 1293 4550 Ι

1288 4734 1293 4815 i
