2874 4994
116 336 140 390 X
589 334 796 391 PRAEFATIO

114 503 270 565 nonnullae
294 507 324 564 in
348 503 446 564 indice
467 521 567 563 rerum
587 513 617 564 et
637 502 795 563 verborum
815 511 846 563 et
864 505 894 562 in
914 502 1109 584 corrigendis,
1134 522 1210 582 quae
1231 505 1263 564 in

112 603 170 663 fine
194 602 334 663 editionis
358 601 506 680 leguntur,
530 603 655 680 positae.

205 699 465 760 Commelinianam
493 699 654 760 editionem
683 699 769 777 longo
801 699 954 760 intervallo
978 709 1080 761 secula
1104 710 1149 762 est
1172 700 1265 761 editio

116 798 249 878 Gesneri,
274 799 325 876 qui
349 815 448 876 opere,
472 797 550 875 quod
573 805 657 857 antea
678 796 897 875 Schoettgenus
920 800 1101 879 instituerat,
1124 808 1266 878 suscepto

115 898 277 974 scriptores
302 898 346 955 roi
369 897 498 955 rusticae
523 914 590 955 cum
620 903 762 974 apparatu
789 898 894 956 critico
918 906 947 956 et
971 896 1211 957 adnotationibus
1235 906 1266 958 et

113 997 175 1055 suis
201 1002 230 1054 et
253 994 411 1054 doctorum
435 994 577 1067 virorum,
602 995 653 1072 qui
677 1002 761 1054 antea
784 994 832 1054 tus
856 994 1054 1073 scriptoribus
1073 1013 1193 1073 operam
1212 996 1263 1055 de-

113 1093 231 1172 derant,
258 1093 384 1169 integris
409 1089 502 1151 edidit
526 1109 551 1150 a.
572 1087 668 1152 1735.
713 1091 899 1169 praeclarum
926 1100 1024 1152 autem
1054 1094 1154 1171 operis
1180 1091 1264 1153 adiu·

116 1199 248 1250 mentum
273 1197 378 1249 nactus
402 1195 466 1248 erat
490 1188 633 1248 lectiones
658 1207 674 1247 a
693 1186 839 1249 Politiano
861 1208 895 1250 ex
916 1188 1064 1250 Marciano
1084 1198 1114 1250 et
1133 1189 1266 1250 Mediceo

115 1288 218 1349 codice
243 1290 272 1347 in
299 1288 430 1364 margine
454 1286 599 1364 principis
623 1284 763 1346 editionis
790 1287 943 1348 adnotatas
967 1297 997 1349 et
1020 1307 1036 1348 a
1060 1288 1267 1348 Brencmanno

115 1388 145 1446 in
166 1405 252 1448 usum
273 1403 364 1445 novae
385 1384 524 1444 editionis
544 1383 718 1464 descriptas,
737 1403 813 1464 quae
831 1385 917 1446 abeo
937 1395 999 1447 tum
1020 1388 1148 1465 primum
1168 1385 1265 1446 editae

115 1493 192 1544 sunt
233 1502 329 1562 noque
350 1491 448 1542 tamen
468 1501 501 1542 ea
521 1481 681 1562 diligentia,
705 1502 793 1561 quam
818 1503 867 1544 res
891 1482 1067 1565 postulabat,
1091 1487 1134 1543 vir
1154 1483 1264 1563 alioqui

115 1583 361 1662 diligentissimus
385 1589 415 1640 et
438 1598 509 1640 sano
536 1579 645 1640 iudicio
670 1579 831 1662 excellens,
859 1581 905 1641 his
930 1583 1037 1661 copiis,
1065 1582 1174 1660 quibus
1198 1582 1266 1641 lons

114 1700 201 1742 verae
225 1682 392 1758 scripturae
415 1678 581 1758 patefactus
606 1685 679 1752 erat,
703 1696 776 1739 usus
800 1686 855 1759 est,
883 1678 935 1740 sed
960 1682 1049 1740 nimia
1073 1678 1196 1740 Victorii
1219 1697 1266 1739 re·

116 1780 245 1839 verentia
269 1777 430 1856 impeditus
453 1784 512 1855 est,
545 1777 704 1854 quominus
733 1776 769 1836 ab
797 1776 878 1837 illius
903 1780 1077 1838 recensione
1102 1778 1266 1839 recederet

114 1879 213 1954 itaque
242 1874 502 1935 Commelinianam
537 1873 711 1955 editionem,
745 1894 833 1954 quam
866 1894 919 1954 pro
952 1877 1144 1937 fundamento
1172 1894 1265 1935 norae

114 1973 253 2034 editionis
276 1971 411 2051 habebat,
435 1980 554 2050 praeter
573 1988 675 2049 pauca,
695 1989 770 2049 quae
790 1976 923 2053 mutavit,
946 1976 1093 2051 integram
1114 1975 1262 2053 repetivit,

115 2090 190 2150 quae
205 2073 268 2151 ipse
283 2071 318 2130 ad
335 2069 571 2130 emendationem
587 2067 746 2128 verborum
763 2069 861 2130 attulit
878 2073 909 2132 in
924 2072 1112 2132 adnotatione
1130 2069 1264 2130 subiecta

114 2170 261 2249 exhibuit,
290 2168 427 2229 Politiaui
451 2177 549 2228 autem
574 2174 715 2246 excerpta
741 2169 819 2227 inter
844 2171 937 2228 varias
962 2168 1105 2229 lectiones
1129 2185 1165 2227 ex
1189 2170 1264 2227 anti·

4 2338 11 2351 ,-
114 2269 266 2347 quissimis
294 2265 474 2327 editionibus
503 2275 659 2345 congestas
688 2267 796 2344 posuit.
848 2284 944 2345 neque
972 2283 1096 2344 prorsus
1125 2273 1263 2325 accurate

13 2348 26 2393 ⁸·
113 2365 262 2444 descripta
286 2363 413 2425 habebat
436 2382 468 2423 ea
493 2382 568 2442 quae
593 2362 757 2423 Politianus
782 2382 817 2422 ex
841 2362 990 2423 Marciano
1014 2363 1116 2423 codice
1140 2360 1263 2422 adnota-

53 2486 80 2551 ῃ·
116 2471 211 2542 verat,
245 2462 297 2522 sed
327 2462 471 2540 quaedam
501 2463 622 2540 omissa,
655 2461 709 2521 alia
738 2479 808 2520 vero
836 2464 925 2521 etiam
953 2461 1026 2521 salso
1055 2460 1145 2521 relata
1169 2467 1263 2520 erant

76 2558 81 2601 ἶ
113 2559 186 2620 haec
210 2577 264 2637 ego
288 2578 323 2618 er
348 2561 421 2637 ipsis
445 2556 583 2619 Politiani
608 2560 686 2617 notis
709 2560 827 2618 correxi
851 2567 893 2639 et,
922 2557 973 2619 ubi
999 2577 1074 2637 opus
1098 2557 1262 2638 videbatur,

111 2675 151 2723 ne
171 2675 246 2735 quae
266 2655 412 2717 dubitatio
431 2657 467 2715 de
487 2656 545 2716 lide
565 2655 701 2715 lectionis
720 2674 755 2716 ex
775 2675 808 2716 ea
829 2657 1014 2717 dissensione
1032 2655 1263 2734 relinqueretur,

114 2750 239 2816 Gesneri
263 2773 396 2815 errorem
420 2756 527 2815 notavi.
575 2772 715 2813 numeros
743 2754 995 2832 paragraphorum
1023 2773 1038 2813 a
1063 2753 1262 2831 Schoettgeno
1295 2826 1298 2831 Ι

113 2855 242 2932 primum
267 2870 321 2931 per
345 2851 460 2930 singula
483 2854 592 2930 capita,
621 2850 799 2932 adscriptos,
826 2870 901 2930 quos
925 2851 1075 2912 Gesnerus
1098 2858 1262 2930 receperat,

114 2952 247 3031 quamuis
280 2949 315 3009 atl
349 2950 526 3009 sententiam
560 2947 719 3007 verborum
751 2966 839 3028 saepe
876 2968 981 3028 parum
1015 2947 1260 3022 accommodatos,

113 3034 223 3108 tamen
238 3056 363 3131 proptor
391 3045 578 3107 commodum
608 3045 769 3124 legentium
798 3065 834 3106 er
862 3047 940 3108 illius
969 3048 1097 3107 editione
1125 3048 1259 3126 repetivi.

114 3147 239 3207 Gesneri
275 3146 436 3205 editionem
471 3151 685 3223 expresserunt
716 3143 867 3222 Bipontini
900 3144 1030 3206 editores
1062 3165 1087 3206 a.
1116 3143 1201 3207 1787
1230 3154 1261 3206 et

113 3242 319 3325 llayniscbius,
337 3245 388 3322 qui
403 3241 522 3303 Catonis
541 3241 650 3302 librum
670 3244 829 3319 separatim
848 3243 940 3303 edidit
955 3242 1105 3303 Sehlsizae
1125 3262 1149 3304 a.
1166 3240 1260 3303 1740.

112 3342 216 3420 longae
241 3344 271 3403 et
294 3341 429 3422 diiiusae,
458 3341 509 3401 sed
538 3358 642 3418 partim
667 3339 837 3400 fructuosae
861 3350 931 3401 sunt
954 3340 1170 3420 disputationes
1192 3339 1259 3399 lulii

113 3440 296 3501 Pontederae
311 3439 443 3499 Patavini
462 3441 492 3497 in
508 3435 727 3515 ‘antiquitatum
748 3438 905 3499 latinarum
924 3457 1158 3519 graecarumque
1173 3456 1257 3498 enar·

112 3537 279 3599 rationibus
306 3546 395 3614 atque
424 3530 696 3595 emendationihus’
721 3535 832 3597 Patavii
856 3556 881 3598 a.
906 3535 993 3598 1740
1021 3536 1121 3615 editis,
1150 3534 1259 3614 quibus

113 3637 143 3694 iu
167 3636 271 3714 primis
295 3632 414 3693 Catonis
438 3642 468 3692 et
491 3631 631 3693 Varronis
658 3632 749 3694 libros
773 3635 916 3713 singulari
939 3635 1085 3695 industria
1109 3633 1258 3693 illustrare

113 3741 143 3793 et
161 3732 301 3793 adhibitis
321 3729 501 3791 editionibus
521 3733 735 3809 antiquissimis
754 3741 784 3792 et
803 3733 956 3793 codicibus
973 3731 1149 3811 quibusdam
1169 3749 1258 3791 manu

112 3831 233 3908 scriptis
251 3830 409 3891 emendare
431 3830 553 3890 studuit.
591 3829 724 3889 eiusdem
748 3829 970 3891 observationes
993 3827 1160 3908 nonnullae,
1184 3845 1258 3905 quas

112 3935 197 3988 arttea
221 3928 256 3987 ad
279 3926 446 3989 Gesnerum
469 3930 603 4007 miserat,
632 3926 667 3987 ab
695 3926 752 3987 hoc
779 3929 809 3987 in
833 3928 992 3988 editionem
1016 3934 1154 4004 receptae
1178 3934 1257 3986 sunt.

113 4044 172 4086 non
201 4025 268 4105 plus
294 4026 422 4104 proiecit
444 4024 642 4086 Rottboellius
666 4025 855 4104 Hauniensis,
883 4026 970 4085 cuius
997 4022 1202 4083 adnotationes
1226 4025 1255 4082 in

113 4122 232 4184 Catonis
251 4122 359 4183 librum
379 4122 483 4184 danice
502 4126 630 4203 scriptae
649 4123 744 4183 editae
764 4123 883 4181 suntin
906 4124 1086 4200 scriptorum
1106 4122 1257 4181 societatis

113 4223 211 4299 regiae
239 4220 360 4282 danicae
389 4240 462 4281 nova
491 4220 664 4282 collectione
693 4239 718 4278 v.
741 4218 778 4278 lV
802 4215 941 4279 a.1793.
987 4236 1054 4277 nam
1077 4220 1103 4277 is
1127 4236 1255 4297 (litoque,

112 4321 191 4380 sicut
216 4318 387 4401 Pontedera,
412 4319 499 4380 editis
523 4327 590 4378 aute
613 4316 776 4377 Victorium
800 4315 1018 4395 exemplaribus
1040 4315 1127 4376 fidem
1152 4315 1257 4375 habuit

112 4419 208 4496 iisque
236 4435 308 4479 usus
341 4418 602 4496 interpretationes
630 4413 675 4476 vel
703 4415 890 4474 coniecturas
918 4414 1072 4492 temptavit
1098 4414 1254 4472 maximam
