2874 4994
306 319 356 374 De
375 317 464 376 Auel
484 319 656 374 CVLTVRA
674 320 816 375 LIBRVM
835 319 864 374 C.
880 318 1032 376 95-10‘2
1179 315 1241 378 119

93 477 263 537 misceatur
290 493 385 552 eoque
412 479 576 554 liquamine
605 484 691 537 tonsu
718 479 781 538 ocis
810 479 959 552 imbuitur,
988 484 1079 551 atque
1106 480 1160 538 ubi
1183 498 1241 556 per

92 585 234 669 triduum
251 586 383 646 delibuto
401 592 487 659 terpo
506 587 642 645 remedia
658 586 802 661 perbibit,
820 592 930 661 quarto
950 587 1007 666 die,
1026 587 1054 643 si
1069 594 1113 645 est
1127 589 1240 648 uicinia

82 693 199 769 maris,
222 694 266 751 ud
287 694 358 752 litus
381 694 514 753 deducta
538 699 708 763 mersulur;
730 695 759 753 si
780 695 894 771 miuus,
918 693 1056 752 caelestis
1080 710 1162 767 aqua
1184 695 1240 754 sub

91 799 144 858 dio
175 794 324 879 (subsidio
353 799 445 860 codex
470 792 748 882 Sangermanensis)
776 801 891 862 salibus
917 802 948 858 in
971 800 1053 858 bunc
1077 817 1162 859 usum
1186 803 1240 861 dre·

91 913 166 965 rata
182 910 308 983 paulum
328 910 508 982 decoquitur
527 925 623 982 eaque
639 925 721 982 pree
736 910 899 984 perluitur.
923 909 980 966 boc
997 908 1083 966 modo
1098 914 1239 968 curatum

87 1030 187 1088 pecus
214 1019 275 1075 toto
303 1032 383 1075 auno
411 1015 554 1074 scabrum
570 1017 654 1087 -Jieri
680 1031 740 1074 non
759 1032 849 1090 posse
876 1014 977 1074 Celsus
1000 1016 1159 1094 adfirmat,
1183 1034 1239 1076 nec

91 1121 219 1181 dubium
242 1129 288 1181 est
309 1124 383 1196 quia
407 1123 497 1182 etiam
521 1122 557 1181 ob
581 1139 648 1181 earn
667 1138 732 1181 rem
751 1125 824 1182 luna
843 1124 960 1182 mollior
980 1127 1070 1196 atque
1085 1125 1239 1198 prolixior

90 1234 287 1288 renascatur.
334 1227 370 1287 de
399 1227 503 1287 eodem
531 1227 664 1288 remedio
692 1229 722 1286 in
752 1229 923 1305 geoponicis
952 1224 1104 1288 xv11115
1128 1230 1239 1306 scripta

91 1342 165 1393 sunt
189 1332 271 1414 baec,
299 1331 394 1414 ψώρα
422 1327 501 1395 οὐδὲ
524 1331 586 1414 τὴν
608 1328 714 1416 ἀρχὴν
736 1330 1007 1416 προσκελάσειεν,
1034 1331 1065 1394 εἰ
1087 1322 1136 1408 οἷς
1159 1353 1239 1417 προ-

89 1438 229 1521 είπομεν
265 1437 345 1520 μετὰ
381 1439 419 1502 τὸ
456 1447 563 1521 κεῖραι
599 1437 637 1501 τὰ
670 1437 818 1523 πρόβατά
850 1461 899 1513 τις
930 1441 1082 1522 χρίσειεν.
1138 1440 1169 1502 εἰ
1200 1435 1237 1503 δὲ

93 1542 319 1627 ἀμελήσανιός
334 1560 396 1609 σου
411 1546 532 1629 συμβῇ,
549 1544 766 1627 θεραπεύσεις
779 1543 862 1609 αὐτὰ
877 1544 989 1622 οὕτως.
1017 1543 1145 1629 &ponpa
1160 1546 1238 1610 blaa-

88 1655 150 1729 λος
178 1651 343 1735 διηθεῖται
370 1648 426 1715 καὶ
454 1650 547 1735 ὕδωρ
579 1662 706 1737 πικρῶν
734 1649 872 1738 θέρμων
899 1650 1156 1737 προβραχένιων
1182 1651 1238 1718 καὶ

86 1758 171 1842 τρὺξ
198 1762 320 1824 λευκοῦ
349 1763 444 1824 olvov
472 1759 509 1822 τὸ
539 1753 613 1824 ἴσον
641 1756 780 1823 ἕκαστον
809 1753 930 1843 μιχθὲν
954 1757 990 1823 ἐν
1014 1758 1136 1848 ἀγγείῳ
1159 1765 1237 1844 θερ-

85 1868 253 1951 μαίνεται,
275 1862 329 1930 καὶ
353 1867 391 1931 τὸ
409 1867 578 1950 πρόβατον
597 1867 702 1953 τούτῳ
722 1861 863 1952 pecudia
882 1863 935 1930 int
953 1868 974 1949 β
993 1865 1116 1950 ἡμέρας
1134 1865 1237 1950 με’νει,

84 1981 126 2057 τῇ
160 1966 251 2055 pdi
282 1970 379 2035 ὕδατι
412 1973 566 2061 duiuccl‘
608 1970 629 2055 i)
657 1972 744 2057 ἅλμῃ
771 1977 880 2057 θερμῇ
909 1971 1046 2038 λουτέον
1073 1970 1128 2038 καὶ
1156 1975 1237 2056 μετὰ

83 2088 192 2146 ταῦτα
215 2077 313 2142 ὕδατι
336 2080 471 2168 ποτίμῳ.

179 2189 392 2251 LXXXXVIH
429 2190 442 2250 l
478 2190 663 2250 Amurcam
697 2188 889 2267 decoquito
918 2189 958 2249 ad
988 2189 1173 2250 dimidium
1197 2209 1235 2251 ea

84 2299 238 2377 unguite
268 2297 416 2357 lundam
444 2315 547 2357 arcae
575 2307 609 2355 et
642 2296 872 2356 extrinsecus
905 2306 940 2355 et
968 2297 1078 2376 pedes
1107 2307 1140 2357 et
1171 2317 1233 2357 un-

83 2405 204 2484 gulos]
236 2406 437 2465 Extrinsecus
466 2406 560 2480 pectes
590 2390 738 2463 Merula*
757 2401 948 2463 scribendum
978 2406 1077 2482 polius
1106 2415 1168 2464 erat
1197 2425 1233 2466 ea

84 2515 215 2588 anuuito
244 2510 375 2586 fundura
408 2529 504 2571 areae
532 2517 561 2570 et
590 2513 718 2584 capulos
746 2517 775 2570 ct
803 2513 994 2571 extrinsecus
1016 2514 1119 2587 pedes.
1166 2530 1233 2571 nam

83 2623 268 2681 intrinsecus
302 2616 412 2677 fundus
445 2626 475 2676 et
507 2615 606 2696 anguli
635 2634 720 2676 arcae
748 2633 868 2676 amurca
897 2626 1092 2698 unguuntur,
1124 2621 1233 2680 extrin-

81 2745 173 2789 secus
196 2726 296 2806 pedes.

173 2833 197 2895 Ο
235 2831 361 2893 Oleum
404 2833 433 2891 si
476 2833 511 2891 in
548 2839 736 2892 metretam
773 2848 897 2890 nouam
936 2831 1122 2893 inditurns
1161 2837 1233 2894 eris

83 2959 228 3004 amurca
256 2942 309 3000 ita
336 2941 389 3001 uti
417 2947 471 2999 est
499 2938 610 2999 cruda
634 2940 735 3018 prius
758 2934 923 3020 colluito]
948 2936 980 2997 ln
1006 2938 1125 2999 rubrica
1149 2960 1231 3019 prae-

81 3051 196 3129 scripta
231 3057 261 3108 et
289 3049 318 3107 in
348 3045 445 3107 indice
474 3044 673 3124 capitulorum
705 3046 808 3106 Oleum
836 3047 864 3104 si
891 3047 922 3103 in
950 3054 1107 3106 metretam
1137 3050 1232 3109 addes

84 3160 116 3218 in
136 3155 297 3234 archetypo
317 3154 462 3233 scriptum
482 3162 558 3213 erat:
583 3171 648 3212 nam
669 3151 860 3231 neglegenter
880 3149 1043 3211 Politianus
1064 3156 1091 3213 in
1112 3154 1231 3214 rubrica

79 3269 127 3327 sic
149 3267 179 3325 in
198 3263 333 3343 principe
353 3261 482 3321 editione
502 3278 561 3320 non
581 3261 718 3320 correxit.
745 3260 775 3319 in
795 3265 934 3318 contextu
957 3257 1114 3319 verborum
1135 3265 1231 3322 oleum

79 3374 110 3430 si
132 3373 164 3430 in
188 3376 346 3430 metretam
368 3385 476 3430 nouam
500 3370 654 3428 traditurus
678 3369 739 3427 eris
763 3363 924 3425 Politianus
949 3382 1015 3424 cum
1041 3367 1228 3445 apographis.

78 3477 117 3537 de
133 3476 220 3538 doliis
235 3475 353 3536 oleariis
368 3492 489 3535 amurca
503 3473 671 3534 imbuendis
686 3475 853 3534 accuratius
868 3481 1060 3551 praeceptum
1077 3484 1120 3533 est
1136 3494 1160 3534 c.
1177 3471 1227 3537 69.

171 3583 208 3644 ld
246 3582 449 3643 si.ieceris
481 3588 632 3641 metreta
665 3579 781 3641 oleum
815 3598 882 3640 non
916 3579 1013 3640 bibet
1047 3589 1081 3640 et
1114 3579 1229 3641 oleum

79 3690 209 3753 melius
234 3687 357 3767 saciet]
383 3688 493 3750 Melius
512 3687 610 3763 suerit
633 3686 753 3767 Merula,
777 3691 882 3748 melius
902 3691 957 3760 fiet
980 3687 1128 3766 Angelius.

170 3797 225 3858 011
248 3795 422 3859 Melantbi
445 3793 673 3856 acetabulum
696 3794 787 3873 quod
813 3794 942 3854 medici
966 3805 1099 3855 uocant
1118 3815 1227 3858 zmrrr·

77 3924 209 3968 naeum
232 3906 414 3965 conterite
438 3905 473 3962 in
498 3905 574 3964 uini
598 3904 736 3963 ueteris
760 3899 913 3979 hemina]
940 3903 1102 3962 Melantbii
1120 3922 1226 3980 aecep-

79 4016 217 4077 tabulum
250 4022 278 4074 et
311 4014 393 4088 quod
424 4014 536 4072 medici
567 4021 676 4072 uocant
707 4027 879 4088 smprnearn
912 4007 1040 4086 Merula,
1073 4013 1230 4070 rnelautltii

77 4122 273 4184 acetabulum
302 4127 331 4181 et
359 4121 442 4194 quod
472 4135 535 4197 sqq.
564 4116 733 4197 iucundus,
766 4117 843 4196 quod
873 4115 1074 4176 Schneiderus
1106 4119 1227 4196 recepit,

77 4235 239 4309 propterea
274 4226 352 4306 qirod
385 4224 510 4285 aliorum
545 4226 720 4284 testimoniis
753 4242 811 4283 non
845 4231 994 4282 conslarel
1023 4221 1226 4303 melanthium,

78 4335 156 4415 quod
177 4343 225 4417 est
244 4351 338 4411 genus
352 4333 472 4412 cumini,
494 4331 669 4408 cognomine
684 4332 833 4390 zmurnaei
850 4328 893 4388 vel
909 4330 1031 4408 smyrnii
1047 4329 1224 4408 appellatum

77 4462 154 4507 esse.
200 4437 386 4520 hipposelino
410 4438 482 4501 illud
507 4455 671 4518 cognomen
696 4437 787 4497 tribui
815 4436 906 4496 trudit
928 4434 1041 4496 Plinius
1065 4434 1131 4496 XIX
1153 4435 1224 4518 162,
1321 4429 1329 4444 ‘
