2874 4994
295 351 344 407 DE
364 353 453 409 nolti
472 352 645 410 omarus
663 355 804 411 LIBRVM
823 355 851 414 (l.
874 356 1000 413 18—21
1176 350 1217 414 47

165 505 187 568 2
215 507 348 569 caueto
376 527 418 570 ne
445 508 516 570 laxi
544 512 639 572 sient
664 514 699 572 in
722 531 845 592 cupam
869 533 929 575 eos
952 511 1080 590 indito]
1109 514 1218 575 Caveto

73 632 113 674 ne
136 618 213 676 lasci
231 619 319 689 fiant.
356 620 385 677 si
406 625 505 679 autem
529 621 638 701 lobeni,
662 622 693 680 io
716 638 845 696 coppam
865 619 1001 696 ferreum
1026 639 1075 681 eos
1095 619 1217 695 suodito

73 719 197 783 llerula.
247 721 400 803 archetypi
427 726 607 804 scripturam
634 725 797 788 Politianus
825 728 986 808 adnotavit,
1019 727 1070 788 sed
1094 727 1217 796 saudim

73 847 110 889 ex
138 828 243 891 codice
271 849 330 891 non
358 834 500 913 correxit,
528 831 546 893 l
570 835 665 894 indito
688 833 733 894 vel
757 852 791 894 cx
816 834 946 896 ldcdiceo
970 834 1071 896 codice
1095 832 1141 893 rel
1164 851 1217 893 sua

72 938 247 999 coniectura
271 940 492 1017 superscripsit
534 947 639 1002 coneto
661 959 699 1002 ne
721 945 790 1003 loxi
809 945 895 1004 sient.
935 945 964 1003 si
985 948 1084 1002 notem
1108 942 1217 1014 labent,

73 1046 105 1103 in
129 1061 240 1121 copam
263 1063 313 1106 eos
337 1048 433 1107 inolito
456 1046 607 1108 iucundus
630 1056 660 1108 et
683 1046 788 1107 deinde
813 1047 920 1127 reliqui
944 1046 1081 1108 editores.

164 1149 317 1212 Cunicas
337 1151 470 1214 solidas
489 1152 579 1214 latas
598 1154 749 1234 digitum
767 1152 933 1232 pollicem
953 1155 1063 1215 tacito
1082 1152 1216 1213 labeam

72 1255 240 1319 bifariam
269 1259 377 1320 iaciat
403 1258 532 1321 habeat
559 1278 644 1340 quas
672 1259 774 1339 ligat]
799 1261 932 1323 Lobeom
960 1259 1049 1321 editio
1077 1263 1216 1339 princeps

72 1385 88 1425 a
118 1363 264 1426 Politiano
297 1384 357 1426 non
389 1373 524 1427 correcta
556 1376 586 1426 et
615 1366 790 1446 apographa.
840 1367 891 1429 scd
920 1370 1027 1428 loram
1054 1366 1217 1429 Politianus

73 1489 127 1532 sua
146 1473 318 1533 coniectura
342 1474 562 1551 superscripsit.
604 1477 634 1533 in
658 1477 778 1535 tunicas
801 1477 913 1535 solidos
936 1482 965 1536 et
987 1479 1066 1543 lotos
1089 1478 1216 1550 (linitum

69 1582 210 1656 pollicem
239 1579 337 1656 facito
369 1581 487 1662 lobeom
520 1580 665 1656 bifariam
697 1589 726 1641 et
753 1583 865 1643 babeat
891 1600 967 1657 qnos
991 1585 1070 1657 fioot
1096 1581 1217 1662 Merula,

72 1689 195 1748 tunicas
217 1689 331 1748 solidos
354 1693 383 1748 et
406 1691 485 1748 latos
508 1690 635 1763 alipilum
651 1690 790 1765 pollicem
805 1688 912 1767 facito,
936 1690 1053 1749 lobeom
1072 1688 1217 1764 bifariam

70 1791 174 1867 faciut
201 1802 231 1855 et
257 1796 369 1855 nauem
395 1812 472 1870 quos
492 1797 571 1869 fioot
593 1793 752 1855 iucundus.
799 1813 866 1855 cum
896 1794 1102 1873 superioribus
1127 1794 1216 1856 verba

72 1903 104 1960 in
122 1899 204 1961 bunc
224 1901 344 1962 modum
364 1900 566 1963 Schneidcrus
584 1901 740 1982 copularit,
761 1906 906 1964 rientem
925 1904 1028 1964 labent
1048 1906 1079 1962 in
1099 1920 1217 1980 copam,

71 2025 108 2069 eo
129 2011 227 2070 indito
246 2011 368 2070 toaleas
385 2012 498 2071 solidos
517 2017 547 2070 et
564 2014 643 2072 lotos
662 2012 789 2084 dioitom
805 2013 951 2086 pollicem.
981 2009 1079 2085 facito
1098 2012 1215 2071 lobeom

71 2113 220 2189 tisoriom
244 2117 389 2191 labeant,
413 2134 489 2191 quos
508 2120 597 2193 fioos.

162 2222 233 2282 XXI
259 2219 276 2283 1
305 2220 438 2301 Cupam.
462 2224 571 2284 tacito
599 2241 627 2301 p.
651 2222 677 2281 ll
704 2230 772 2282 tam
800 2240 955 2283 crassam
982 2241 1082 2301 quam
1106 2223 1215 2284 modi·

71 2327 121 2389 oli
158 2327 391 2407 postulabant
426 2328 573 2391 mediam
607 2331 702 2389 inter
738 2328 836 2389 orbis
874 2347 961 2408 quae
999 2333 1216 2391 conueniant

71 2453 232 2496 crassam
256 2454 357 2515 quam
378 2436 566 2498 columella
586 2436 703 2496 ferrea
723 2437 793 2495 erit
811 2453 884 2496 eam
902 2435 1049 2496 mediam
1070 2448 1217 2515 pertun·

73 2541 151 2604 dito
180 2544 233 2603 uti
255 2544 291 2603 in
314 2542 538 2605 columellam
561 2541 685 2604 indere
709 2541 841 2622 possis]
865 2541 1040 2621 Corruptam
1064 2543 1216 2623 archetypi

72 2652 255 2730 scripturam
282 2652 313 2711 in
341 2649 421 2714 hunc
448 2652 568 2712 modum
596 2649 807 2711 emendandam
836 2651 962 2731 conieci,
989 2668 1098 2726 copam
1118 2650 1216 2727 soelto

68 2777 100 2835 p.
120 2758 161 2833 Χ,
184 2765 246 2819 tom
269 2776 415 2834 crossum,
438 2776 528 2835 quom
551 2762 674 2820 modioli
689 2758 894 2838 postulabant,
917 2760 1016 2818 medio
1036 2761 1115 2819 inter
1134 2760 1216 2819 orbis

71 2883 154 2940 quoe
186 2869 352 2928 conueniat.
403 2884 470 2927 eom
497 2869 626 2928 mediam
649 2867 826 2943 pertundito
854 2870 915 2924 tom
943 2883 1092 2940 orassem,
1125 2883 1215 2940 quom

72 2976 232 3034 columella
252 2973 360 3048 ferreo
383 2978 451 3049 erit,
475 2977 522 3034 oti
543 2977 575 3034 in
599 2990 665 3034 eom
688 2974 875 3034 colomellam
899 2973 1005 3032 inolere
1019 2975 1125 3048 possis.
1164 2970 1214 3029 de-

70 3077 131 3139 leta
164 3083 196 3141 in
228 3081 446 3159 praepositione
480 3084 527 3141 oti
557 3082 742 3142 columellam
770 3081 877 3139 indere
899 3081 997 3155 possis
1025 3077 1214 3139 scribendum

69 3202 138 3246 esse
162 3185 313 3247 Gesnerus
337 3188 512 3248 coniecerat.

161 3290 183 3353 2
211 3292 339 3354 llextra
367 3294 518 3354 sinistra
532 3294 718 3353 -loramina
746 3292 805 3354 ubi
833 3293 966 3353 leceris
993 3291 1119 3352 lamnis
1143 3295 1213 3352 cir:

69 3398 306 3479 complectito
331 3398 507 3480 replicato
530 3403 564 3461 in
586 3401 795 3462 inferiorem
814 3410 950 3479 partem
969 3416 1079 3477 cupae
1099 3402 1212 3459 omnis

69 3517 244 3587 quattuor
275 3506 459 3568 lamminas
491 3509 616 3569 dextra
649 3510 799 3568 sinistra
832 3507 1004 3567 foramina
1032 3509 1211 3584 utrimque

69 3632 177 3676 secus
195 3614 378 3676 lamminas
398 3615 652 3676 sublamminas
665 3613 820 3694 pollulas
834 3615 989 3675 minutas
1004 3610 1210 3692 suppunito]

69 3724 197 3784 Lemnis
224 3725 323 3802 priore
351 3722 416 3784 loco
444 3723 501 3783 luit
523 3724 553 3783 in
577 3721 750 3802 archetypo,
777 3730 880 3800 postea
904 3725 1062 3781 lamminas
1083 3723 1212 3780 sallom-

68 3833 179 3905 minos,
198 3829 250 3890 ubi
269 3833 388 3892 laminis
406 3842 437 3891 et
450 3830 557 3891 deinde
572 3833 701 3891 laminas
714 3830 899 3889 subteminos
914 3828 1043 3888 editores
1057 3826 1212 3889 dederunt.

67 3937 196 3998 aliorum
220 3939 399 4016 scriptorum
423 3936 513 4018 locos,
536 3938 567 3997 in
591 3936 699 4016 quibus
723 3939 866 3996 lammina
889 3937 1035 4012 scriptum
1057 3943 1102 3993 est
1121 3933 1211 3993 Lach-
1237 3985 1239 3989 ,

67 4061 197 4105 mannus
230 4045 259 4103 in
286 4042 405 4104 Lucrct.
433 4061 461 4122 p.
484 4039 550 4105 205
577 4042 725 4103 indicarit.
775 4051 927 4121 practerea
956 4058 1044 4118 prave
1072 4040 1212 4101 distincta

67 4149 243 4212 terebantur
270 4150 359 4211 rerba
386 4149 455 4211 inde
483 4170 498 4210 a
525 4152 659 4230 principe
683 4149 814 4229 odilone,
843 4151 956 4209 (lextra
978 4150 1105 4208 sinistro
1124 4147 1210 4224 sora-

67 4262 152 4319 mioa
174 4260 436 4332 utrimquesecus
460 4260 596 4318 laminas.
633 4258 818 4316 sublominos
838 4258 970 4331 pollutos
993 4258 1123 4316 minutos
1142 4274 1210 4332 sop-

63 4368 184 4443 ponito,
213 4363 265 4425 ubi
288 4363 435 4425 ldeursius
463 4365 713 4444 praepositionem
739 4365 795 4423 sol
824 4381 839 4421 a
868 4364 985 4421 nomine
1009 4362 1212 4443 dirimendam,

66 4471 121 4533 sed
149 4474 251 4551 inepte
278 4472 334 4531 sub
361 4489 416 4550 pro
442 4473 546 4533 salter
573 4473 703 4550 positum
730 4487 797 4530 esse
824 4468 982 4530 adnotavit.
1026 4471 1212 4531 sollomioos
