<?xml version="1.0" encoding="UTF-8"?>
<!DOCTYPE html PUBLIC "-//W3C//DTD XHTML 1.0 Transitional//EN"
    "http://www.w3.org/TR/xhtml1/DTD/xhtml1-transitional.dtd">
<html xmlns="http://www.w3.org/1999/xhtml" xml:lang="en" lang="en">
 <head>
  <title>
</title>
<meta http-equiv="Content-Type" content="text/html;charset=utf-8" />
  <meta name='ocr-system' content='tesseract 3.04.00' />
  <meta name='ocr-capabilities' content='ocr_page ocr_carea ocr_par ocr_line ocrx_word'/>
</head>
<body>
  <div class='ocr_page' id='page_1' title='image "./mporcicatonisde00keilgoog_0326.png"; bbox 0 0 2874 4994; ppageno 0'>
   <div class='ocr_carea' id='block_1_1' title="bbox 359 318 1250 383">
    <p class='ocr_par' dir='ltr' id='par_1_1' title="bbox 359 318 1250 383">
     <span class='ocr_line' id='line_1_1' title="bbox 359 318 1250 383; baseline 0.009 -8"><span class='ocrx_word' id='word_1_1' title='bbox 359 320 488 376; x_wconf 83' lang='lat' dir='ltr'><strong>RERVM</strong></span> <span class='ocrx_word' id='word_1_2' title='bbox 507 322 747 379; x_wconf 75' lang='lat' dir='ltr'>nvsrtcanvrd</span> <span class='ocrx_word' id='word_1_3' title='bbox 765 324 833 379; x_wconf 84' lang='lat' dir='ltr'>LlB.</span> <span class='ocrx_word' id='word_1_4' title='bbox 852 325 864 379; x_wconf 95' lang='lat' dir='ltr'>I</span> <span class='ocrx_word' id='word_1_5' title='bbox 883 322 1013 381; x_wconf 76' lang='lat'>41-44</span> <span class='ocrx_word' id='word_1_6' title='bbox 1188 318 1250 383; x_wconf 87' lang='lat'>103</span> 
     </span>
    </p>
   </div>
   <div class='ocr_carea' id='block_1_2' title="bbox 120 473 1250 879">
    <p class='ocr_par' dir='ltr' id='par_1_2' title="bbox 120 473 1250 879">
     <span class='ocr_line' id='line_1_2' title="bbox 202 473 1250 560; baseline 0.006 -23"><span class='ocrx_word' id='word_1_7' title='bbox 202 482 286 537; x_wconf 82' lang='lat' dir='ltr'>XLIV</span> <span class='ocrx_word' id='word_1_8' title='bbox 308 473 324 537; x_wconf 97' lang='grc'>1</span> <span class='ocrx_word' id='word_1_9' title='bbox 360 475 582 540; x_wconf 86' lang='lat' dir='ltr'>Obseruabis</span> <span class='ocrx_word' id='word_1_10' title='bbox 606 487 776 558; x_wconf 88' lang='lat' dir='ltr'>quantum</span> <span class='ocrx_word' id='word_1_11' title='bbox 802 482 837 540; x_wconf 93' lang='lat' dir='ltr'>in</span> <span class='ocrx_word' id='word_1_12' title='bbox 862 498 899 541; x_wconf 89' lang='lat' dir='ltr'>ea</span> <span class='ocrx_word' id='word_1_13' title='bbox 928 482 1076 560; x_wconf 80' lang='lat' dir='ltr'>regione</span> <span class='ocrx_word' id='word_1_14' title='bbox 1100 500 1250 543; x_wconf 87' lang='lat' dir='ltr'>consue-</span> 
     </span>
     <span class='ocr_line' id='line_1_3' title="bbox 120 584 1250 667; baseline 0.005 -23"><span class='ocrx_word' id='word_1_15' title='bbox 120 584 201 644; x_wconf 86' lang='lat' dir='ltr'>tudo</span> <span class='ocrx_word' id='word_1_16' title='bbox 222 585 294 644; x_wconf 87' lang='lat' dir='ltr'>erit</span> <span class='ocrx_word' id='word_1_17' title='bbox 318 584 464 645; x_wconf 88' lang='lat' dir='ltr'>serendi</span> <span class='ocrx_word' id='word_1_18' title='bbox 487 593 524 646; x_wconf 93' lang='lat' dir='ltr'>ut</span> <span class='ocrx_word' id='word_1_19' title='bbox 547 593 684 646; x_wconf 88' lang='lat' dir='ltr'>tantum</span> <span class='ocrx_word' id='word_1_20' title='bbox 708 586 820 648; x_wconf 85' lang='lat' dir='ltr'>iacias</span> <span class='ocrx_word' id='word_1_21' title='bbox 841 596 1011 667; x_wconf 88' lang='lat' dir='ltr'>quantum</span> <span class='ocrx_word' id='word_1_22' title='bbox 1036 587 1129 649; x_wconf 82' lang='lat' dir='ltr'>valet</span> <span class='ocrx_word' id='word_1_23' title='bbox 1148 591 1250 667; x_wconf 81' lang='lat' dir='ltr'>regio</span> 
     </span>
     <span class='ocr_line' id='line_1_4' title="bbox 120 691 1250 770; baseline 0.005 -20"><span class='ocrx_word' id='word_1_24' title='bbox 120 709 145 750; x_wconf 86' lang='lat' dir='ltr'>rc</span> <span class='ocrx_word' id='word_1_25' title='bbox 171 709 285 770; x_wconf 84' lang='lat' dir='ltr'>genus</span> <span class='ocrx_word' id='word_1_26' title='bbox 309 699 428 752; x_wconf 88' lang='lat' dir='ltr'>terrae</span> <span class='ocrx_word' id='word_1_27' title='bbox 452 702 489 753; x_wconf 90' lang='lat' dir='ltr'>ut</span> <span class='ocrx_word' id='word_1_28' title='bbox 513 711 552 753; x_wconf 84' lang='lat' dir='ltr'>ex</span> <span class='ocrx_word' id='word_1_29' title='bbox 577 691 699 754; x_wconf 92' lang='lat' dir='ltr'>eodem</span> <span class='ocrx_word' id='word_1_30' title='bbox 723 696 858 754; x_wconf 86' lang='lat' dir='ltr'>semine</span> <span class='ocrx_word' id='word_1_31' title='bbox 881 692 995 755; x_wconf 83' lang='lat' dir='ltr'>aliubi</span> <span class='ocrx_word' id='word_1_32' title='bbox 1014 712 1091 755; x_wconf 87' lang='lat' dir='ltr'>cum</span> <span class='ocrx_word' id='word_1_33' title='bbox 1110 694 1250 757; x_wconf 90' lang='lat' dir='ltr'>decimo</span> 
     </span>
     <span class='ocr_line' id='line_1_5' title="bbox 120 797 1249 879; baseline 0.005 -22"><span class='ocrx_word' id='word_1_34' title='bbox 120 797 236 858; x_wconf 84' lang='lat' dir='ltr'>redeat</span> <span class='ocrx_word' id='word_1_35' title='bbox 257 797 370 859; x_wconf 83' lang='lat' dir='ltr'>aliubi</span> <span class='ocrx_word' id='word_1_36' title='bbox 393 817 470 859; x_wconf 87' lang='lat' dir='ltr'>cunr</span> <span class='ocrx_word' id='word_1_37' title='bbox 495 801 620 879; x_wconf 89' lang='lat' dir='ltr'>quinto</span> <span class='ocrx_word' id='word_1_38' title='bbox 644 799 799 878; x_wconf 88' lang='lat' dir='ltr'>decimo]</span> <span class='ocrx_word' id='word_1_39' title='bbox 828 802 1113 863; x_wconf 78' lang='lat' dir='ltr'>obserandis-ut</span> <span class='ocrx_word' id='word_1_40' title='bbox 1133 809 1249 863; x_wconf 70' lang='lat' dir='ltr'>tantiam</span> 
     </span>
    </p>
   </div>
   <div class='ocr_carea' id='block_1_3' title="bbox 120 901 1320 4520">
    <p class='ocr_par' dir='ltr' id='par_1_3' title="bbox 120 901 1249 1307">
     <span class='ocr_line' id='line_1_6' title="bbox 120 901 1249 988; baseline 0.004 -24"><span class='ocrx_word' id='word_1_41' title='bbox 120 901 219 980; x_wconf 80' lang='lat' dir='ltr'>boias,</span> <span class='ocrx_word' id='word_1_42' title='bbox 241 907 323 980; x_wconf 84' lang='lat' dir='ltr'>quod</span> <span class='ocrx_word' id='word_1_43' title='bbox 345 913 461 967; x_wconf 85' lang='lat' dir='ltr'>tontum</span> <span class='ocrx_word' id='word_1_44' title='bbox 484 911 562 968; x_wconf 85' lang='lat' dir='ltr'>ualet</span> <span class='ocrx_word' id='word_1_45' title='bbox 586 910 672 982; x_wconf 78' lang='lat' dir='ltr'>nepio</span> <span class='ocrx_word' id='word_1_46' title='bbox 696 925 731 967; x_wconf 85' lang='lat' dir='ltr'>ex</span> <span class='ocrx_word' id='word_1_47' title='bbox 756 909 926 969; x_wconf 88' lang='lat' dir='ltr'>coniectura</span> <span class='ocrx_word' id='word_1_48' title='bbox 946 907 1046 969; x_wconf 82' lang='lat' dir='ltr'>Ursini</span> <span class='ocrx_word' id='word_1_49' title='bbox 1066 910 1181 988; x_wconf 81' lang='lat' dir='ltr'>scripsi.</span> <span class='ocrx_word' id='word_1_50' title='bbox 1218 912 1249 970; x_wconf 94' lang='lat' dir='ltr'>in</span> 
     </span>
     <span class='ocr_line' id='line_1_7' title="bbox 120 1010 1248 1097; baseline 0.004 -25"><span class='ocrx_word' id='word_1_51' title='bbox 120 1012 235 1073; x_wconf 79' lang='lat' dir='ltr'>urendo</span> <span class='ocrx_word' id='word_1_52' title='bbox 259 1010 476 1074; x_wconf 85' lang='lat' dir='ltr'>observandum</span> <span class='ocrx_word' id='word_1_53' title='bbox 500 1022 546 1075; x_wconf 91' lang='lat' dir='ltr'>est</span> <span class='ocrx_word' id='word_1_54' title='bbox 569 1023 602 1074; x_wconf 88' lang='lat' dir='ltr'>ut</span> <span class='ocrx_word' id='word_1_55' title='bbox 622 1022 735 1075; x_wconf 88' lang='lat' dir='ltr'>tantum</span> <span class='ocrx_word' id='word_1_56' title='bbox 754 1032 844 1097; x_wconf 83' lang='lat' dir='ltr'>seras,</span> <span class='ocrx_word' id='word_1_57' title='bbox 862 1025 1006 1095; x_wconf 89' lang='lat' dir='ltr'>quantum</span> <span class='ocrx_word' id='word_1_58' title='bbox 1025 1017 1055 1076; x_wconf 93' lang='lat' dir='ltr'>in</span> <span class='ocrx_word' id='word_1_59' title='bbox 1075 1033 1108 1075; x_wconf 89' lang='lat' dir='ltr'>ea</span> <span class='ocrx_word' id='word_1_60' title='bbox 1128 1017 1248 1095; x_wconf 81' lang='lat' dir='ltr'>regione</span> 
     </span>
     <span class='ocr_line' id='line_1_8' title="bbox 120 1118 1248 1203; baseline 0.007 -27"><span class='ocrx_word' id='word_1_61' title='bbox 120 1118 292 1180; x_wconf 86' lang='lat' dir='ltr'>nnsuetudo</span> <span class='ocrx_word' id='word_1_62' title='bbox 317 1127 363 1180; x_wconf 89' lang='lat' dir='ltr'>est</span> <span class='ocrx_word' id='word_1_63' title='bbox 385 1120 514 1203; x_wconf 85' lang='lat' dir='ltr'>serendi,</span> <span class='ocrx_word' id='word_1_64' title='bbox 538 1121 616 1200; x_wconf 88' lang='lat' dir='ltr'>quod</span> <span class='ocrx_word' id='word_1_65' title='bbox 640 1122 722 1200; x_wconf 82' lang='lat' dir='ltr'>regio</span> <span class='ocrx_word' id='word_1_66' title='bbox 741 1139 774 1181; x_wconf 88' lang='lat' dir='ltr'>ac</span> <span class='ocrx_word' id='word_1_67' title='bbox 797 1139 891 1200; x_wconf 85' lang='lat' dir='ltr'>genus</span> <span class='ocrx_word' id='word_1_68' title='bbox 913 1130 1010 1182; x_wconf 88' lang='lat' dir='ltr'>terrae</span> <span class='ocrx_word' id='word_1_69' title='bbox 1029 1129 1144 1183; x_wconf 89' lang='lat' dir='ltr'>tanturn</span> <span class='ocrx_word' id='word_1_70' title='bbox 1163 1122 1248 1198; x_wconf 87' lang='lat' dir='ltr'>valet,</span> 
     </span>
     <span class='ocr_line' id='line_1_9' title="bbox 120 1225 1050 1307; baseline 0.008 -24"><span class='ocrx_word' id='word_1_71' title='bbox 120 1233 138 1284; x_wconf 81' lang='lat' dir='ltr'>rt</span> <span class='ocrx_word' id='word_1_72' title='bbox 165 1225 243 1286; x_wconf 87' lang='lat' dir='ltr'>idem</span> <span class='ocrx_word' id='word_1_73' title='bbox 267 1244 368 1287; x_wconf 87' lang='lat' dir='ltr'>semen</span> <span class='ocrx_word' id='word_1_74' title='bbox 393 1228 422 1287; x_wconf 95' lang='lat' dir='ltr'>in</span> <span class='ocrx_word' id='word_1_75' title='bbox 446 1226 511 1288; x_wconf 89' lang='lat' dir='ltr'>aliis</span> <span class='ocrx_word' id='word_1_76' title='bbox 534 1226 706 1307; x_wconf 83' lang='lat' dir='ltr'>regionibus</span> <span class='ocrx_word' id='word_1_77' title='bbox 730 1227 802 1289; x_wconf 90' lang='lat' dir='ltr'>alios</span> <span class='ocrx_word' id='word_1_78' title='bbox 826 1228 941 1289; x_wconf 87' lang='lat' dir='ltr'>lructus</span> <span class='ocrx_word' id='word_1_79' title='bbox 965 1228 1050 1290; x_wconf 85' lang='lat' dir='ltr'>ierat.</span> 
     </span>
    </p>

    <p class='ocr_par' dir='ltr' id='par_1_4' title="bbox 120 1315 1320 1628">
     <span class='ocr_line' id='line_1_10' title="bbox 199 1315 1248 1413; baseline 0.001 -19"><span class='ocrx_word' id='word_1_80' title='bbox 199 1331 219 1394; x_wconf 77' lang='lat'>2</span> <span class='ocrx_word' id='word_1_81' title='bbox 250 1331 294 1393; x_wconf 89' lang='lat' dir='ltr'>Ut</span> <span class='ocrx_word' id='word_1_82' title='bbox 321 1335 356 1393; x_wconf 95' lang='lat' dir='ltr'>in</span> <span class='ocrx_word' id='word_1_83' title='bbox 385 1335 523 1395; x_wconf 89' lang='lat' dir='ltr'>etruria</span> <span class='ocrx_word' id='word_1_84' title='bbox 552 1315 641 1395; x_wconf 83' lang='lat' dir='ltr'>locis</span> <span class='ocrx_word' id='word_1_85' title='bbox 672 1333 818 1413; x_wconf 82' lang='lat' dir='ltr'>aliquod</span> <span class='ocrx_word' id='word_1_86' title='bbox 847 1337 882 1395; x_wconf 92' lang='lat' dir='ltr'>in</span> <span class='ocrx_word' id='word_1_87' title='bbox 911 1333 1013 1395; x_wconf 87' lang='lat' dir='ltr'>italia</span> <span class='ocrx_word' id='word_1_88' title='bbox 1042 1337 1077 1395; x_wconf 94' lang='lat' dir='ltr'>in</span> <span class='ocrx_word' id='word_1_89' title='bbox 1109 1334 1248 1396; x_wconf 88' lang='lat' dir='ltr'>sabari-</span> 
     </span>
     <span class='ocr_line' id='line_1_11' title="bbox 120 1438 1320 1518; baseline 0.004 -20"><span class='ocrx_word' id='word_1_90' title='bbox 120 1456 191 1500; x_wconf 82' lang='lat' dir='ltr'>rnn</span> <span class='ocrx_word' id='word_1_91' title='bbox 222 1438 364 1518; x_wconf 90' lang='lat' dir='ltr'>dicunt]</span> <span class='ocrx_word' id='word_1_92' title='bbox 404 1443 439 1502; x_wconf 85' lang='lat' dir='ltr'>Ut</span> <span class='ocrx_word' id='word_1_93' title='bbox 466 1445 498 1502; x_wconf 92' lang='lat' dir='ltr'>in</span> <span class='ocrx_word' id='word_1_94' title='bbox 525 1443 674 1502; x_wconf 85' lang='lat' dir='ltr'>Hetruria</span> <span class='ocrx_word' id='word_1_95' title='bbox 707 1449 736 1502; x_wconf 87' lang='lat' dir='ltr'>et</span> <span class='ocrx_word' id='word_1_96' title='bbox 763 1445 837 1503; x_wconf 74' lang='lat' dir='ltr'>locu</span> <span class='ocrx_word' id='word_1_97' title='bbox 865 1445 978 1518; x_wconf 80' lang='lat' dir='ltr'>aliquot</span> <span class='ocrx_word' id='word_1_98' title='bbox 1007 1444 1038 1502; x_wconf 84' lang='lat' dir='ltr'>in</span> <span class='ocrx_word' id='word_1_99' title='bbox 1072 1443 1172 1504; x_wconf 88' lang='lat' dir='ltr'>Italia.</span> <span class='ocrx_word' id='word_1_100' title='bbox 1210 1444 1247 1503; x_wconf 92' lang='lat' dir='ltr'>In</span> <span class='ocrx_word' id='word_1_101' title='bbox 1317 1513 1320 1518; x_wconf 39' lang='grc'>,</span> 
     </span>
     <span class='ocr_line' id='line_1_12' title="bbox 120 1547 563 1628; baseline 0.009 -23"><span class='ocrx_word' id='word_1_102' title='bbox 120 1548 296 1609; x_wconf 68' lang='lat' dir='ltr'>abaritana</span> <span class='ocrx_word' id='word_1_103' title='bbox 315 1566 379 1628; x_wconf 86' lang='lat' dir='ltr'>sqq.</span> <span class='ocrx_word' id='word_1_104' title='bbox 403 1547 563 1610; x_wconf 83' lang='lat' dir='ltr'>lucundus.</span> 
     </span>
    </p>

    <p class='ocr_par' dir='ltr' id='par_1_5' title="bbox 120 1654 1247 2681">
     <span class='ocr_line' id='line_1_13' title="bbox 198 1654 1247 1736; baseline 0.004 -22"><span class='ocrx_word' id='word_1_105' title='bbox 198 1654 233 1714; x_wconf 94' lang='lat' dir='ltr'>ln</span> <span class='ocrx_word' id='word_1_106' title='bbox 258 1657 354 1734; x_wconf 79' lang='lat' dir='ltr'>syria</span> <span class='ocrx_word' id='word_1_107' title='bbox 376 1654 417 1716; x_wconf 93' lang='lat' dir='ltr'>ad</span> <span class='ocrx_word' id='word_1_108' title='bbox 440 1656 568 1734; x_wconf 84' lang='lat' dir='ltr'>garada</span> <span class='ocrx_word' id='word_1_109' title='bbox 592 1664 627 1716; x_wconf 88' lang='lat' dir='ltr'>et</span> <span class='ocrx_word' id='word_1_110' title='bbox 649 1658 684 1716; x_wconf 94' lang='lat' dir='ltr'>in</span> <span class='ocrx_word' id='word_1_111' title='bbox 704 1656 820 1716; x_wconf 80' lang='lat' dir='ltr'>africa</span> <span class='ocrx_word' id='word_1_112' title='bbox 843 1656 882 1716; x_wconf 87' lang='lat' dir='ltr'>ad</span> <span class='ocrx_word' id='word_1_113' title='bbox 901 1655 1085 1736; x_wconf 76' lang='lat' dir='ltr'>byzacium</span> <span class='ocrx_word' id='word_1_114' title='bbox 1104 1658 1188 1717; x_wconf 87' lang='lat' dir='ltr'>item</span> <span class='ocrx_word' id='word_1_115' title='bbox 1208 1677 1247 1718; x_wconf 81' lang='lat' dir='ltr'>ex</span> 
     </span>
     <span class='ocr_line' id='line_1_14' title="bbox 120 1759 1247 1840; baseline 0.005 -22"><span class='ocrx_word' id='word_1_116' title='bbox 120 1777 157 1820; x_wconf 87' lang='grc' dir='ltr'>ιο</span> <span class='ocrx_word' id='word_1_117' title='bbox 167 1762 224 1823; x_wconf 91' lang='lat' dir='ltr'>dio</span> <span class='ocrx_word' id='word_1_118' title='bbox 239 1763 339 1823; x_wconf 92' lang='lat' dir='ltr'>nasci</span> <span class='ocrx_word' id='word_1_119' title='bbox 354 1759 508 1837; x_wconf 90' lang='lat' dir='ltr'>centum]</span> <span class='ocrx_word' id='word_1_120' title='bbox 527 1763 655 1823; x_wconf 80' lang='lat' dir='ltr'>Gadara</span> <span class='ocrx_word' id='word_1_121' title='bbox 667 1761 892 1840; x_wconf 83' lang='lat' dir='ltr'>Soboettgenus.</span> <span class='ocrx_word' id='word_1_122' title='bbox 929 1781 969 1824; x_wconf 82' lang='lat' dir='ltr'>ex</span> <span class='ocrx_word' id='word_1_123' title='bbox 982 1765 1081 1824; x_wconf 83' lang='lat' dir='ltr'>modio</span> <span class='ocrx_word' id='word_1_124' title='bbox 1095 1769 1184 1825; x_wconf 83' lang='lat' dir='ltr'>nasci</span> <span class='ocrx_word' id='word_1_125' title='bbox 1200 1766 1247 1825; x_wconf 87' lang='lat' dir='ltr'>CL</span> 
     </span>
     <span class='ocr_line' id='line_1_15' title="bbox 120 1864 1247 1949; baseline 0.004 -23"><span class='ocrx_word' id='word_1_126' title='bbox 120 1869 274 1930; x_wconf 88' lang='lat' dir='ltr'>ontedera</span> <span class='ocrx_word' id='word_1_127' title='bbox 294 1888 320 1948; x_wconf 92' lang='lat' dir='ltr'>p.</span> <span class='ocrx_word' id='word_1_128' title='bbox 342 1864 415 1948; x_wconf 85' lang='lat'>160,</span> <span class='ocrx_word' id='word_1_129' title='bbox 435 1870 573 1948; x_wconf 89' lang='lat' dir='ltr'>quoniam</span> <span class='ocrx_word' id='word_1_130' title='bbox 592 1867 704 1929; x_wconf 90' lang='lat' dir='ltr'>Plinius</span> <span class='ocrx_word' id='word_1_131' title='bbox 725 1867 801 1929; x_wconf 83' lang='lat' dir='ltr'>XVII</span> <span class='ocrx_word' id='word_1_132' title='bbox 820 1866 862 1930; x_wconf 78' lang='lat'>41</span> <span class='ocrx_word' id='word_1_133' title='bbox 884 1887 988 1949; x_wconf 88' lang='lat' dir='ltr'>campo</span> <span class='ocrx_word' id='word_1_134' title='bbox 1006 1869 1157 1949; x_wconf 78' lang='lat' dir='ltr'>Byzacena</span> <span class='ocrx_word' id='word_1_135' title='bbox 1179 1889 1247 1931; x_wconf 90' lang='lat' dir='ltr'>eum</span> 
     </span>
     <span class='ocr_line' id='line_1_16' title="bbox 120 1975 1246 2057; baseline 0.004 -22"><span class='ocrx_word' id='word_1_136' title='bbox 120 1992 265 2038; x_wconf 85' lang='lat' dir='ltr'>umerum</span> <span class='ocrx_word' id='word_1_137' title='bbox 290 1975 448 2057; x_wconf 78' lang='lat' dir='ltr'>tribueret,</span> <span class='ocrx_word' id='word_1_138' title='bbox 475 1979 507 2037; x_wconf 84' lang='lat' dir='ltr'>ia</span> <span class='ocrx_word' id='word_1_139' title='bbox 529 1977 667 2053; x_wconf 82' lang='lat' dir='ltr'>Byzacio</span> <span class='ocrx_word' id='word_1_140' title='bbox 691 1977 818 2053; x_wconf 77' lang='lat' dir='ltr'>Africae</span> <span class='ocrx_word' id='word_1_141' title='bbox 841 1981 925 2038; x_wconf 86' lang='lat' dir='ltr'>illum</span> <span class='ocrx_word' id='word_1_142' title='bbox 948 1986 1076 2039; x_wconf 84' lang='lat' dir='ltr'>centena</span> <span class='ocrx_word' id='word_1_143' title='bbox 1099 1981 1246 2054; x_wconf 80' lang='lat' dir='ltr'>quinqua·</span> 
     </span>
     <span class='ocr_line' id='line_1_17' title="bbox 120 2082 1247 2160; baseline 0.002 -16"><span class='ocrx_word' id='word_1_144' title='bbox 120 2100 188 2144; x_wconf 73' lang='lat' dir='ltr'>ena</span> <span class='ocrx_word' id='word_1_145' title='bbox 207 2084 300 2159; x_wconf 78' lang='lat' dir='ltr'>srupe</span> <span class='ocrx_word' id='word_1_146' title='bbox 320 2083 455 2159; x_wconf 83' lang='lat' dir='ltr'>sertitem</span> <span class='ocrx_word' id='word_1_147' title='bbox 478 2101 617 2160; x_wconf 76' lang='lat' dir='ltr'>canopum</span> <span class='ocrx_word' id='word_1_148' title='bbox 635 2117 671 2128; x_wconf 89' lang='lat'><em>-</em></span> <span class='ocrx_word' id='word_1_149' title='bbox 688 2087 816 2144; x_wconf 83' lang='lat' dir='ltr'>vidimus</span> <span class='ocrx_word' id='word_1_150' title='bbox 838 2087 940 2146; x_wconf 81' lang='lat' dir='ltr'>scindi</span> <span class='ocrx_word' id='word_1_151' title='bbox 958 2093 988 2144; x_wconf 91' lang='lat' dir='ltr'>et</span> <span class='ocrx_word' id='word_1_152' title='bbox 1007 2083 1097 2144; x_wconf 88' lang='lat' dir='ltr'>llVlll</span> <span class='ocrx_word' id='word_1_153' title='bbox 1116 2082 1160 2145; x_wconf 82' lang='lat'>94</span> <span class='ocrx_word' id='word_1_154' title='bbox 1179 2104 1247 2146; x_wconf 87' lang='lat' dir='ltr'>cam</span> 
     </span>
     <span class='ocr_line' id='line_1_18' title="bbox 136 2190 1247 2278; baseline 0.002 -28"><span class='ocrx_word' id='word_1_155' title='bbox 136 2194 253 2265; x_wconf 85' lang='lat' dir='ltr'>modio,</span> <span class='ocrx_word' id='word_1_156' title='bbox 276 2194 304 2250; x_wconf 85' lang='lat' dir='ltr'>si</span> <span class='ocrx_word' id='word_1_157' title='bbox 324 2193 364 2249; x_wconf 83' lang='lat' dir='ltr'>sit</span> <span class='ocrx_word' id='word_1_158' title='bbox 387 2197 489 2266; x_wconf 89' lang='lat' dir='ltr'>aptum</span> <span class='ocrx_word' id='word_1_159' title='bbox 512 2194 619 2264; x_wconf 84' lang='lat' dir='ltr'>solum,</span> <span class='ocrx_word' id='word_1_160' title='bbox 650 2193 740 2265; x_wconf 83' lang='lat' dir='ltr'>quale</span> <span class='ocrx_word' id='word_1_161' title='bbox 767 2194 799 2251; x_wconf 85' lang='lat' dir='ltr'>ia</span> <span class='ocrx_word' id='word_1_162' title='bbox 821 2190 959 2268; x_wconf 76' lang='lat' dir='ltr'>Byzacia</span> <span class='ocrx_word' id='word_1_163' title='bbox 981 2190 1110 2278; x_wconf 78' lang='lat' dir='ltr'>Africae</span> <span class='ocrx_word' id='word_1_164' title='bbox 1132 2209 1247 2268; x_wconf 83' lang='lat' dir='ltr'>campo,</span> 
     </span>
     <span class='ocr_line' id='line_1_19' title="bbox 120 2294 1246 2374; baseline 0.004 -20"><span class='ocrx_word' id='word_1_165' title='bbox 120 2301 228 2358; x_wconf 70' lang='lat' dir='ltr'>ruteni</span> <span class='ocrx_word' id='word_1_166' title='bbox 257 2300 465 2374; x_wconf 76' lang='lat' dir='ltr'>auinquapeni</span> <span class='ocrx_word' id='word_1_167' title='bbox 496 2299 589 2357; x_wconf 83' lang='lat' dir='ltr'>modii</span> <span class='ocrx_word' id='word_1_168' title='bbox 622 2299 803 2359; x_wconf 86' lang='lat' dir='ltr'>reddantur.</span> <span class='ocrx_word' id='word_1_169' title='bbox 849 2296 929 2356; x_wconf 88' lang='lat' dir='ltr'>idem</span> <span class='ocrx_word' id='word_1_170' title='bbox 962 2304 1059 2357; x_wconf 78' lang='lat' dir='ltr'>tamur</span> <span class='ocrx_word' id='word_1_171' title='bbox 1093 2294 1178 2360; x_wconf 84' lang='lat' dir='ltr'>v24</span> <span class='ocrx_word' id='word_1_172' title='bbox 1210 2297 1246 2359; x_wconf 90' lang='lat' dir='ltr'>de</span> 
     </span>
     <span class='ocr_line' id='line_1_20' title="bbox 120 2402 1246 2484; baseline 0.002 -21"><span class='ocrx_word' id='word_1_173' title='bbox 120 2421 134 2463; x_wconf 74' lang='lat' dir='ltr'>e</span> <span class='ocrx_word' id='word_1_174' title='bbox 167 2405 265 2465; x_wconf 88' lang='lat' dir='ltr'>eodem</span> <span class='ocrx_word' id='word_1_175' title='bbox 281 2404 403 2484; x_wconf 78' lang='lat' dir='ltr'>Byzacio</span> <span class='ocrx_word' id='word_1_176' title='bbox 425 2402 529 2464; x_wconf 86' lang='lat' dir='ltr'>scribit</span> <span class='ocrx_word' id='word_1_177' title='bbox 547 2407 590 2464; x_wconf 82' lang='lat' dir='ltr'>ito</span> <span class='ocrx_word' id='word_1_178' title='bbox 610 2406 782 2481; x_wconf 85' lang='lat' dir='ltr'>appellatur</span> <span class='ocrx_word' id='word_1_179' title='bbox 796 2406 881 2480; x_wconf 74' lang='lat' dir='ltr'>nepio</span> <span class='ocrx_word' id='word_1_180' title='bbox 899 2403 1010 2464; x_wconf 81' lang='lat' dir='ltr'><em>CCLM</em></span> <span class='ocrx_word' id='word_1_181' title='bbox 1019 2422 1050 2480; x_wconf 88' lang='lat' dir='ltr'>p.</span> <span class='ocrx_word' id='word_1_182' title='bbox 1061 2422 1120 2479; x_wconf 87' lang='lat' dir='ltr'>per</span> <span class='ocrx_word' id='word_1_183' title='bbox 1134 2407 1246 2465; x_wconf 83' lang='lat' dir='ltr'>circui·</span> 
     </span>
     <span class='ocr_line' id='line_1_21' title="bbox 120 2508 1246 2588; baseline 0.003 -19"><span class='ocrx_word' id='word_1_184' title='bbox 120 2529 174 2570; x_wconf 82' lang='lat' dir='ltr'>rm</span> <span class='ocrx_word' id='word_1_185' title='bbox 201 2511 370 2588; x_wconf 70' lang='lat' dir='ltr'>fertilitatis</span> <span class='ocrx_word' id='word_1_186' title='bbox 402 2514 534 2572; x_wconf 75' lang='lat' dir='ltr'>eximiae</span> <span class='ocrx_word' id='word_1_187' title='bbox 565 2529 632 2572; x_wconf 89' lang='lat' dir='ltr'>cum</span> <span class='ocrx_word' id='word_1_188' title='bbox 665 2513 827 2572; x_wconf 87' lang='lat' dir='ltr'>centesima</span> <span class='ocrx_word' id='word_1_189' title='bbox 856 2510 950 2587; x_wconf 78' lang='lat' dir='ltr'>srnpe</span> <span class='ocrx_word' id='word_1_190' title='bbox 982 2513 1127 2585; x_wconf 72' lang='lat' dir='ltr'>narrantis</span> <span class='ocrx_word' id='word_1_191' title='bbox 1155 2508 1246 2586; x_wconf 85' lang='lat' dir='ltr'>senus</span> 
     </span>
     <span class='ocr_line' id='line_1_22' title="bbox 120 2621 370 2681; baseline 0.004 -3"><span class='ocrx_word' id='word_1_192' title='bbox 120 2621 252 2680; x_wconf 79' lang='lat' dir='ltr'>edaeme</span> <span class='ocrx_word' id='word_1_193' title='bbox 275 2629 370 2681; x_wconf 85' lang='lat' dir='ltr'>terra.</span> 
     </span>
    </p>

    <p class='ocr_par' dir='ltr' id='par_1_6' title="bbox 120 2725 1246 3013">
     <span class='ocr_line' id='line_1_23' title="bbox 191 2725 1246 2805; baseline -0.004 -15"><span class='ocrx_word' id='word_1_194' title='bbox 191 2725 216 2792; x_wconf 70' lang='lat'>,2</span> <span class='ocrx_word' id='word_1_195' title='bbox 246 2730 294 2786; x_wconf 86' lang='lat' dir='ltr'>An</span> <span class='ocrx_word' id='word_1_196' title='bbox 317 2729 349 2786; x_wconf 87' lang='lat' dir='ltr'>in</span> <span class='ocrx_word' id='word_1_197' title='bbox 372 2734 514 2787; x_wconf 69' lang='lat' dir='ltr'>nunciato</span> <span class='ocrx_word' id='word_1_198' title='bbox 537 2744 615 2801; x_wconf 84' lang='lat' dir='ltr'>quae</span> <span class='ocrx_word' id='word_1_199' title='bbox 644 2728 795 2787; x_wconf 86' lang='lat' dir='ltr'>interdum</span> <span class='ocrx_word' id='word_1_200' title='bbox 823 2727 971 2799; x_wconf 80' lang='lat' dir='ltr'>requierit</span> <span class='ocrx_word' id='word_1_201' title='bbox 999 2727 1105 2805; x_wconf 85' lang='lat' dir='ltr'>scripsi</span> <span class='ocrx_word' id='word_1_202' title='bbox 1133 2736 1246 2787; x_wconf 88' lang='lat' dir='ltr'>remota</span> 
     </span>
     <span class='ocr_line' id='line_1_24' title="bbox 120 2830 1244 2914; baseline 0.005 -26"><span class='ocrx_word' id='word_1_203' title='bbox 120 2848 196 2891; x_wconf 79' lang='lat' dir='ltr'>rara</span> <span class='ocrx_word' id='word_1_204' title='bbox 218 2832 375 2894; x_wconf 83' lang='lat' dir='ltr'>verborum</span> <span class='ocrx_word' id='word_1_205' title='bbox 400 2831 603 2913; x_wconf 88' lang='lat' dir='ltr'>distinctione,</span> <span class='ocrx_word' id='word_1_206' title='bbox 629 2851 704 2912; x_wconf 89' lang='lat' dir='ltr'>quae</span> <span class='ocrx_word' id='word_1_207' title='bbox 728 2851 763 2893; x_wconf 84' lang='lat' dir='ltr'>er</span> <span class='ocrx_word' id='word_1_208' title='bbox 788 2830 939 2893; x_wconf 87' lang='lat' dir='ltr'>veteribus</span> <span class='ocrx_word' id='word_1_209' title='bbox 968 2832 1149 2894; x_wconf 87' lang='lat' dir='ltr'>editionibus</span> <span class='ocrx_word' id='word_1_210' title='bbox 1177 2853 1244 2914; x_wconf 91' lang='lat' dir='ltr'>pro·</span> 
     </span>
     <span class='ocr_line' id='line_1_25' title="bbox 120 2949 303 3013; baseline 0.027 -17"><span class='ocrx_word' id='word_1_211' title='bbox 120 2949 208 3013; x_wconf 73' lang='lat' dir='ltr'>»agata</span> <span class='ocrx_word' id='word_1_212' title='bbox 231 2950 303 3000; x_wconf 87' lang='lat' dir='ltr'>erat.</span> 
     </span>
    </p>

    <p class='ocr_par' dir='ltr' id='par_1_7' title="bbox 120 3043 1245 3556">
     <span class='ocr_line' id='line_1_26' title="bbox 194 3043 1243 3125; baseline 0 -17"><span class='ocrx_word' id='word_1_213' title='bbox 194 3045 215 3109; x_wconf 88' lang='lat'><strong>3</strong></span> <span class='ocrx_word' id='word_1_214' title='bbox 251 3047 287 3106; x_wconf 95' lang='lat' dir='ltr'>ln</span> <span class='ocrx_word' id='word_1_215' title='bbox 320 3045 481 3125; x_wconf 84' lang='lat' dir='ltr'>olyntbia</span> <span class='ocrx_word' id='word_1_216' title='bbox 515 3045 608 3125; x_wconf 92' lang='lat' dir='ltr'>quod</span> <span class='ocrx_word' id='word_1_217' title='bbox 641 3047 742 3106; x_wconf 91' lang='lat' dir='ltr'>annis</span> <span class='ocrx_word' id='word_1_218' title='bbox 770 3043 957 3106; x_wconf 87' lang='lat' dir='ltr'>restibilia</span> <span class='ocrx_word' id='word_1_219' title='bbox 988 3062 1066 3106; x_wconf 86' lang='lat' dir='ltr'>csse</span> <span class='ocrx_word' id='word_1_220' title='bbox 1100 3046 1243 3125; x_wconf 87' lang='lat' dir='ltr'>dicunt]</span> 
     </span>
     <span class='ocr_line' id='line_1_27' title="bbox 120 3144 1245 3233; baseline 0 -21"><span class='ocrx_word' id='word_1_221' title='bbox 120 3144 198 3213; x_wconf 70' lang='grc' dir='ltr'>9νοιί</span> <span class='ocrx_word' id='word_1_222' title='bbox 215 3158 311 3228; x_wconf 73' lang='lat' dir='ltr'>ararnio,</span> <span class='ocrx_word' id='word_1_223' title='bbox 331 3153 409 3232; x_wconf 91' lang='lat' dir='ltr'>quod</span> <span class='ocrx_word' id='word_1_224' title='bbox 430 3171 464 3213; x_wconf 88' lang='lat' dir='ltr'>ex</span> <span class='ocrx_word' id='word_1_225' title='bbox 485 3153 690 3233; x_wconf 89' lang='lat' dir='ltr'>superioribus</span> <span class='ocrx_word' id='word_1_226' title='bbox 710 3151 826 3213; x_wconf 84' lang='lat' dir='ltr'>ridetur</span> <span class='ocrx_word' id='word_1_227' title='bbox 851 3152 1010 3231; x_wconf 85' lang='lat' dir='ltr'>repetitum</span> <span class='ocrx_word' id='word_1_228' title='bbox 1030 3170 1104 3232; x_wconf 88' lang='lat' dir='ltr'>esse,</span> <span class='ocrx_word' id='word_1_229' title='bbox 1124 3152 1245 3233; x_wconf 81' lang='lat' dir='ltr'>inclusi3</span> 
     </span>
     <span class='ocr_line' id='line_1_28' title="bbox 120 3248 1244 3339; baseline 0.014 -35"><span class='ocrx_word' id='word_1_230' title='bbox 120 3248 242 3322; x_wconf 88' lang='lat' dir='ltr'>itiosum</span> <span class='ocrx_word' id='word_1_231' title='bbox 278 3279 344 3322; x_wconf 85' lang='lat' dir='ltr'>esse</span> <span class='ocrx_word' id='word_1_232' title='bbox 378 3270 428 3322; x_wconf 89' lang='lat' dir='ltr'>aut</span> <span class='ocrx_word' id='word_1_233' title='bbox 461 3261 628 3321; x_wconf 83' lang='lat' dir='ltr'>redundare</span> <span class='ocrx_word' id='word_1_234' title='bbox 662 3258 862 3320; x_wconf 90' lang='lat' dir='ltr'>Schneiderus</span> <span class='ocrx_word' id='word_1_235' title='bbox 896 3257 1053 3318; x_wconf 85' lang='lat' dir='ltr'>adnotavit.</span> <span class='ocrx_word' id='word_1_236' title='bbox 1095 3258 1244 3339; x_wconf 89' lang='lat' dir='ltr'>Theopbr.</span> 
     </span>
     <span class='ocr_line' id='line_1_29' title="bbox 120 3356 1244 3449; baseline -0.001 -21"><span class='ocrx_word' id='word_1_237' title='bbox 120 3369 125 3407; x_wconf 69' lang='lat'><em>⁹</em></span> <span class='ocrx_word' id='word_1_238' title='bbox 144 3379 244 3430; x_wconf 78' lang='lat' dir='ltr'>caus.</span> <span class='ocrx_word' id='word_1_239' title='bbox 263 3368 353 3449; x_wconf 89' lang='lat' dir='ltr'>plant.</span> <span class='ocrx_word' id='word_1_240' title='bbox 372 3367 384 3426; x_wconf 87' lang='grc' dir='ltr'>Ι</span> <span class='ocrx_word' id='word_1_241' title='bbox 403 3364 460 3448; x_wconf 79' lang='lat'>20,</span> <span class='ocrx_word' id='word_1_242' title='bbox 479 3365 500 3428; x_wconf 83' lang='lat'>4</span> <span class='ocrx_word' id='word_1_243' title='bbox 524 3362 559 3431; x_wconf 82' lang='grc' dir='ltr'>ἐν</span> <span class='ocrx_word' id='word_1_244' title='bbox 584 3370 668 3446; x_wconf 83' lang='grc' dir='ltr'><strong><em>γοῦν</em></strong></span> <span class='ocrx_word' id='word_1_245' title='bbox 696 3363 736 3447; x_wconf 74' lang='grc' dir='ltr'>τῇ</span> <span class='ocrx_word' id='word_1_246' title='bbox 756 3357 917 3448; x_wconf 79' lang='grc' dir='ltr'><strong><em>Ὀλυνθίᾳ</em></strong></span> <span class='ocrx_word' id='word_1_247' title='bbox 940 3360 1044 3445; x_wconf 85' lang='grc' dir='ltr'><strong><em>φασὶν</em></strong></span> <span class='ocrx_word' id='word_1_248' title='bbox 1069 3356 1114 3439; x_wconf 80' lang='grc' dir='ltr'>ὡς</span> <span class='ocrx_word' id='word_1_249' title='bbox 1138 3357 1193 3427; x_wconf 82' lang='grc' dir='ltr'>ἀεί</span> <span class='ocrx_word' id='word_1_250' title='bbox 1212 3370 1244 3428; x_wconf 80' lang='lat' dir='ltr'>ri</span> 
     </span>
     <span class='ocr_line' id='line_1_30' title="bbox 120 3463 1102 3556; baseline -0.005 -18"><span class='ocrx_word' id='word_1_251' title='bbox 120 3480 322 3556; x_wconf 72' lang='lat' dir='ltr'>l’aeopopei,</span> <span class='ocrx_word' id='word_1_252' title='bbox 344 3465 560 3555; x_wconf 73' lang='grc' dir='ltr'><strong><em>παραλλαγὴν</em></strong></span> <span class='ocrx_word' id='word_1_253' title='bbox 583 3467 620 3534; x_wconf 72' lang='lat' dir='ltr'>di</span> <span class='ocrx_word' id='word_1_254' title='bbox 643 3477 818 3534; x_wconf 81' lang='grc' dir='ltr'>ποιοῦνται</span> <span class='ocrx_word' id='word_1_255' title='bbox 841 3463 923 3533; x_wconf 74' lang='grc' dir='ltr'><strong><em>κατὰ</em></strong></span> <span class='ocrx_word' id='word_1_256' title='bbox 946 3471 1102 3551; x_wconf 80' lang='grc' dir='ltr'><strong><em>τριετίαν.</em></strong></span> 
     </span>
    </p>

    <p class='ocr_par' dir='ltr' id='par_1_8' title="bbox 120 3578 1243 4090">
     <span class='ocr_line' id='line_1_31' title="bbox 195 3578 1242 3661; baseline -0.002 -18"><span class='ocrx_word' id='word_1_257' title='bbox 195 3583 361 3661; x_wconf 84' lang='lat' dir='ltr'>Relinqui</span> <span class='ocrx_word' id='word_1_258' title='bbox 390 3588 535 3659; x_wconf 88' lang='lat' dir='ltr'>oportet</span> <span class='ocrx_word' id='word_1_259' title='bbox 563 3580 668 3659; x_wconf 91' lang='lat' dir='ltr'>paulo</span> <span class='ocrx_word' id='word_1_260' title='bbox 697 3589 757 3641; x_wconf 89' lang='lat' dir='ltr'>aut</span> <span class='ocrx_word' id='word_1_261' title='bbox 785 3578 992 3640; x_wconf 89' lang='lat' dir='ltr'>leuioribus</span> <span class='ocrx_word' id='word_1_262' title='bbox 1019 3579 1242 3659; x_wconf 89' lang='lat' dir='ltr'>sationibus]</span> 
     </span>
     <span class='ocr_line' id='line_1_32' title="bbox 120 3687 1242 3770; baseline -0.004 -18"><span class='ocrx_word' id='word_1_263' title='bbox 120 3688 279 3752; x_wconf 73' lang='lat' dir='ltr'>‘laam</span> <span class='ocrx_word' id='word_1_264' title='bbox 303 3688 371 3770; x_wconf 92' lang='lat' dir='ltr'>libri</span> <span class='ocrx_word' id='word_1_265' title='bbox 394 3706 482 3749; x_wconf 90' lang='lat' dir='ltr'>manu</span> <span class='ocrx_word' id='word_1_266' title='bbox 507 3690 610 3767; x_wconf 90' lang='lat' dir='ltr'>scripti</span> <span class='ocrx_word' id='word_1_267' title='bbox 633 3705 745 3768; x_wconf 89' lang='lat' dir='ltr'>omnes,</span> <span class='ocrx_word' id='word_1_268' title='bbox 773 3696 827 3748; x_wconf 90' lang='lat' dir='ltr'>out</span> <span class='ocrx_word' id='word_1_269' title='bbox 845 3690 940 3764; x_wconf 88' lang='lat' dir='ltr'>paulo</span> <span class='ocrx_word' id='word_1_270' title='bbox 967 3688 997 3746; x_wconf 93' lang='lat' dir='ltr'>in</span> <span class='ocrx_word' id='word_1_271' title='bbox 1025 3689 1159 3768; x_wconf 87' lang='lat' dir='ltr'>principe</span> <span class='ocrx_word' id='word_1_272' title='bbox 1183 3687 1242 3748; x_wconf 90' lang='lat' dir='ltr'>edi·</span> 
     </span>
     <span class='ocr_line' id='line_1_33' title="bbox 129 3795 1243 3872; baseline -0.002 -14"><span class='ocrx_word' id='word_1_273' title='bbox 129 3807 179 3850; x_wconf 66' lang='grc' dir='ltr'>Ε</span> <span class='ocrx_word' id='word_1_274' title='bbox 213 3797 375 3858; x_wconf 87' lang='lat' dir='ltr'>Politianus</span> <span class='ocrx_word' id='word_1_275' title='bbox 406 3814 465 3855; x_wconf 93' lang='lat' dir='ltr'>non</span> <span class='ocrx_word' id='word_1_276' title='bbox 498 3797 635 3856; x_wconf 81' lang='lat' dir='ltr'>correxit.</span> <span class='ocrx_word' id='word_1_277' title='bbox 679 3804 733 3856; x_wconf 86' lang='lat' dir='ltr'>aut</span> <span class='ocrx_word' id='word_1_278' title='bbox 761 3799 854 3872; x_wconf 86' lang='lat' dir='ltr'>paulo</span> <span class='ocrx_word' id='word_1_279' title='bbox 887 3795 1049 3855; x_wconf 84' lang='lat' dir='ltr'>leuioribus</span> <span class='ocrx_word' id='word_1_280' title='bbox 1075 3797 1243 3856; x_wconf 85' lang='lat' dir='ltr'>sationibus</span> 
     </span>
     <span class='ocr_line' id='line_1_34' title="bbox 120 3901 1242 3983; baseline -0.004 -18"><span class='ocrx_word' id='word_1_281' title='bbox 120 3908 208 3965; x_wconf 61' lang='lat' dir='ltr'>‘re</span> <span class='ocrx_word' id='word_1_282' title='bbox 231 3901 391 3965; x_wconf 81' lang='lat' dir='ltr'>lncrrndus.</span> <span class='ocrx_word' id='word_1_283' title='bbox 426 3922 538 3977; x_wconf 81' lang='lat' dir='ltr'>serere,</span> <span class='ocrx_word' id='word_1_284' title='bbox 562 3902 639 3983; x_wconf 90' lang='lat' dir='ltr'>quod</span> <span class='ocrx_word' id='word_1_285' title='bbox 665 3922 700 3964; x_wconf 84' lang='lat' dir='ltr'>ex</span> <span class='ocrx_word' id='word_1_286' title='bbox 719 3901 823 3963; x_wconf 75' lang='lat' dir='ltr'>Aldina</span> <span class='ocrx_word' id='word_1_287' title='bbox 848 3901 977 3962; x_wconf 89' lang='lat' dir='ltr'>editione</span> <span class='ocrx_word' id='word_1_288' title='bbox 997 3910 1150 3978; x_wconf 87' lang='lat' dir='ltr'>receptum</span> <span class='ocrx_word' id='word_1_289' title='bbox 1170 3910 1242 3978; x_wconf 89' lang='lat' dir='ltr'>erat,</span> 
     </span>
     <span class='ocr_line' id='line_1_35' title="bbox 120 4007 1059 4090; baseline -0.005 -18"><span class='ocrx_word' id='word_1_290' title='bbox 120 4014 248 4072; x_wconf 67' lang='lat' dir='ltr'>rnanu</span> <span class='ocrx_word' id='word_1_291' title='bbox 272 4013 392 4090; x_wconf 85' lang='lat' dir='ltr'>scriptis</span> <span class='ocrx_word' id='word_1_292' title='bbox 416 4009 499 4071; x_wconf 93' lang='lat' dir='ltr'>libris</span> <span class='ocrx_word' id='word_1_293' title='bbox 524 4029 581 4070; x_wconf 93' lang='lat' dir='ltr'>non</span> <span class='ocrx_word' id='word_1_294' title='bbox 606 4009 722 4090; x_wconf 83' lang='lat' dir='ltr'>legitur.</span> <span class='ocrx_word' id='word_1_295' title='bbox 759 4013 858 4089; x_wconf 85' lang='lat' dir='ltr'>itaque</span> <span class='ocrx_word' id='word_1_296' title='bbox 882 4017 936 4069; x_wconf 89' lang='lat' dir='ltr'>aut</span> <span class='ocrx_word' id='word_1_297' title='bbox 958 4007 1059 4067; x_wconf 87' lang='lat' dir='ltr'>delevi.</span> 
     </span>
    </p>

    <p class='ocr_par' dir='ltr' id='par_1_9' title="bbox 120 4113 1241 4520">
     <span class='ocr_line' id='line_1_36' title="bbox 196 4113 1241 4197; baseline -0.004 -19"><span class='ocrx_word' id='word_1_298' title='bbox 196 4119 343 4179; x_wconf 85' lang='lat' dir='ltr'>Dicetur</span> <span class='ocrx_word' id='word_1_299' title='bbox 375 4119 494 4196; x_wconf 89' lang='lat' dir='ltr'>inquit</span> <span class='ocrx_word' id='word_1_300' title='bbox 522 4119 643 4197; x_wconf 84' lang='lat' dir='ltr'>agrius</span> <span class='ocrx_word' id='word_1_301' title='bbox 666 4117 707 4178; x_wconf 88' lang='lat' dir='ltr'>de</span> <span class='ocrx_word' id='word_1_302' title='bbox 735 4117 846 4177; x_wconf 91' lang='lat' dir='ltr'>tertio</span> <span class='ocrx_word' id='word_1_303' title='bbox 873 4114 982 4193; x_wconf 83' lang='lat' dir='ltr'>gradu</span> <span class='ocrx_word' id='word_1_304' title='bbox 1010 4113 1051 4173; x_wconf 92' lang='lat' dir='ltr'>de</span> <span class='ocrx_word' id='word_1_305' title='bbox 1082 4116 1241 4175; x_wconf 88' lang='lat' dir='ltr'>nutrica·</span> 
     </span>
     <span class='ocr_line' id='line_1_37' title="bbox 125 4219 1241 4303; baseline 0 -21"><span class='ocrx_word' id='word_1_306' title='bbox 125 4223 266 4286; x_wconf 66' lang='lat' dir='ltr'>nibus</span> <span class='ocrx_word' id='word_1_307' title='bbox 298 4223 412 4303; x_wconf 88' lang='lat' dir='ltr'>adque</span> <span class='ocrx_word' id='word_1_308' title='bbox 445 4222 625 4284; x_wconf 85' lang='lat' dir='ltr'>alimoniis</span> <span class='ocrx_word' id='word_1_309' title='bbox 659 4221 798 4300; x_wconf 89' lang='lat' dir='ltr'>eorum]</span> <span class='ocrx_word' id='word_1_310' title='bbox 837 4224 913 4282; x_wconf 77' lang='lat' dir='ltr'>Dice</span> <span class='ocrx_word' id='word_1_311' title='bbox 950 4225 1045 4297; x_wconf 80' lang='lat' dir='ltr'>ipitur</span> <span class='ocrx_word' id='word_1_312' title='bbox 1078 4219 1241 4282; x_wconf 84' lang='lat' dir='ltr'>Pontedera</span> 
     </span>
     <span class='ocr_line' id='line_1_38' title="bbox 120 4316 1241 4410; baseline 0.004 -25"><span class='ocrx_word' id='word_1_313' title='bbox 120 4316 227 4410; x_wconf 79' lang='lat'>160,</span> <span class='ocrx_word' id='word_1_314' title='bbox 250 4330 328 4410; x_wconf 84' lang='lat' dir='ltr'>quod</span> <span class='ocrx_word' id='word_1_315' title='bbox 353 4329 554 4391; x_wconf 88' lang='lat' dir='ltr'>Schneiderus</span> <span class='ocrx_word' id='word_1_316' title='bbox 577 4329 719 4410; x_wconf 84' lang='lat' dir='ltr'>probavit.</span> <span class='ocrx_word' id='word_1_317' title='bbox 756 4329 792 4389; x_wconf 89' lang='lat' dir='ltr'>de</span> <span class='ocrx_word' id='word_1_318' title='bbox 820 4329 906 4388; x_wconf 88' lang='lat' dir='ltr'>tertio</span> <span class='ocrx_word' id='word_1_319' title='bbox 931 4327 1038 4408; x_wconf 82' lang='lat' dir='ltr'>gradu,</span> <span class='ocrx_word' id='word_1_320' title='bbox 1061 4331 1114 4407; x_wconf 83' lang='lat' dir='ltr'>qui</span> <span class='ocrx_word' id='word_1_321' title='bbox 1137 4339 1183 4390; x_wconf 88' lang='lat' dir='ltr'>est</span> <span class='ocrx_word' id='word_1_322' title='bbox 1205 4329 1241 4390; x_wconf 90' lang='lat' dir='ltr'>de</span> 
     </span>
     <span class='ocr_line' id='line_1_39' title="bbox 120 4427 1241 4520; baseline 0.004 -27"><span class='ocrx_word' id='word_1_323' title='bbox 120 4427 356 4499; x_wconf 54' lang='lat' dir='ltr'>tricationibus</span> <span class='ocrx_word' id='word_1_324' title='bbox 380 4447 410 4498; x_wconf 88' lang='lat' dir='ltr'>et</span> <span class='ocrx_word' id='word_1_325' title='bbox 432 4438 577 4498; x_wconf 90' lang='lat' dir='ltr'>alimoniis</span> <span class='ocrx_word' id='word_1_326' title='bbox 602 4437 761 4517; x_wconf 77' lang='lat' dir='ltr'>fructuum,</span> <span class='ocrx_word' id='word_1_327' title='bbox 785 4438 862 4496; x_wconf 89' lang='lat' dir='ltr'>sicut</span> <span class='ocrx_word' id='word_1_328' title='bbox 886 4434 921 4495; x_wconf 88' lang='lat' dir='ltr'>dc</span> <span class='ocrx_word' id='word_1_329' title='bbox 945 4434 1068 4514; x_wconf 90' lang='lat' dir='ltr'>reliquis</span> <span class='ocrx_word' id='word_1_330' title='bbox 1093 4436 1241 4520; x_wconf 82' lang='lat' dir='ltr'>gradibus,</span> 
     </span>
    </p>
   </div>
   <div class='ocr_carea' id='block_1_4' title="bbox 0 0 1442 4994">
    <p class='ocr_par' dir='ltr' id='par_1_10' title="bbox 0 0 1442 4994">
     <span class='ocr_line' id='line_1_40' title="bbox 0 0 1442 4994; baseline 0 0"><span class='ocrx_word' id='word_1_331' title='bbox 0 0 1442 4994; x_wconf 95' lang='lat' dir='ltr'> </span> 
     </span>
    </p>
   </div>
  </div>
 </body>
</html>
