2874 4994
343 110 391 164 DE
410 109 498 165 AGRI
517 105 693 165 CVLTVRA
712 110 852 167 LIBRVM
871 112 899 166 Ο.
922 112 937 166 1
1196 107 1214 170 7

157 266 260 328 Nunc
293 273 330 327 ut
357 265 398 327 ad
426 284 499 326 rern
531 265 672 326 redeam
706 266 796 345 quod
830 269 979 347 promisi
1007 269 1215 331 institutum

66 375 290 454 principium
317 372 383 433 hoc
411 370 494 450 erit]
520 374 711 450 Principium
738 372 808 433 libri
830 392 919 434 manu
944 377 1048 454 scripti
1072 385 1101 436 et
1124 376 1215 437 editio

67 480 205 561 Victorii,
235 484 368 558 primum
400 479 477 541 edita
510 487 578 540 ante
606 477 770 540 victorium
800 480 985 559 exemplaria.
1036 485 1215 561 principium

66 599 169 648 autem
193 589 304 649 dicitur
327 589 392 648 eius
415 589 553 666 instituti,
577 587 654 666 quod
676 586 746 648 Cato
765 589 943 666 promiserat
962 588 1007 648 vel
1026 591 1214 651 efficiendum

66 703 243 774 susceperat
267 704 343 773 tum,
371 713 439 755 curn
462 693 571 754 librum
594 693 630 754 de
655 697 719 774 agri
742 694 858 755 cultura
881 695 1013 756 scribere
1033 696 1214 759 instituebat.

65 805 188 863 omissis
210 804 303 880 igitur
326 803 363 861 iis
387 820 462 880 quae
486 801 523 861 de
546 808 713 861 mercatura
735 801 883 880 disputata
902 802 1026 863 suntad
1048 821 1109 863 rem
1129 806 1214 865 etad

65 911 240 970 institutum
264 907 332 969 libri
350 907 435 969 redit.
473 910 578 970 redire
595 927 650 989 pro
670 912 773 970 venire
792 909 905 971 dictum
924 909 1081 972 Turnebus
1101 912 1213 972 advers.

66 1014 118 1096 28,
132 1015 178 1079 47
203 1020 426 1095 interpretatur.

156 1127 173 1185 I
199 1122 215 1187 l
245 1124 339 1184 Neue
367 1142 474 1202 opera
504 1133 562 1185 tua
588 1142 715 1203 parcas
740 1124 873 1203 uisere]
898 1125 1009 1186 Colum.
1035 1124 1131 1207 14‚1
1161 1129 1213 1190 Se-

65 1236 174 1308 quitur
197 1235 340 1309 deinceps
356 1233 576 1293 Caesonianum
595 1240 803 1309 prueceptum,
826 1250 885 1307 quo
905 1232 1009 1308 fertur
1033 1252 1104 1294 usus
1123 1238 1215 1295 etiarn

68 1341 145 1400 Coto
170 1338 311 1412 Murcus,
339 1356 449 1415 aprum
477 1357 542 1401 esse
564 1340 756 1400 revisendum
777 1343 900 1417 saepius
924 1358 1003 1414 eum,
1032 1358 1118 1415 quem
1142 1345 1213 1402 uelis

64 1450 214 1507 rnercori.
239 1478 277 1489 -
303 1464 415 1523 operae
438 1466 477 1507 ne
496 1465 613 1523 porcos
636 1445 749 1507 Plinius
773 1445 791 1506 l.
816 1464 849 1527 c,
872 1464 970 1525 noque
994 1446 1030 1506 ab
1053 1446 1118 1507 aliis
1137 1466 1213 1525 por·

64 1572 139 1614 cere
171 1571 240 1613 cum
272 1552 398 1613 ablativo
431 1572 502 1613 casu
533 1553 645 1614 dictum
673 1572 738 1613 esso
767 1554 893 1614 invenio.
942 1571 1056 1631 operae
1079 1573 1214 1632 parcere

63 1661 177 1738 legitur
195 1659 288 1720 Plaut.
309 1660 367 1719 mil.
387 1659 460 1738 glor.
477 1658 563 1722 1380
581 1677 694 1736 operae
712 1678 772 1721 nou
787 1678 918 1737 porcum
937 1678 1022 1722 meae
1040 1669 1071 1721 et
1089 1679 1213 1738 operum

63 1766 192 1828 llostell
213 1764 276 1829 104
297 1785 421 1844 operum
439 1786 499 1829 nou
515 1775 652 1845 parcunt
669 1785 772 1839 suom;
796 1767 846 1828 sod
862 1786 980 1846 porcus
999 1786 1067 1828 cum
1087 1768 1212 1829 ablativo

63 1873 141 1934 uuo.
166 1872 231 1936 919
255 1894 349 1951 opero
371 1877 458 1936 lroud
476 1873 527 1950 sui
544 1892 661 1951 pareus
684 1892 759 1936 meo.

157 1979 177 2042 2
200 1981 243 2042 lit
267 1984 333 2042 uiti
355 2001 394 2043 eo
412 1984 574 2058 introeas
593 1990 626 2041 ot
646 1983 921 2060 circumspicias
941 1984 992 2042 uti
1012 1983 1092 2043 inde
1113 1985 1211 2043 exire

61 2088 200 2168 possis]
225 2091 264 2149 Et
290 2093 337 2150 uti
362 2108 397 2151 eo
426 2093 560 2152 introeas·
584 2088 750 2168 apographa
773 2089 926 2168 italorum,
955 2098 984 2149 et
1007 2092 1143 2150 uticum
1167 2094 1210 2150 iu-

59 2208 168 2258 troeus
200 2194 324 2279 (omisso
354 2190 403 2279 eo)
431 2195 551 2257 Merula.
602 2203 631 2258 et
662 2199 709 2256 uti
739 2215 773 2258 eo
806 2214 875 2257 cum
907 2199 1054 2270 introeas,
1087 2199 1209 2257 circuu-

57 2307 186 2381 spicius.
231 2307 278 2364 uti
293 2307 375 2366 iude
401 2307 486 2364 exiri
506 2308 603 2381 possit
629 2301 794 2383 iucundus,
823 2302 900 2382 quod
929 2303 965 2363 de
993 2301 1146 2363 crectihus
1174 2303 1228 2362 ad·

58 2411 246 2491 exportanda
263 2431 297 2471 en
316 2430 392 2491 quae
412 2420 540 2472 veneunt
554 2411 712 2472 Turnebus
730 2410 844 2471 advers.
860 2407 911 2491 28,
925 2407 966 2471 47
988 2412 1210 2488 interpretaur.

58 2528 92 2580 et
119 2523 168 2579 uti
195 2537 229 2579 eo
252 2522 400 2593 innocuo,
427 2522 672 2601 circumspicias,
700 2526 729 2580 et
752 2521 798 2578 uti
820 2520 891 2578 inde
913 2520 1001 2577 exire
1021 2520 1119 2594 possis
1142 2536 1210 2577 con-

57 2628 135 2686 iecit
153 2623 323 2686 Errssnerns
340 2623 481 2703 Plrilolog.
496 2626 639 2702 Anneiger
660 2644 683 2685 v.
702 2622 742 2685 14
761 2644 788 2704 p.
808 2620 882 2686 305.
915 2625 1033 2683 restitui
1052 2623 1209 2685 lectionem

58 2751 154 2793 manu
183 2734 362 2810 scriptorum
390 2731 544 2793 librorum.
595 2751 662 2792 nam
690 2732 746 2792 hoc
774 2733 970 2812 praecipitur,
998 2731 1208 2791 introeundum

58 2859 130 2902 esse
154 2842 185 2900 in
209 2840 362 2920 praedium
386 2848 417 2899 et
439 2838 753 2919 circumspiciendum,
776 2857 851 2917 qnos
876 2840 972 2898 exitus
996 2837 1110 2898 haheat.

155 2947 237 3007 Solo
261 2946 352 3006 hono
376 2965 438 3006 sua
463 2948 599 3006 uirtute
624 2946 754 3023 ualeat]
779 2948 881 3007 Solum
904 2948 1013 3007 bouum
1037 2944 1150 3007 llerula
1172 2965 1207 3005 ex

58 3055 160 3116 Plinio
183 3052 273 3113 lll'lll
295 3051 338 3115 28
371 3055 443 3114 Coto
471 3057 551 3115 iuter
575 3056 678 3130 prium
705 3056 843 3130 spectari
869 3054 951 3112 iubet
979 3060 1012 3112 ut
1033 3055 1128 3113 sotum
1150 3071 1207 3112 suu

59 3166 177 3225 mente
204 3166 304 3222 uolent
329 3179 391 3236 pua
420 3162 533 3221 dictum
561 3169 606 3222 est
628 3163 791 3237 positione,
819 3168 854 3219 ut
880 3162 1091 3236 operariorum
1119 3163 1207 3236 copia

58 3287 158 3347 prope
176 3272 216 3328 sit
233 3271 434 3345 oppidumque
448 3270 589 3348 ualidum,
608 3277 642 3327 ut
656 3270 848 3344 nooipiorum
863 3273 983 3328 euectus
997 3269 1044 3325 uei
1056 3269 1207 3339 itinerum,

63 3377 195 3437 uidene
218 3377 398 3448 aedificatus
421 3382 451 3436 et
473 3377 580 3436 cuitus.
617 3374 694 3454 apud
719 3373 861 3435 Catonem
885 3372 1025 3453 Angelius
1047 3376 1109 3435 solo
1130 3374 1207 3435 douo

63 3501 100 3542 ex
127 3483 364 3560 manuscriptis
390 3481 475 3542 libris
498 3483 637 3542 restituit.
684 3500 755 3543 uum
777 3486 872 3543 solum
894 3498 951 3542 suu
974 3484 1086 3540 uirtute
1109 3483 1208 3540 uolent

58 3591 190 3651 coniecit
208 3587 372 3648 Pontedera
396 3590 532 3668 antiquit.
556 3588 603 3648 lat.
623 3607 651 3667 p.
666 3586 718 3669 27,
741 3588 820 3667 quod
841 3588 1041 3648 Schneiderus
1065 3586 1207 3666 probavit.

150 3693 171 3757 3
191 3693 364 3774 Oppidum
384 3695 541 3756 ualidum
561 3713 670 3774 prope
690 3697 761 3755 siet
780 3694 814 3754 Si
834 3703 893 3755 aut
912 3712 1005 3754 moro
1021 3695 1207 3754 autumnis

55 3822 125 3884 qua
155 3820 262 3862 naves
288 3801 483 3881 ambulant]
508 3805 609 3880 Prope
631 3806 687 3863 siet
710 3810 765 3863 out
787 3820 873 3862 more
896 3800 1055 3861 ineundus
1101 3819 1206 3879 parum

56 3918 199 3973 accurate
227 3907 339 3969 Gellius
362 3907 389 3968 x
412 3906 503 3991 26,8
532 3909 568 3969 de
603 3908 691 3969 verbo
720 3911 878 3970 umiuiure
905 3907 1059 3986 disputans
1087 3888 1206 3968 Catonis

56 4017 148 4079 rerba
173 4015 300 4095 rettulit,
322 4021 409 4092 utqui
429 4019 503 4079 Cato
527 4021 557 4078 in
581 4019 659 4078 libro
679 4018 717 4078 de
735 4035 771 4078 re
789 4019 906 4077 rustico
925 4009 1050 4090 ‘fundus
1058 4010 1076 4095 '‚
1100 4018 1205 4095 inquit,

55 4122 104 4187 ‘eo
133 4127 165 4186 iu
193 4127 262 4185 ioco
289 4125 445 4186 iudmdur
473 4131 531 4200 est,
559 4131 593 4184 ut
620 4132 650 4185 et
676 4127 818 4201 oppidum
842 4141 940 4199 prope
963 4126 1093 4199 amplum
1115 4126 1155 4183 sit
1177 4133 1207 4184 et

57 4251 147 4295 more
170 4239 225 4292 out
249 4234 355 4307 omues,
377 4249 439 4306 pua
461 4249 554 4292 noves
577 4226 759 4292 ambulant’.
800 4230 875 4311 apud
901 4230 1040 4290 Catonem
1064 4233 1206 4306 oppidum
