2874 4994
252 318 302 372 DE
321 318 409 374 AGRI
428 318 601 375 CVLTVRA
620 320 760 374 LIBRVM
779 320 808 375 0.
830 319 1001 378 134-135
1140 312 1201 377 137

54 475 133 536 iecit.
180 483 263 535 recte
286 472 435 535 Victorius
463 493 498 535 ex
528 475 687 556 archetypo
709 484 852 553 prosecta
875 479 1056 538 restituerat.
1101 494 1203 556 prose·

55 589 164 642 eantur
187 583 267 642 enim
291 590 367 663 exta,
390 583 564 661 priusquam
587 582 633 642 dis
656 583 866 661 porriciantur.

148 688 282 751 CXXXV
308 687 326 750 1
355 687 481 749 Romae
511 691 652 749 tunicas
684 697 782 768 togas
805 708 887 769 saga
911 698 1085 751 centones
1110 690 1204 750 scul-
1303 755 1306 758 ,

56 795 210 876 paneas]
245 795 279 856 ln
318 795 438 856 rubrica
470 796 575 875 capitis
607 798 636 855 in
670 796 829 877 archetypo
863 800 974 878 scripta
1006 805 1090 858 erant
1122 797 1204 878 baec,

61 905 197 966 litaicae
219 910 249 965 et
266 910 389 964 ceterae
407 922 458 965 res
481 905 662 979 ubicumque
681 913 829 984 emautur,
853 923 907 984 pro
928 904 1036 985 quibus
1055 902 1203 965 Victorius

57 1032 94 1074 ex
118 1011 217 1073 indice
241 1010 437 1090 capitulorum
462 1013 492 1072 in
515 1013 710 1090 inscriptione
734 1011 815 1073 dedit
838 1011 919 1092 haec,
949 1014 1203 1085 Quemadmodum

58 1122 182 1181 tunicas
205 1126 385 1193 ceterasque
407 1137 457 1180 res
481 1125 511 1179 et
533 1119 587 1179 ubi
610 1136 700 1180 emar.
747 1118 849 1179 eadem
873 1118 1037 1180 Pontedera
1061 1139 1088 1199 p.
1108 1115 1150 1180 73
1174 1120 1204 1178 in

58 1229 125 1307 ipso
149 1228 233 1287 initio
257 1227 362 1304 capitis
385 1225 521 1305 ponenda
540 1243 606 1287 esse
625 1224 784 1307 adnotavit,
812 1229 1067 1299 Quemadmodum
1086 1229 1206 1286 tunicas

59 1341 241 1408 ceterasque
271 1353 322 1394 res
349 1341 379 1395 et
406 1335 460 1394 ubi
486 1351 577 1396 emas.
623 1334 739 1395 Romae
766 1337 888 1396 tunicas
916 1352 980 1414 sqq.
1010 1341 1040 1394 et
1068 1334 1110 1393 sic
1140 1340 1208 1412 past

58 1441 212 1503 rubricam
242 1439 386 1501 indicium
419 1458 522 1503 earum
553 1459 654 1502 rerum
687 1441 723 1501 de
757 1441 865 1521 quibus
897 1442 1080 1521 praecipitur
1112 1441 1208 1519 repeti

59 1549 158 1610 solere
186 1566 221 1609 ex
251 1550 288 1608 iis
318 1566 392 1627 quae
417 1566 452 1609 ex
476 1549 581 1609 eodem
604 1567 712 1628 genere
736 1567 761 1610 c.
782 1545 846 1610 106
870 1550 1023 1629 composui
1046 1547 1207 1626 apparebit.

59 1657 112 1719 sed
128 1659 156 1717 si
170 1664 300 1717 veterem
316 1657 502 1737 scripturam,
525 1676 599 1736 quae
615 1659 645 1717 in
661 1656 780 1717 rubrica
793 1666 935 1737 corrupta
954 1665 1026 1738 erat,
1045 1657 1207 1735 sequimur,

59 1767 162 1845 potius
176 1762 367 1825 scribendum
382 1766 440 1824 erit
457 1764 591 1826 Tunicae
605 1774 634 1826 et
648 1772 771 1826 ceterae
784 1784 834 1826 res
849 1767 903 1835 ubi
916 1770 1064 1825 emautur.
1093 1763 1208 1824 Romae

59 1877 185 1935 tunicas
208 1889 272 1952 sqq.
296 1890 364 1932 nam
392 1870 470 1951 quod
495 1873 662 1933 accusativo
691 1890 762 1933 casu
791 1891 850 1933 non
874 1872 973 1932 addito
997 1871 1087 1930 verbo
1112 1872 1208 1950 posita

58 1987 133 2041 sunt
157 1980 283 2060 nomina,
307 1977 445 2038 brevitati
468 1985 498 2038 et
522 1977 723 2057 neglegentiae
748 1977 898 2038 scribendi
921 1980 952 2038 in
975 1978 1022 2038 lris
1041 1980 1209 2057 praeceptis

59 2085 256 2148 tribuendum
271 2092 325 2146 est.
349 2087 434 2145 cirins
453 2087 572 2163 generis
591 2085 718 2164 plurima
738 2093 808 2146 sunt
826 2084 968 2164 exempla,
988 2104 1063 2164 quae
1080 2084 1209 2145 Seboen·

58 2192 230 2255 doeriierus
261 2190 298 2252 de
327 2193 455 2270 genuina
483 2190 544 2252 Cat.
568 2192 604 2252 de
628 2195 717 2270 agric.
741 2191 809 2253 libri
834 2192 927 2252 torma
952 2190 1023 2272 p.8
1056 2192 1209 2252 indicavit:
1264 2212 1266 2216 ·

58 2320 86 2363 c.
110 2297 153 2362 10
176 2299 213 2359 de
236 2298 314 2361 oleta
337 2299 529 2380 instruendo,
556 2298 594 2361 11
619 2300 655 2360 de
680 2302 777 2381 vinea,
803 2296 844 2360 12
868 2306 898 2359 et
924 2297 963 2360 13
987 2298 1209 2361 de.torculario

58 2417 92 2469 et
121 2407 160 2468 de
183 2405 256 2468 cella
280 2405 402 2488 olearia,
433 2405 473 2468 14
496 2414 527 2467 et
551 2403 593 2468 15
616 2407 653 2467 de
677 2406 757 2488 villa,
787 2403 827 2468 18
852 2406 888 2467 de
912 2405 1086 2486 torculario,
1118 2404 1169 2486 21,
1189 2402 1209 2466 5

59 2515 99 2576 de
123 2532 210 2595 cupa,
234 2492 325 2595 22,3Ι
350 2523 379 2574 et
405 2511 516 2597 135,6
540 2514 576 2574 de
600 2523 723 2597 trapeto,
747 2511 788 2575 et
813 2513 849 2575 de
870 2523 1011 2594 stercore,
1037 2511 1147 2596 1611
1173 2513 1210 2573 de

59 2621 178 2682 salsura
203 2639 363 2700 pernarum
387 2625 418 2683 ta
436 2624 572 2697 singutas
590 2624 745 2683 semodios.
774 2621 846 2681 item
865 2621 896 2680 in
915 2619 1210 2700 praescriptionibus,

58 2727 176 2809 quibus
200 2732 406 2806 argumentum
431 2735 658 2807 praeceptorum
681 2726 837 2806 indicatur,
861 2745 886 2787 c.
905 2723 949 2787 42
973 2729 1062 2787 Ficos
1081 2735 1109 2788 et
1129 2731 1211 2789 oleas

59 2840 164 2899 attero
187 2838 283 2910 modo,
309 2831 370 2896 137
402 2835 525 2896 Vineam
549 2838 720 2897 curandam
740 2836 904 2912 partiario.

157 2942 370 3004 Ornamenta
398 2944 554 3002 murices
582 2940 745 3019 catellas]
776 2944 960 3005 Aerameata
989 2942 1021 3002 Α.
1045 2939 1212 3002 Gronovius

58 3050 145 3132 apud
170 3049 385 3111 Schneiderum
413 3050 549 3111 coniecit.
595 3056 774 3111 ornamenta
804 3067 869 3109 esse
894 3067 1040 3128 equorum
1064 3047 1213 3110 mulorum

59 3161 222 3222 asinorum
253 3157 447 3237 eiusdemque
479 3159 598 3237 generis
631 3175 696 3218 csse
729 3160 861 3219 murices
891 3164 921 3216 et
948 3159 1074 3217 catellas
1101 3156 1212 3236 Popma

60 3266 226 3328 adnotavit.

158 3372 311 3434 Suessae
335 3382 369 3433 et
392 3374 427 3433 in
450 3372 592 3433 lucanis
616 3372 755 3452 plostra
778 3351 917 3432 trebiae
941 3366 1055 3447 albae]
1088 3371 1214 3432 Trebiae

62 3483 158 3543 albae
187 3497 261 3558 quae
289 3481 363 3559 sint,
395 3496 455 3540 non
487 3487 610 3540 constat.
657 3498 711 3559 pru
738 3477 858 3539 tribulis
887 3478 980 3538 dictas
1008 3494 1073 3537 esse
1104 3475 1214 3538 trebias

63 3589 221 3649 Gesnerus
249 3589 471 3666 interpretatur.
518 3589 631 3648 tributa
658 3604 719 3648 uou
747 3588 840 3647 trtbta
865 3585 975 3665 legitur
997 3585 1028 3644 in
1052 3584 1214 3664 appendice

64 3694 160 3757 Probi
183 3713 211 3774 p.
228 3691 300 3776 199,
319 3691 349 3754 9.
390 3751 394 3758 .

158 3798 181 3863 2
204 3798 364 3860 Vomeris
388 3800 557 3861 indutilis
580 3801 737 3878 optimus
761 3798 845 3878 erit]
877 3800 974 3861 Vomr's
993 3799 1070 3860 edita
1090 3799 1157 3859 inde
1178 3798 1214 3859 ab

66 3909 176 3971 Aldina
203 3906 333 3967 editione
361 3906 548 3986 exemplaria.
594 3901 705 3967 ‘Vomis
734 3904 883 3966 indutilis:
915 3905 1049 3965 Vomeris
1073 3909 1103 3966 in
1126 3924 1216 3966 marin

67 4016 191 4097 scriptis
215 4012 299 4074 libris
321 4013 461 4095 legimus,
489 4033 564 4094 quae
592 4014 718 4074 sortasse
746 4012 834 4073 lectio
863 4012 1012 4091 repudiari
1036 4030 1096 4072 non
1119 4012 1215 4073 debet.

69 4123 254 4205 grammatici
277 4124 357 4182 enim
381 4130 542 4202 testantur,
566 4122 783 4182 vetustissimos
806 4118 897 4180 multa
921 4118 1126 4179 huiuscemodi
1149 4139 1216 4199 pro·

71 4231 189 4312 tulisse,
217 4237 251 4290 ut
279 4228 472 4309 supellectilis
500 4227 673 4290 nominandi
700 4246 771 4288 casn
799 4235 828 4287 et
857 4245 915 4286 non
942 4234 1056 4287 tantum
1083 4226 1216 4306 supellex

75 4331 217 4399 dicerent’
241 4333 397 4397 Victorius.
435 4335 471 4397 de
496 4336 588 4396 lorma
608 4336 781 4396 nominativi
804 4337 941 4415 vomeris,
964 4351 1052 4413 quem
1072 4333 1216 4414 Bergkius

79 4462 174 4525 opusc.
193 4445 265 4507 min.
285 4461 311 4503 v.
329 4441 343 4502 l
359 4460 388 4524 p.
406 4440 472 4507 278
501 4443 646 4525 defendit,
674 4461 734 4505 non
761 4451 825 4504 erat
854 4459 908 4502 cur
932 4439 1132 4526 dubitaretur,
1160 4444 1218 4503 nisi
