2874 4994
146 332 211 395 212
421 407 425 416 ¹
486 335 677 392 couusuu.
695 336 737 390 m
754 333 943 391 xsaaouss

146 496 263 574 pimus
293 486 509 572 liquentium
538 493 684 551 maxime
712 488 835 551 aiibiie
863 496 898 551 et
924 487 960 549 id
985 487 1141 559 ‘ouiiium
1164 488 1195 551 iu
1214 506 1254 549 ts·

147 597 302 678 prinum]
326 600 390 661 Sed
412 602 535 675 inquam
554 601 629 674 quid
646 599 842 659 adieceritis?
864 598 904 658 de
921 596 1172 658 extraordinario
1186 614 1256 674 pecu

147 709 217 768 dum
241 706 349 782 fructa
375 709 570 783 praedictum
602 712 659 780 est,
686 707 725 767 dc
753 708 833 766 tacte
860 707 892 766 in
919 721 955 766 eo
978 711 1009 766 et
1035 710 1161 766 tonuua
1182 706 1259 765 inea

146 821 190 874 εει
212 816 291 874 enim
314 816 364 875 iac
387 817 518 875 omnium
539 830 645 874 rerum
666 829 744 888 quas
766 812 862 873 cidaii
887 828 983 873 causa
1011 813 1149 888 capiam
1171 813 1260 887 ιιῃεε

147 923 221 980 tium
244 922 376 981 maxime
404 922 520 999 alidile,
544 928 574 981 ει
601 922 634 980 id
662 922 775 980 ouilum
801 919 873 979 inde
899 920 1062 996 caprinum
1084 916 1202 999 Hamis,
1221 920 1263 979 oei

147 1029 268 1101 inquam
297 1029 326 1087 si
351 1029 427 1102 quid
453 1029 629 1089 adieceritis
657 1028 695 1087 de
722 1026 974 1087 extraordinario
996 1026 1152 1102 pecudum
1167 1023 1263 1103 fructu

146 1141 177 1194 ει
194 1135 232 1194 dc
255 1137 335 1194 lacte
353 1137 384 1194 in
404 1152 447 1210 eo,
466 1143 495 1196 et
518 1143 644 1196 tonsura
663 1137 762 1194 ionae.
798 1139 844 1194 εει
860 1134 940 1193 enim
957 1134 1008 1193 iac
1026 1134 1159 1193 omnim
1173 1148 1265 1207 rm

146 1258 223 1316 puos
245 1242 309 1301 eidi
330 1259 425 1302 causa
449 1245 594 1318 capimus,
617 1243 794 1316 liquentium
816 1242 949 1301 maxime
970 1240 1090 1315 abirim,
1111 1248 1143 1302 et
1161 1242 1195 1301 id
1210 1242 1265 1302 oud

146 1350 220 1428 ium,
252 1349 323 1408 inde
355 1350 517 1424 caprinum
543 1345 703 1408 iucundus.
749 1344 902 1426 archetypi
933 1346 1116 1425 scripturam
1141 1344 1267 1409 rimu·

148 1455 293 1534 restituit,
317 1453 368 1515 sed
392 1461 427 1516 nt
445 1456 640 1531 praedictum
663 1459 708 1514 est
730 1454 862 1533 scripsit,
885 1453 950 1513 cidi
969 1470 1069 1514 caasa
1092 1461 1124 1515 et
1144 1455 1211 1515 inde
1228 1471 1266 1515 ee

144 1563 269 1637 prinum
292 1579 327 1620 ex
347 1559 450 1621 Aldina
474 1560 604 1621 editione
629 1561 749 1639 recepit.
786 1561 957 1634 siquidem
976 1561 1141 1635 adaoere's,
1159 1563 1269 1636 mquam

146 1669 184 1729 de
207 1669 459 1728 extraordinario
478 1669 631 1744 pecudum
651 1664 767 1741 fructu,
790 1673 824 1726 ut
843 1668 1039 1746 praedictum
1061 1675 1120 1742 est,
1143 1668 1180 1728 dc
1200 1669 1270 1741 aaa

146 1776 277 1849 inquam,
301 1782 330 1835 et
352 1782 479 1836 tonsura
502 1778 599 1835 ianae.
646 1777 726 1835 lacte
748 1779 793 1834 εει
814 1775 945 1834 omnium
967 1790 1076 1834 rerum
1098 1791 1175 1849 quas
1195 1774 1272 1835 eum

149 1899 245 1942 eausa
269 1884 418 1959 capimus,
441 1883 617 1957 liquentium
646 1883 779 1941 maxime
801 1881 904 1941 aiibiIe
926 1877 1053 1940 Ursinus
1079 1874 1131 1942 ‘ex
1161 1880 1272 1959 veagis

146 1989 255 2050 veteris
283 1981 474 2068 scripturae'.
520 1996 553 2048 ut
582 1989 776 2064 praedictum
807 1995 853 2048 εει
879 1989 917 2048 de
944 1991 1025 2048 lacte
1051 2005 1145 2049 caseo
1171 1996 1201 2049 ει
1222 1995 1272 2049 aa

144 2113 229 2156 sara.
274 2099 366 2173 tacte,
399 2097 456 2174 ait,
489 2097 621 2178 omniunt
653 2112 758 2155 rerum
790 2112 866 2168 quas
899 2095 995 2155 aibaii
1024 2111 1124 2156 eausa
1155 2097 1274 2173 copim

147 2200 313 2262 Pontedera
332 2221 359 2281 p.
378 2198 454 2263 443.
491 2200 529 2261 de
547 2200 782 2261 extraordinario
802 2198 949 2280 pecudum
973 2200 1074 2262 fructu
1094 2199 1207 2263 dietum
1223 2208 1274 2261 emi

145 2326 233 2388 supra
258 2305 400 2388 111,28
428 2311 702 2371 extraordinariae
725 2307 863 2383 sructura
891 2310 1008 2385 species
1030 2310 1115 2371 duae
1139 2311 1274 2371 εεεειειι

145 2433 288 2495 mopaae,
311 2433 441 2491 quorum
464 2434 526 2477 una
550 2422 594 2476 εει
617 2424 756 2489 tonsura,
780 2447 823 2457 —
846 2417 958 2489 altera,
981 2432 1064 2490 quoe
1086 2418 1181 2477 iatius
1197 2422 1276 2493 patet,

147 2524 185 2584 dc
207 2527 287 2584 lacte
309 2532 339 2584 ει
361 2541 459 2585 εεεεε.
504 2521 539 2582 ad
564 2522 636 2582 haec
660 2521 832 2582 referuntur
855 2539 887 2581 ea
911 2538 988 2600 quae
1010 2521 1069 2582 hoc
1094 2521 1160 2583 ioco
1183 2523 1276 2602 scripu

146 2638 225 2709 sunt,
247 2633 277 2690 si
297 2632 426 2704 puidam,
450 2633 581 2709 inquam,
604 2631 780 2690 adieceritis
803 2631 842 2690 de
864 2631 1119 2691 extraordinario
1138 2631 1277 2707 pecode·

141 2733 259 2815 fructu,
282 2744 316 2795 ut
334 2738 529 2812 praedictam
552 2745 608 2809 est,
632 2738 670 2796 de
697 2739 777 2797 lacte
804 2739 835 2796 ia
862 2753 898 2797 eo
924 2743 954 2797 et
984 2744 1123 2798 tonsura
1149 2730 1276 2798 'namin

146 2858 190 2915 eo,
213 2839 249 2901 de
274 2859 333 2920 qao
357 2840 551 2902 dubitandum
575 2860 634 2903 oon
658 2852 731 2922 erat,
752 2842 822 2921 quid
846 2843 894 2924 sit,
917 2841 1074 2922 apparebit
1094 2862 1133 2905 ex
1156 2846 1194 2905 iis
1214 2862 1278 2924 quae

143 2945 181 3007 de
209 2965 242 3008 ea
271 2947 395 3008 iormula
423 2947 484 3008 dixi
516 2947 600 3029 117,
619 2945 648 3009 3.
694 2948 801 3009 deiude
832 2948 869 3010 de
901 2947 977 3010 iacis
1009 2961 1183 3029 εεφιεεῑιιε
1210 2951 1278 3031 ieet,

146 3056 226 3115 lacte
253 3063 298 3116 εει
324 3058 455 3116 omnium
482 3073 600 3129 rerum,
623 3074 699 3131 qaas
726 3056 789 3117 aiot
815 3073 911 3117 causa
938 3059 1090 3133 capimus,
1114 3061 1278 3134 quentia·

143 3163 275 3223 maxime
298 3164 413 3237 aiidile,
432 3170 461 3224 ει
484 3165 518 3222 id
538 3166 672 3235 ouillum,
696 3164 766 3224 dein
789 3165 964 3243 caprinum,
989 3161 1040 3223 ubi
1064 3181 1121 3243 pro
1145 3168 1234 3227 ianae
1248 3182 1278 3225 ex

145 3265 328 3329 Pontederae
360 3271 530 3330 coniectura
559 3269 627 3330 dedi
655 3273 744 3331 lacte.
788 3287 856 3330 nam
884 3269 966 3329 ianae
995 3280 1120 3332 tonsura
1149 3291 1208 3334 nou
1232 3280 1280 3351 esi,

143 3373 193 3433 sed
219 3377 327 3436 oviam.
372 3377 436 3436 cibi
457 3394 553 3437 causa
577 3386 658 3436 recte
682 3375 804 3437 dederat
826 3375 988 3437 iucundus
1024 3376 1160 3458 denique
1181 3381 1280 3460 proin

143 3485 316 3557 caprinam,
346 3480 423 3560 quod
453 3483 521 3543 oiim
551 3494 699 3561 tamquam
728 3486 863 3563 spurium
891 3491 922 3545 et
948 3492 1049 3545 ortum
1078 3503 1116 3556 ex
1146 3504 1182 3547 eo
1199 3465 1280 3566 paui

144 3589 280 3664 sequitur
303 3596 365 3648 tam
388 3593 550 3667 caprinum
574 3600 751 3669 notaveram,
777 3592 848 3652 dein
872 3593 1034 3667 caprinum
1058 3592 1180 3672 scripsi
1221 3609 1280 3653 uam

145 3693 270 3752 maxime
294 3693 390 3753 aiibiie
415 3706 461 3755 est
479 3695 598 3757 ovillum
623 3696 676 3777 iac,
695 3706 762 3776 posi
781 3697 836 3757 hoc
856 3698 1020 3775 caprinum.
1059 3697 1176 3760 tributa
1192 3709 1280 3761 auten

146 3806 192 3857 est
215 3798 287 3859 haec
307 3800 467 3879 disputatio
491 3801 526 3861 de
551 3802 625 3863 iacto
650 3814 680 3863 ει
703 3813 825 3864 tonsura
849 3803 995 3885 Cossinio,
1012 3807 1103 3867 ouius
1127 3825 1225 3868 sermo
1240 3805 1281 3866 iiis

142 3903 178 3964 ab
203 3907 268 3985 ipso
288 3905 417 3968 Varrone
438 3908 642 3989 interpellatus
662 3920 716 3989 εει,
735 3906 756 3971 5
779 3928 840 3972 non
863 3914 1002 3987 neparim
1027 3914 1158 3989 inquam
1175 3948 1209 3958 -
1225 3917 1280 3976 ue

142 4019 240 4074 taates
264 4033 284 4074 o
307 4018 387 4075 lacte
410 4023 440 4075 ει
465 4012 507 4075 10
529 4019 649 4078 omnino
673 4025 860 4079 tonsores-
880 4018 1009 4079 bardam
1032 4036 1189 4096 mappam.
1222 4038 1281 4101 pes

142 4136 231 4178 sonae
256 4119 398 4180 iudicium
424 4121 568 4183 excidisse
591 4125 762 4203 suspicatus
784 4134 849 4185 erat
871 4122 1033 4186 Gesnerus.

232 4221 252 4282 2
276 4222 406 4285 Horum
431 4238 515 4289 suat
537 4227 749 4290 discrimina
768 4231 938 4310 quaedam
958 4240 996 4293 ει
1019 4250 1036 4293 a
1056 4232 1283 4313 pastionibus

143 4338 176 4386 ει
200 4346 215 4386 a
245 4329 416 4406 pecudum
445 4345 572 4396 natura
601 4346 635 4396 ει
662 4355 677 4395 a
706 4346 802 4397 motu
826 4356 842 4397 a
866 4338 1103 4417 pastionibus
1132 4340 1223 4422 quod
1247 4340 1284 4401 tu

143 4432 182 4491 ab
206 4434 314 4494 ordeo
343 4447 376 4497 ει
405 4441 521 4519 stapla
550 4453 584 4502 ει
612 4444 754 4504 omuino
782 4444 883 4505 arido
911 4455 945 4506 ει
974 4445 1087 4509 firma
1119 4448 1199 4511 siba
1227 4466 1285 4528 pe·
