2874 4994
216 336 260 401 54
575 342 766 401 COMMENT.
784 345 824 400 IN
844 343 1001 401 CATONIS

217 503 370 564 caestibus
396 502 547 577 subtecto,
574 506 622 564 oei
648 504 785 563 cribrum
814 505 858 564 iiii
879 504 929 563 rei
945 508 1060 579 porcio
1083 498 1250 559 Pontedera
1273 515 1302 576 p.
1320 493 1370 559 44

218 617 249 669 et
268 606 478 682 Schneiderus,
502 606 555 669 ubi
576 611 714 670 subtento
732 625 788 687 pro
806 610 961 670 subteueto
981 606 1093 668 dictum
1112 623 1179 667 esse
1198 602 1371 669 voluerunt.

217 722 338 794 recepta
361 713 567 775 emendatione
589 713 716 776 luenndi
740 719 786 777 illi
807 719 856 777 rei
877 716 909 776 in
932 713 1056 794 reliquis
1079 712 1237 773 lectionem
1261 710 1367 774 arche·

217 824 280 903 typi
306 822 439 903 restitui,
467 824 609 884 oiuoceoe
636 825 748 885 cotidie
775 824 908 884 recentis
934 823 1108 883 succeruito
1135 823 1212 881 lecto
1234 820 1369 880 restibus

217 932 354 992 subtecto
388 933 436 991 uel
462 931 599 991 cribrum
627 933 672 991 iili
698 933 748 991 rei
770 937 893 1007 pareto.
944 928 1059 988 vinacei
1086 926 1196 988 cotidie
1223 943 1368 1005 expresso

217 1044 317 1098 musto
345 1038 445 1097 statim
473 1034 550 1096 lecto
579 1035 710 1096 restibus
734 1035 875 1097 subtento
899 1041 1134 1115 succernuntur,
1163 1031 1210 1094 vel
1233 1031 1369 1095 cribrum

219 1144 256 1204 ad
279 1162 343 1203 eam
368 1160 431 1203 rem
454 1142 617 1222 parandum
641 1151 695 1203 est.
733 1143 769 1202 de
794 1161 851 1203 usu
871 1143 1060 1203 vinaceorum
1079 1141 1115 1201 ad
1135 1138 1226 1201 boves
1244 1158 1369 1220 pascen-

220 1250 274 1311 dos
303 1247 409 1310 scribit
435 1247 596 1310 Columella
620 1247 656 1308 Vl
679 1244 755 1330 3,4
782 1253 854 1310 iicet
878 1253 981 1324 etium,
1008 1252 1038 1309 si
1058 1250 1241 1324 lepumiuum
1265 1250 1370 1324 iuopia

219 1364 272 1430 est,
295 1361 377 1419 eluto
401 1366 430 1419 et
452 1360 571 1418 siccato
591 1359 723 1432 vinacio,
747 1375 827 1431 quoe
845 1359 883 1417 de
901 1360 974 1417 loru
988 1359 1165 1417 eximuntur
1184 1371 1252 1415 cum
1267 1357 1371 1430 paleis

219 1467 356 1525 miscere.
406 1461 476 1524 lecti
509 1471 607 1523 autem
639 1462 772 1524 restibus
800 1461 933 1524 subtenti
961 1473 1031 1523 sunt
1059 1461 1141 1543 lecti,
1173 1459 1230 1522 sul)
1259 1459 1371 1540 quibus

220 1578 316 1632 restes
335 1569 492 1632 subtentae
511 1579 594 1631 sunt:
615 1567 701 1652 10,o
720 1575 812 1633 lectos
831 1574 904 1632 ioris
922 1572 1083 1644 subterior,
1102 1569 1177 1630 Non.
1192 1589 1220 1649 p.
1235 1566 1311 1651 181,
1325 1565 1371 1630 26

220 1679 357 1739 Lucilius
380 1681 549 1738 satirarum
572 1680 651 1739 libro
666 1679 688 1739 Ι
692 1678 717 1737 V
736 1673 816 1739 ‘ires
841 1696 860 1738 o
879 1679 1067 1739 Deucalione
1088 1678 1217 1752 probuti
1237 1677 1373 1737 restibus

220 1778 319 1846 teuti'.
357 1802 445 1845 usum
464 1783 610 1846 lectorum
631 1786 660 1844 in
680 1784 771 1845 simili
789 1803 822 1845 re
837 1783 929 1851 llarro
949 1783 1026 1862 apud
1047 1781 1176 1843 Nonium
1194 1800 1223 1861 p.
1240 1777 1372 1863 152,18

221 1893 470 1971 commemoravit,
498 1892 597 1953 Vurro
615 1895 705 1973 ταφῇ
723 1889 906 1953 Μενίππου
925 1886 1013 1953 ‘inde
1028 1892 1154 1968 putidas
1175 1907 1250 1950 uuus
1269 1891 1373 1950 acinis

221 2001 324 2060 eiectis
351 2006 380 2059 et
407 2002 545 2059 comestis
571 2002 708 2060 extendit
737 2003 767 2060 iu
791 2003 877 2061 lectis
899 1992 1077 2074 quoudom’.
1102 2030 1139 2040 -
1166 1997 1256 2056 dativi
1280 2013 1371 2057 casus

223 2107 268 2165 iili
289 2108 348 2180 rei,
379 2123 438 2185 quo
462 2105 611 2166 indicatur
634 2124 697 2188 res,
725 2104 760 2165 ad
785 2123 873 2185 quam
898 2104 969 2185 quid
993 2112 1123 2184 paratur,
1146 2102 1274 2182 plurima
1298 2110 1373 2164 sunt

224 2210 366 2291 exempla,
390 2212 442 2273 sed
466 2214 592 2273 maxime
616 2210 756 2286 notabilia
779 2212 861 2295 haec,
884 2209 928 2274 26
951 2216 1091 2288 scopulus
1116 2213 1147 2271 iu
1170 2213 1252 2272 doliu
1270 2208 1373 2286 sucito

128 2304 133 2319 ⁸
222 2321 337 2379 huicce
361 2323 407 2381 iili
427 2324 477 2382 rei
498 2329 528 2380 et
551 2328 613 2381 ium
632 2325 692 2382 erit
714 2324 744 2381 ei
764 2324 813 2382 rei
835 2324 977 2398 optimum
1000 2328 1124 2399 tempus,
1147 2313 1200 2398 28,
1218 2315 1239 2379 2
1258 2319 1293 2377 id
1310 2320 1374 2378 erit

223 2429 253 2488 ei
279 2430 328 2488 rei
351 2430 497 2508 primum,
527 2424 616 2507 14,3
644 2429 703 2489 leue
730 2430 780 2489 rei
801 2430 970 2500 materiem,
1001 2421 1063 2487 153
1084 2428 1212 2499 fiscinas
1235 2427 1373 2486 olearias

223 2536 422 2609 comperiens
446 2536 524 2594 ciuus
547 2538 618 2594 illue
637 2537 687 2595 rei
708 2535 825 2608 iubeto,
851 2529 915 2595 154
937 2535 1057 2594 labrum
1079 2534 1214 2594 culleore
1233 2535 1304 2592 ilice
1322 2534 1376 2592 rei

220 2637 332 2713 facito,
365 2636 439 2718 5‚3
470 2642 554 2700 cetui
578 2657 691 2714 semen,
725 2636 768 2700 60
792 2643 944 2715 precatui
969 2641 1067 2701 videto
1096 2641 1142 2698 uti
1168 2641 1243 2699 sotis
1271 2641 1374 2700 viciae

223 2762 323 2822 seros,
351 2740 408 2824 38,
430 2741 453 2805 4
480 2763 560 2820 quoe
587 2747 644 2807 tibi
669 2749 771 2807 usioni
795 2753 992 2827 supererunt,
1022 2740 1098 2826 145,
1122 2741 1141 2805 3
1169 2763 1244 2806 suec
1271 2748 1377 2807 usioni

225 2854 308 2927 quoi
327 2855 403 2913 sotis
426 2855 494 2926 crit,
519 2848 631 2934 149,2
655 2855 757 2914 usioni
778 2856 937 2930 recipitur.

314 2958 350 3018 ld
380 2957 468 3019 bene
496 2957 619 3021 iubeto
644 2957 759 3019 oblini
784 2958 875 3040 quod
900 2959 962 3020 des
984 2957 1101 3018 bubus
1124 2977 1187 3038 per
1209 2957 1376 3037 hiemem]

226 3068 266 3127 Iri
294 3068 369 3127 bene
395 3068 512 3143 operito
540 3068 698 3141 iubetopue
725 3069 831 3140 obiici,
863 3069 909 3127 uti
939 3066 1053 3126 lebeus
1085 3068 1168 3141 quod
1196 3068 1249 3128 des
1277 3067 1378 3127 onnus

223 3191 281 3249 per
304 3175 428 3233 hiemem
451 3171 618 3252 lucnndus,
647 3175 682 3233 id
703 3176 778 3235 hene
800 3176 930 3254 operito,
957 3174 1057 3234 iubeto
1081 3173 1186 3246 oblini,
1214 3175 1298 3247 quod
1321 3174 1377 3233 oce

227 3281 323 3341 bubus
351 3298 410 3356 per
441 3280 567 3340 leienrem
595 3277 753 3339 Victorius.
804 3280 980 3358 pronomine
1009 3282 1053 3359 id,
1086 3276 1165 3357 quod
1193 3280 1377 3357 interpretes

228 3403 286 3445 non
311 3384 531 3467 intellexerunt,
559 3386 672 3446 vinacei
695 3387 726 3444 in
750 3384 826 3445 dolia
851 3383 895 3445 vel
920 3387 950 3445 in
974 3384 1071 3446 lacum
1095 3384 1262 3446 conculcati
1285 3386 1378 3465 signi·

227 3493 368 3554 ficantur:
395 3489 492 3572 39,2
521 3495 612 3567 idque
639 3495 789 3567 inducito,
818 3490 858 3554 81
888 3495 922 3553 iu
945 3496 1127 3569 permisceto
1156 3496 1187 3553 iu
1214 3497 1312 3567 cloec,
1345 3495 1381 3553 iri

228 3603 324 3660 inclito
349 3603 380 3660 iu
404 3603 535 3672 irruam,
564 3593 606 3659 83
631 3601 665 3659 id
686 3602 718 3659 iu
741 3617 834 3659 uuum
857 3617 910 3660 oue
934 3603 1022 3660 liceto
1046 3603 1178 3674 coicere,
1207 3595 1251 3660 85
1274 3601 1308 3659 id
1330 3602 1377 3660 im·

225 3704 347 3781 fundite
376 3708 406 3765 in
435 3708 565 3779 alueum,
594 3701 634 3766 87
664 3708 699 3766 id
725 3708 755 3766 in
785 3709 909 3767 linteum
932 3725 1040 3768 nouum
1065 3709 1173 3780 indito,
1201 3701 1245 3767 90
1268 3708 1303 3767 id
1323 3708 1382 3768 ubi

228 3814 407 3886 excluserit,
432 3814 559 3888 deposito,
589 3807 653 3873 125
682 3815 716 3872 id
738 3813 873 3885 oblinito,
904 3809 976 3886 151,
996 3809 1017 3874 3
1041 3815 1075 3872 id
1096 3814 1171 3874 bene
1193 3814 1298 3874 tabule
1320 3822 1397 3897 outt

228 3920 368 3979 menibus
393 3925 448 3979 out
466 3920 596 3996 pedibus
620 3923 817 3995 conplanato,
848 3915 920 3997 157,
939 3915 960 3979 3
979 3922 1161 3995 priusquam
1184 3921 1218 3981 id
1239 3923 1379 3997 imponas,

228 4024 313 4087 154
341 4028 375 4087 ui
400 4029 554 4104 opponite,
586 4022 650 4087 160
677 4029 711 4085 id
734 4042 826 4086 mauu
851 4028 1025 4103 prehende
1053 4035 1084 4086 et
1111 4026 1247 4088 similiter
1274 4024 1331 4107 76,
1359 4027 1378 4090 1

229 4135 263 4193 id
284 4140 446 4207 utrumque
469 4140 572 4194 tracto
593 4131 699 4208 facito,
724 4133 795 4191 item
818 4133 849 4191 in
869 4133 1002 4192 oratione
1027 4131 1202 4213 desumpto
1223 4135 1379 4212 suoapud

229 4237 411 4299 Frontonem
439 4238 475 4298 ad
503 4239 642 4299 Antonin.
662 4235 714 4297 12
742 4256 769 4316 p.
792 4235 854 4300 100
877 4237 923 4298 ed.
947 4237 1046 4298 Naber
1076 4243 1129 4300 ulii
1156 4243 1190 4301 id
1215 4249 1381 4317 utrumque

227 4349 394 4422 perlectum
418 4346 470 4405 esi.

320 4449 399 4512 Erit
417 4450 515 4511 lorea
535 4451 691 4513 familiae
707 4451 797 4530 quod
814 4450 925 4529 bibat]
942 4453 1025 4514 Loro
1040 4452 1111 4532 legit
1124 4453 1238 4516 Plinius
1254 4452 1318 4515 xlv
1334 4452 1379 4516 86
