2874 4994
323 110 454 167 uuuvtt
472 111 712 168 everterunt
730 112 797 168 LIB.
816 112 842 168 11
861 111 947 168 t=8
1141 103 1205 168 195

56 265 245 328 editionibus
255 267 311 327 iuit
321 268 453 327 restituit
462 265 628 327 Pontedera
638 285 666 347 p.
676 263 752 347 436,
765 271 845 341 fiunt
858 270 1030 343 quietiores,
1046 271 1116 329 ideo
1126 271 1208 342 quod

53 377 175 435 smine
188 381 306 434 carent.
340 377 363 433 ii
376 377 511 434 cauterii
524 376 676 451 appellati.
711 374 789 435 hunc
800 372 1001 435 Schneiderus
1015 384 1138 434 secutus
1152 384 1205 434 est.

59 474 64 481 ’
149 479 261 540 Gallis
288 479 507 560 gallinaceis
535 478 633 560 capi]
668 482 705 541 In
731 484 822 555 pullis
850 480 926 542 edita
951 491 1018 542 ante
1043 479 1205 542 Victoriam

53 586 247 667 exemplaria.
280 585 393 649 Charis.
412 607 438 667 p.
460 584 533 669 103,
547 583 591 648 26
618 589 698 665 Capu
718 590 834 650 dicitur
856 607 947 663 nunc,
972 591 1027 649 sed
1052 589 1150 648 Varro
1170 590 1207 648 de
1275 619 1278 625 ·

53 697 302 756 sermonelutiuo
317 687 461 769 ‘iterum',
475 699 533 769 cit,
543 689 596 755 ‘ex
607 698 689 769 pullo
701 699 874 770 pullinoceo
889 703 1025 757 castrato
1036 699 1073 769 fit
1091 690 1206 772 cupus’.

150 798 254 861 VIIII
296 800 630 879 Sacrificareutur]
666 803 891 877 Sacrificerent
922 801 1042 863 Merula.
1087 805 1206 875 sucrifi-

56 917 215 970 corentur
233 905 383 968 Victorius
407 910 552 969 restituit:
575 907 601 968 ll
621 904 708 989 11,5
725 913 822 970 solent
839 912 1025 983 sacrificari.
1063 909 1116 968 alia
1136 907 1207 968 Var-

57 1017 145 1076 roois
170 1013 303 1094 exempla
326 1013 477 1075 adnotavit
500 1013 613 1075 Nonius
636 1033 664 1095 p.
683 1012 759 1096 480,
776 1015 803 1078 t.
864 1060 872 1085 .

152 1119 220 1182 Vos
242 1129 324 1182 ante
357 1121 410 1181 ire
435 1139 501 1181 uon
531 1123 648 1201 patiar
677 1132 865 1203 antequam
900 1122 984 1183 mihi
1006 1121 1206 1182 reddideri-

55 1225 126 1304 tis]
159 1227 215 1289 Vos
239 1230 285 1288 ire
308 1226 388 1289 edita
410 1227 480 1288 iude
503 1246 520 1288 a
544 1230 678 1308 principe
702 1228 831 1290 editione
856 1227 1042 1308 exemplaria.

152 1332 226 1394 Nou
250 1352 316 1394 suo
340 1352 406 1414 ope
424 1333 576 1414 genere]
596 1337 661 1397 Nou
685 1344 790 1420 suopte
809 1354 925 1412 ponere
941 1335 1068 1397 Merula:
1087 1335 1127 1395 lli
1143 1334 1204 1416 i‚l

53 1448 171 1517 suopte
192 1448 306 1518 sponte.

151 1546 201 1608 Ex
220 1566 311 1628 equo
331 1557 366 1610 et
384 1551 482 1609 asina
503 1548 669 1628 hinnius]
690 1551 822 1613 Hionios
836 1550 958 1631 Merula,
977 1552 1088 1611 liunus
1103 1548 1207 1610 lucun-

57 1653 129 1737 dus,
154 1657 232 1717 sieut
255 1657 286 1716 in
314 1654 399 1716 libris
427 1657 641 1736 scriptumest
668 1655 785 1720 inlraii
808 1660 920 1719 ieiunus
948 1661 1002 1733 qui
1028 1661 1209 1735 appellatur.

59 1763 211 1823 hinnulus
234 1761 340 1842 probat
359 1761 506 1843 Hauptius
529 1782 630 1843 opusc.
651 1783 675 1824 r.
694 1763 720 1824 ll
744 1784 772 1845 p.
791 1761 842 1826 39.
881 1776 1013 1826 ceterum
1033 1783 1109 1844 quae
1132 1762 1208 1842 apud

60 1866 193 1929 Nonium
212 1888 240 1949 p.
261 1867 371 1944 1222
390 1869 540 1950 leguntur,
560 1871 610 1931 sed
632 1873 701 1932 vitio
720 1873 903 1951 grammatici
925 1881 1075 1953 corrupta,
1094 1872 1210 1931 Hinuos

58 1977 112 2037 rel
131 1978 244 2036 liunus
266 1977 322 2037 med
350 1995 409 2052 quo
431 1995 522 2037 seusu
550 1981 694 2054 occipere
722 1981 897 2053 debeamus,
928 1980 1027 2039 Verre
1046 1980 1210 2052 desierat:

59 2086 108 2144 eit
136 2085 216 2144 enim
244 2101 284 2143 ex
312 2087 396 2159 equis
424 2091 453 2144 et
480 2086 614 2145 hinnulis
643 2087 687 2158 (et
714 2088 746 2146 iu
774 2088 864 2145 nulle's
892 2084 1024 2164 codices,
1056 2092 1086 2145 et
1115 2087 1210 2144 asinis

59 2186 232 2268 Mercerus,
259 2196 289 2250 et
316 2190 461 2250 asinabus
490 2187 650 2270 Hauptius)
677 2194 732 2266 qui
757 2198 928 2252 nuscuntur
955 2192 1064 2252 uinces
1093 2194 1210 2271 eruceri,

61 2314 100 2357 ex
132 2296 190 2355 alio
217 2294 357 2356 Varronis
390 2295 465 2357 libro
501 2296 637 2357 ridentur
660 2299 751 2377 petita
780 2314 855 2358 esse.
892 2315 959 2357 nam
988 2297 1152 2358 secuudum
1181 2305 1211 2356 et

61 2404 190 2464 tertium
204 2400 313 2464 librom
330 2420 431 2464 rerum
450 2405 630 2464 rusticarum
645 2402 758 2465 Nonius
776 2402 822 2464 rel
842 2405 867 2463 is
887 2421 975 2483 quem
993 2402 1043 2464 ille
1058 2413 1210 2463 auctorem

60 2519 189 2571 metitus
211 2519 257 2570 est
281 2526 341 2570 nou
364 2508 443 2588 legit

156 2615 177 2678 2
219 2615 376 2696 Uterque
414 2634 534 2676 eorum
572 2617 612 2676 ad
651 2635 752 2678 usum
788 2618 892 2679 utilis
929 2626 1033 2696 partu
1068 2616 1212 2679 fruetus

61 2721 215 2800 neuter]
244 2723 294 2783 Ad
320 2740 407 2783 usum
434 2726 531 2798 utilt‘s,
555 2732 666 2803 partu,
692 2724 813 2801 fructu,
842 2733 947 2785 uentre
974 2723 1138 2805 iucundus,
1171 2728 1214 2786 uel

60 2847 153 2892 usum
177 2833 268 2904 utilis,
291 2832 335 2890 ud
352 2828 491 2905 fructum
510 2838 619 2891 neuter
637 2828 773 2891 Ursinus.
814 2848 901 2890 manu
924 2832 1103 2908 scriptorum
1124 2829 1211 2890 libro-

62 2955 136 3000 rum
160 2939 337 3017 scripturam
357 2936 498 3015 Angelius
522 2939 662 3017 restituit,
686 2945 754 3015 post
772 2934 1028 2996 huncviotorius.
1066 2940 1109 2996 uri
1126 2954 1212 2996 usum

62 3047 164 3117 utitis,
192 3051 288 3122 portu
318 3042 499 3119 fructuosus
531 3050 639 3104 neuter
669 3044 784 3122 scripsi.
827 3060 894 3103 uam
926 3041 962 3102 ad
991 3059 1079 3103 usum
1111 3060 1212 3103 rerum

63 3153 249 3214 rusticarum
272 3150 361 3213 utiles
385 3159 456 3212 suot
478 3150 561 3211 hinni
581 3158 611 3209 et
630 3149 712 3230 muli,
731 3158 818 3229 partu
838 3149 988 3229 pullorum
1008 3157 1114 3210 neuter
1135 3150 1211 3210 iruc·

64 3270 133 3322 tum
158 3260 216 3321 lert
241 3258 368 3320 domiuo.

157 3365 256 3436 Quod
280 3364 313 3426 id
337 3364 435 3427 lacte
464 3382 565 3445 quam
589 3365 767 3424 asininum
795 3371 829 3423 at
854 3362 922 3423 alia
950 3366 1064 3423 omnia
1088 3362 1215 3425 dicunt

63 3493 150 3536 esse
174 3470 320 3548 melius]
346 3473 391 3532 dc
414 3474 515 3532 omnio
538 3474 602 3532 ulie
625 3469 752 3550 Merula,
780 3488 819 3530 uc
842 3471 905 3529 aliu
929 3472 1030 3530 omniu
1053 3469 1214 3551 Iucundos,

63 3589 101 3642 ot
129 3574 172 3662 (lt.
192 3599 217 3639 e.
236 3571 296 3660 ud)
329 3580 473 3638 alimonia
502 3575 706 3638 Lachmanuus
734 3578 764 3636 in
799 3574 916 3636 Lueret.
940 3594 967 3654 p.
991 3570 1065 3636 352.
1111 3577 1213 3637 eodem

64 3685 212 3748 vocabulo
236 3682 328 3745 Varro
352 3702 425 3746 usus
449 3692 495 3745 est
517 3683 529 3744 1
550 3681 613 3764 8‚t
639 3687 785 3759 inportu
809 3690 839 3744 et
862 3683 1017 3754 alimonie,
1046 3677 1214 3753 11116,Ιὸ
1323 3695 1326 3701 “

63 3815 87 3856 o
109 3794 204 3855 melles
227 3794 380 3865 alimonio,
403 3788 522 3871 144,3
547 3793 585 3850 de
608 3791 864 3850 nutricatiouidus
887 3796 979 3863 utque
1001 3789 1166 3860 elimoniis,
1190 3786 1216 3847 ll

69 3903 101 3977 l,
116 3897 161 3962 24
184 3895 268 3978 et'5‚
285 3894 326 3959 16
350 3901 382 3958 irt
405 3900 563 3958 alienantis.

160 4004 265 4066 Matri
288 4007 552 4084 suppositieiae
576 4020 717 4083 quoque
741 4003 952 4062 inseruiuut
976 4018 1044 4079 quo
1064 4017 1154 4080 equa
1174 3998 1215 4059 ad

60 4113 316 4180 ministerium
340 4110 447 4172 lactis
475 4109 591 4171 cibum
614 4109 712 4189 pullo
739 4107 917 4187 praebere
945 4104 1083 4185 possit]
1111 4107 1162 4167 Ae
1188 4114 1218 4166 et

62 4224 174 4288 cibum
198 4217 364 4280 redundare
389 4216 541 4278 Gesnerus
564 4215 721 4276 adnotavit.
759 4217 959 4275 ministerium
975 4215 1128 4290 praebere
1146 4213 1217 4292 quid

951 4313 1004 4368 le*
