2874 4994
324 366 372 420 DE
392 363 481 420 AGRI
500 364 673 420 CVLTVRA
690 363 831 420 LIBRVM
850 362 935 426 aba
1162 355 1204 420 89

55 526 140 584 citur
164 519 278 602 105,2
303 526 333 582 in
356 526 417 582 sole
438 524 530 582 sinito
550 523 680 598 positum
700 538 764 581 esse
786 519 831 580 vei
851 518 942 600 88,2
967 524 997 581 in
1016 526 1078 582 sole
1095 523 1203 582 babela

56 638 90 692 et
114 626 182 692 154
205 632 239 690 iti
260 633 291 690 in
314 636 457 705 supposta
481 631 561 689 inter
583 631 666 688 dolia
692 631 822 703 positum
849 629 967 689 bobeta.
1012 629 1083 687 item
1107 626 1149 689 68
1174 633 1205 688 in

56 756 115 800 suo
139 740 273 813 quidque
295 740 361 797 loco
388 738 533 812 reponite.
575 735 678 794 eodem
702 736 832 813 pertinet
855 738 909 795 sub
933 738 1203 814 praepositionum

58 843 189 904 ablativo
208 862 293 924 casu,
317 860 376 903 non
395 860 464 902 oum
484 844 660 924 accusativo,
683 845 786 922 posita,
811 839 862 925 88,
881 840 902 904 2
921 845 976 903 sub
995 850 1073 903 tecto
1093 847 1206 920 ponito,

60 948 178 1031 108,2
204 954 304 1011 uiuum
328 954 433 1028 ponito
460 952 515 1011 sub
544 953 602 1011 ato.
649 968 715 1011 cum
745 953 912 1011 accusativo
940 969 1009 1011 casn
1039 955 1070 1011 in
1099 950 1207 1031 iegitur

59 1057 128 1140 bis,
159 1055 255 1139 76,4
283 1066 385 1119 tracta
412 1061 533 1132 sinpula
562 1061 593 1118 in
621 1065 713 1118 totum
740 1061 833 1118 solum
858 1062 990 1135 primum
1009 1063 1127 1139 ponito,
1155 1058 1207 1118 urbi

60 1169 199 1243 inpunita
226 1164 418 1225 scribendum
448 1183 513 1224 esse
542 1164 724 1243 intellegitur
748 1182 782 1225 ex
806 1166 844 1225 iis
868 1184 942 1243 quae
966 1171 1147 1244 sequuntur,
1176 1170 1207 1226 iu

59 1291 208 1333 summum
228 1279 331 1334 tractu
353 1276 475 1348 sinpula
499 1275 594 1333 inclito
617 1280 648 1332 et
665 1275 838 1349 placentam
861 1275 1003 1349 inpunita,
1027 1280 1057 1332 et
1076 1269 1118 1331 66
1138 1292 1204 1334 cor-

59 1384 158 1440 tinam
192 1382 362 1457 plumbeam
394 1383 427 1440 iu
458 1382 558 1440 laeum
587 1383 704 1455 ponito,
742 1377 792 1439 ubi
824 1381 895 1439 item
929 1381 1040 1439 rectius
1073 1383 1206 1455 inponito

59 1486 222 1548 scribetur.
268 1486 404 1547 similiter
432 1486 510 1565 apud
538 1484 700 1546 Varronem
724 1504 747 1546 r.
771 1503 794 1546 r.
820 1483 973 1567 11111,2
1002 1490 1032 1546 in
1061 1505 1151 1562 quam
1178 1496 1208 1547 et

59 1598 151 1655 cibus
179 1598 334 1671 inponitur
363 1597 400 1654 iis
428 1602 457 1655 et
485 1597 646 1654 inmittitur
674 1612 756 1669 apua
784 1595 891 1673 scripsi
919 1612 973 1672 pro
1001 1612 1036 1654 eo
1069 1594 1147 1673 qnod
1176 1592 1214 1655 in'

57 1686 217 1762 codicibus
246 1700 355 1781 legitur
383 1703 469 1763 cibus
494 1705 621 1778 ponitur
649 1705 679 1761 in
708 1704 753 1761 iis.
800 1719 834 1761 ex
864 1702 899 1760 iis
928 1720 1002 1779 quae
1031 1720 1098 1761 curn
1123 1720 1206 1781 prae-

58 1811 210 1888 positione
235 1810 398 1887 composito
422 1815 492 1869 sunt
516 1812 660 1885 inponere
683 1810 830 1868 constanti
854 1811 1033 1888 scriptorum
1059 1827 1114 1869 usu
1139 1828 1207 1868 cum

59 1921 92 1978 in
118 1926 149 1977 ct
173 1919 340 1978 accusativo
365 1916 424 1977 dici
447 1918 518 1976 satis
542 1924 644 1976 notum
669 1924 727 1976 est:
751 1916 828 1996 apud
850 1915 990 1977 Catonern
1015 1919 1207 1977 inveniuntur

57 2023 151 2098 haec,
180 2020 276 2104 itu?
299 2029 331 2085 in
354 2027 533 2085 mortarium
561 2027 704 2100 inpunita,
730 2019 806 2103 104,
830 2020 850 2083 2
875 2027 905 2084 in
930 2027 1041 2085 (lolium
1066 2027 1208 2104 inponite,

62 2128 139 2211 108,
160 2128 176 2190 1
204 2134 337 2207 inponite
356 2135 386 2192 iu
407 2133 563 2204 carbones,
586 2127 639 2210 48,
658 2128 679 2190 2
699 2149 733 2191 eo
752 2125 793 2212 (b.
814 2149 838 2189 e.
858 2133 888 2189 in
910 2125 1033 2210 terram)
1052 2139 1208 2192 sarmenta

58 2247 119 2298 out
146 2242 243 2299 crutis
268 2241 398 2312 ficarios
426 2241 573 2314 inponite,
602 2239 673 2296 item
705 2232 794 2318 18,5
821 2239 877 2297 sub
906 2256 958 2296 eas
982 2239 1084 2297 trabes
1107 2240 1207 2297 trube-

58 2349 165 2408 culam
185 2349 336 2422 inponito,·
354 2364 422 2406 cum
441 2344 566 2405 ablativo
586 2343 695 2422 legitur
714 2342 813 2424 semel,
833 2343 885 2403 sed
906 2351 1056 2426 corrupte,
1075 2353 1107 2403 ut
1127 2354 1208 2425 puto,

60 2451 104 2514 77
137 2457 180 2514 ita
208 2456 342 2531 inponite
371 2455 402 2512 in
429 2456 499 2513 solu.
546 2453 617 2511 item
647 2454 814 2528 adponere,
841 2449 889 2511 42
911 2455 1054 2528 adpronitu
1083 2457 1114 2513 in
1142 2472 1209 2514 earm

59 2565 173 2642 locum,
192 2569 222 2621 et
239 2578 417 2638 supponere,
437 2557 489 2640 22,
504 2556 525 2620 2
544 2561 695 2619 orbiculos
714 2562 829 2634 lipneos
843 2566 985 2636 pertaesos
1000 2563 1030 2620 in
1045 2564 1209 2621 miliarium

61 2673 95 2730 in
126 2671 284 2729 columella
312 2670 470 2745 suppunito
499 2663 596 2746 21,3
629 2669 788 2727 lamminas
814 2670 869 2727 sub
897 2671 1055 2728 lamminas
1080 2672 1209 2745 pullulas

59 2780 197 2836 minutas
219 2777 386 2851 suppunito,
412 2769 484 2848 157,
507 2771 543 2833 ll
569 2775 624 2833 sub
646 2777 750 2834 sellam
772 2779 939 2851 stepponitu,
964 2774 1014 2855 18,
1034 2770 1055 2835 5
1085 2794 1119 2836 eo
1142 2795 1209 2852 sup-

57 2866 175 2958 punito.
222 2879 273 2940 sed
297 2898 470 2958 conponere
492 2898 559 2941 cum
583 2888 710 2960 utroque
730 2898 800 2940 casu
819 2890 942 2960 propter
961 2881 1105 2942 diversam
1128 2882 1208 2942 veriti

61 2988 327 3068 significationem,
359 2983 458 3067 37,5
491 2990 645 3049 codicillos
676 2991 794 3048 domino
828 2992 858 3048 in
892 3008 1034 3049 aceruum
1067 3008 1209 3066 conpone,

62 3092 157 3175 76,1
183 3098 215 3155 in
238 3099 341 3170 qualo,
370 3097 424 3155 ubi
445 3101 598 3168 arescant,
630 3099 797 3174 componito,
822 3092 864 3157 82
888 3115 939 3156 eas
964 3101 993 3157 in
1017 3102 1079 3158 solo
1103 3117 1209 3174 conpo-

61 3207 130 3263 nito
154 3204 272 3282 densas,
298 3199 410 3280 1122
435 3206 465 3262 in
489 3208 567 3262 tecto
588 3205 618 3262 iu
639 3204 776 3263 cratibus
794 3208 962 3279 componito.
992 3206 1021 3264 in
1042 3203 1106 3264 aliis
1126 3204 1210 3264 iaciie

61 3318 189 3390 apparet
216 3308 352 3369 morendi
377 3311 466 3388 notio,
492 3305 534 3370 25
559 3313 737 3371 conculcato
761 3314 791 3370 in
816 3313 905 3383 dolia,
932 3308 993 3371 117
1019 3315 1049 3371 in
1073 3317 1211 3372 arculam

63 3421 202 3490 calcato,
234 3413 285 3496 76,
305 3412 325 3476 3
353 3420 383 3476 in
407 3419 588 3476 mortarium
608 3435 721 3492 purum
744 3419 882 3477 manibus
906 3421 1092 3493 conaepsito,
1118 3416 1170 3497 95,
1190 3417 1210 3479 2

65 3523 199 3600 infriata
218 3542 308 3598 quam
327 3527 525 3584 minutissime
544 3526 575 3583 in
594 3540 760 3598 amurcam,
787 3519 857 3603 156,
876 3521 898 3583 4
917 3524 1023 3600 infriet
1041 3529 1072 3585 in
1091 3543 1211 3601 apuam,

62 3631 107 3692 ib.
128 3628 149 3692 6
169 3648 204 3691 eo
223 3633 353 3704 interito,
379 3625 487 3710 157,4
507 3633 537 3690 in
557 3647 594 3691 ea
614 3633 740 3691 uulnera
760 3638 855 3705 teras,
879 3629 950 3692 ini
972 3635 1074 3693 eodem
1091 3636 1211 3709 silpium

63 3739 217 3808 inrotatum
245 3737 297 3798 sed
323 3734 385 3798 102
415 3741 564 3798 conterite
592 3741 623 3798 in
652 3741 762 3799 ueteris
790 3741 854 3798 uiui
881 3741 1010 3799 bemina.
1056 3742 1087 3800 in
1111 3739 1157 3799 bis
1181 3733 1210 3801 in

61 3847 172 3927 primis
200 3843 390 3905 memorabile
419 3853 465 3905 est
493 3848 638 3925 condere,
667 3845 746 3924 quod
775 3846 811 3905 de
839 3848 919 3905 omni
947 3864 1055 3924 genere
1083 3847 1212 3926 frugum,

62 3971 144 4034 qnae
168 3954 198 4012 in
223 3970 310 4012 usum
334 3962 557 4031 conservantur,
589 3953 699 4013 dicitur
722 3971 789 4013 cum
814 3954 1035 4031 praepositione
1060 3957 1090 4013 in
1114 3954 1213 4013 addito

61 4071 94 4123 et
120 4058 247 4120 ablativo
270 4079 341 4121 casu
366 4060 401 4120 ad
426 4058 523 4120 locunt
547 4060 751 4140 indicandum,
779 4063 892 4139 inquo
920 4061 1019 4138 fruges
1048 4071 1212 4141 servantur,

60 4177 94 4229 et
127 4169 312 4249 accusativo,
344 4185 402 4247 quo
433 4185 483 4228 res
511 4167 556 4228 vel
585 4186 634 4227 vas
664 4168 861 4247 significatur,
895 4169 923 4226 in
953 4166 1030 4245 qtrod
1059 4166 1212 4227 induntur.

61 4293 134 4338 cum
159 4272 287 4334 ablativo
313 4271 341 4354 7,
360 4272 381 4336 2
404 4293 482 4336 uuae
506 4278 537 4336 in
561 4279 620 4335 olla
640 4278 671 4334 in
690 4279 825 4336 vinaceis
845 4277 1018 4335 renduntur
1037 4292 1110 4354 sqq,
1134 4272 1213 4336 aut

61 4386 243 4448 conduntur
263 4385 310 4442 uel
327 4384 439 4444 uirides
458 4387 490 4442 in
508 4386 610 4443 muria
629 4386 676 4442 uel
692 4386 724 4442 in
743 4386 867 4443 lentisco
887 4390 1040 4457 contusae,
1063 4381 1100 4442 ib.
1120 4384 1212 4442 sorba

61 4497 97 4554 in
119 4507 199 4568 sapa
222 4492 365 4570 candae,
388 4485 441 4570 54,
460 4487 480 4550 2
504 4493 536 4550 iu
560 4496 636 4551 tecto
662 4492 792 4564 condito,
816 4484 859 4549 55
879 4493 910 4549 in
929 4491 1064 4550 tabulato
1083 4491 1213 4562 condito,
