2874 4994
389 350 519 406 RERVM
538 347 780 408 RVSTICARVM
798 349 865 405 LIB.
885 350 898 404 Ι
918 345 1039 404 23-24
1244 337 1285 401 73

120 570 122 577 ,
241 505 410 577 Quaedam
444 505 520 566 loca
551 504 670 566 eadem
703 505 770 566 alia
803 504 842 565 ad
878 502 1068 565 serendum
1103 500 1285 578 idoneam]

120 620 125 653 ⁵
174 613 265 675 Idonea
291 612 413 674 Merula.
458 614 609 688 quaedam
642 616 710 674 toea
742 615 860 688 endem,
892 620 922 673 et
953 614 1016 672 ulia
1048 613 1091 671 ud
1120 611 1286 673 serrandum

120 794 122 801 Ι
172 721 259 782 idonea
281 719 440 782 ineundus.
482 722 588 781 eudem
616 723 679 781 ulia
702 737 762 780 uon
790 729 871 781 recte
895 719 1046 780 Gesnerus
1073 719 1113 778 ita
1140 719 1286 796 interpre-

120 830 127 885 .’
169 835 228 888 tatus
247 837 300 910 est,
319 837 353 889 ut
370 830 477 890 eadem
496 837 578 889 esset
595 829 802 908 nominativus,
821 830 884 888 aliu
904 828 1090 888 accusativus
1108 842 1176 886 eum
1196 822 1286 883 verbo

163 939 309 997 serendum
336 937 527 1016 coniunctus,
560 929 720 1014 ‘quaedam
748 933 811 995 iona
839 932 927 995 simul
955 932 990 993 ad
1019 933 1134 994 diversa
1162 930 1286 992 serenda

160 1053 215 1103 sunt
246 1035 377 1123 idonea’‚
404 1052 434 1104 et
457 1041 561 1102 eodem
584 1042 647 1103 sere
677 1040 763 1102 modo
790 1040 955 1102 Pontedera
984 1037 1104 1122 p.120,
1127 1031 1286 1118 ‘quaedam

156 1143 221 1230 ima,
249 1151 279 1209 in
306 1148 415 1228 quibus
438 1151 496 1210 iam
524 1148 595 1229 quid
620 1156 716 1211 satum
740 1158 798 1230 est,
825 1148 928 1209 eadem
955 1149 990 1210 ad
1019 1146 1178 1208 serendum
1208 1143 1286 1205 aliud

152 1270 207 1315 osse
244 1251 374 1317 idonea'.
421 1255 527 1317 meiius
555 1256 717 1335 Madvigius
745 1255 857 1317 advers.
877 1275 901 1316 v.
922 1255 947 1316 ll
970 1275 998 1336 p.
1019 1252 1083 1317 180
1110 1255 1286 1314 sententiam

134 1361 308 1425 ·rerborum
337 1366 497 1444 expressit,
526 1359 734 1424 ‘scribendum
762 1366 840 1424 alins
867 1356 939 1446 (boe
967 1370 1013 1424 est
1045 1360 1194 1424 interdum
1227 1361 1287 1420 seri

145 1483 288 1553 possunt,
316 1470 465 1532 interdum
494 1489 552 1531 non
582 1465 734 1552 possunt),
762 1472 819 1531 nisi
852 1471 908 1531 suit
940 1474 1019 1531 alias
1051 1471 1095 1530 ad
1121 1470 1287 1530 serendum

143 1579 270 1655 idoneo,
293 1583 371 1640 olias
393 1596 453 1640 non
478 1572 614 1639 idonea'.
646 1596 822 1657 quamquam
842 1586 964 1657 apparet
988 1579 1017 1638 in
1042 1576 1088 1636 his
1108 1573 1199 1636 semel
1222 1577 1291 1654 poni

140 1682 323 1768 adverbium
355 1689 434 1747 nlius
462 1703 521 1746 non
549 1687 691 1764 potuisse.
729 1703 795 1745 nam
823 1683 881 1745 hoc
911 1684 984 1745 dicit
1011 1683 1116 1765 Varro,
1149 1681 1292 1762 quaedam

138 1787 202 1852 ioca
243 1813 300 1855 non
330 1794 409 1854 omni
438 1801 573 1873 tempore
601 1792 637 1854 ad
666 1792 826 1854 serendum
853 1793 959 1853 idonea
988 1809 1067 1872 esse,
1099 1790 1150 1852 sed
1183 1789 1294 1870 endem,

137 1913 223 1974 quae
251 1901 307 1962 aiio
331 1909 464 1979 tempore
488 1900 593 1960 idonea
617 1902 689 1982 sint,
719 1899 776 1960 alio
799 1909 934 1980 tempore
962 1917 1021 1959 non
1046 1916 1120 1959 esse.
1158 1896 1293 1958 similiter

135 1999 222 2088 ΙΙΙ,
244 2006 284 2071 16
307 2026 405 2084 neque
432 2010 538 2069 endem
565 2012 633 2069 loeo
661 2011 776 2068 aestiua
805 2015 833 2068 et
861 2009 991 2068 hiberna
1019 2008 1129 2066 idonea
1157 2006 1293 2066 omnibus

133 2112 173 2169 Μ
201 2119 409 2190 poscendum.
447 2116 538 2194 igitur
567 2113 668 2175 eadem
696 2113 750 2174 ntia
778 2113 842 2175 loca
865 2121 949 2192 sunt,
978 2130 1063 2194 quae,
1091 2129 1159 2172 cum
1188 2121 1293 2172 natura

132 2215 256 2283 eadem
279 2224 348 2304 sint,
370 2231 469 2283 tamen
489 2221 525 2282 ad
544 2222 689 2282 sationem
708 2221 823 2283 diversa
842 2220 887 2281 vei
907 2219 963 2281 aiio
979 2219 1065 2281 modo
1082 2217 1293 2280 adserendum

129 2319 257 2390 idonea
279 2337 358 2391 sunt

243 2437 398 2499 Dessitis
421 2434 638 2514 seminibus]
663 2438 774 2498 Desitis
797 2436 865 2496 inde
889 2454 904 2495 a
927 2437 1063 2515 principe
1093 2433 1223 2494 editione
1247 2451 1292 2493 re·

127 2550 274 2616 ceptum
303 2551 376 2606 erat.
413 2547 527 2606 dissitis
555 2543 681 2604 Ursinus
714 2551 809 2622 reete,
842 2560 1020 2622 quamquam
1052 2543 1115 2621 ipse
1148 2539 1293 2618 vulgatam

125 2638 310 2712 lectionem
331 2651 515 2713 retinendam
534 2650 664 2730 putabat.
698 2669 763 2711 nam
780 2654 894 2712 desitus
908 2650 944 2710 de
964 2648 1090 2710 serendo
1110 2665 1196 2708 nemo
1212 2646 1295 2728 dixit,

125 2752 187 2814 ted
233 2763 382 2821 dbserere
404 2758 440 2819 de
463 2760 501 2818 iis
529 2776 603 2838 quae
633 2765 715 2819 nerto
739 2757 843 2819 ordine
871 2756 1014 2836 disposita
1038 2764 1180 2817 seruntur
1202 2752 1294 2814 Varro

123 2854 157 2916 de
198 2862 279 2945 ling.
299 2866 348 2927 lat.
362 2864 400 2925 vt
414 2861 457 2926 64
476 2868 558 2941 quod
575 2868 704 2926 dicimus
722 2859 877 2926 ‘disserit'
900 2868 968 2926 item
987 2866 1179 2925 translaticio
1198 2880 1294 2937 aeque

125 2983 165 3025 ex
223 2977 307 3048 uaris
334 2975 440 3034 uerbo:
469 2990 539 3034 nom
566 2979 601 3033 ut
627 2976 718 3034 olitor
745 2976 867 3034 disserit
895 2976 926 3033 in
955 2990 1046 3033 urens
1073 2974 1123 3032 soti
1149 2974 1294 3045 curruque

125 3085 276 3146 ameris
294 3100 353 3154 res,
375 3084 420 3141 sic
444 3083 474 3140 in
498 3083 636 3141 oratione
659 3083 713 3155 qui
731 3078 820 3154 facit,
843 3082 982 3140 dt’sertus.

247 3185 263 3248 7
301 3186 400 3259 erod
434 3184 565 3247 scribit
596 3186 636 3247 de
670 3184 891 3264 sationibus]
925 3187 971 3246 De
1002 3187 1170 3246 sationibus
1202 3182 1295 3244 deleri

130 3286 247 3352 volun
270 3295 406 3356 Ursinus.

242 3406 334 3463 XXIV
356 3399 372 3461 1
407 3398 443 3462 ln
467 3419 549 3480 agro
573 3419 694 3461 crasso
718 3399 804 3480 squ]
824 3399 898 3460 Non.
917 3418 945 3478 p.
965 3396 1051 3481 94,7
1076 3399 1293 3459 Condituaeum

131 3508 236 3571 duod
262 3511 355 3572 cendi
381 3512 429 3569 uel
454 3511 577 3570 condiri
599 3515 698 3584 potest
724 3515 808 3569 reete
836 3510 900 3568 diei
929 3507 1027 3569 Varro
1055 3509 1092 3568 de
1119 3525 1154 3567 re
1178 3509 1295 3566 rustico

130 3603 189 3663 dib·
219 3613 241 3671 I
263 3621 294 3678 iu
320 3633 398 3691 apro
421 3632 526 3677 crasso
549 3623 579 3677 et
597 3617 697 3676 calido
716 3619 812 3677 oleum
830 3617 1042 3677 condituraeum
1061 3616 1183 3675 rodium
1203 3615 1294 3674 muto-

128 3724 209 3771 st'm
230 3726 429 3786 sellentiacum
448 3724 595 3784 berritem
610 3740 737 3798 potorum
756 3726 910 3798 seminum
931 3725 1098 3784 albieurem
1117 3723 1296 3783 coloniarum.

241 3829 265 3892 2
299 3828 341 3891 Et
365 3831 395 3888 ei
424 3828 572 3889 terendo
600 3827 763 3890 arborem
791 3828 931 3909 perire]
962 3831 1001 3889 Et
1020 3830 1151 3905 serendo
1175 3827 1295 3887 Merula.

241 3936 265 3999 3
299 3936 397 4009 Quod
431 3955 471 3996 ex
505 3954 572 3996 uno
605 3937 698 3997 iacto
732 3935 802 3996 oiei
831 3934 1020 4012 refieitur]
1057 3937 1223 4009 Conficitur
1251 3933 1297 3995 vel

123 4020 292 4105 efficitur
315 4045 444 4104 oonieeit
467 4042 626 4105 Gesnerns.
663 4048 792 4117 relicere
820 4042 856 4103 de
884 4043 982 4103 reditu
1011 4043 1161 4102 fructuum
1185 4039 1295 4100 dictum

124 4137 182 4191 θεῖ
215 4141 323 4232 12,8
346 4168 406 4211 non
426 4169 515 4227 posse
538 4153 633 4224 refici.

247 4256 345 4329 Quod
366 4264 444 4318 cato
464 4260 510 4317 ait
531 4259 665 4318 eireum
687 4256 832 4317 fundum
852 4255 964 4317 ulmos
984 4254 1185 4338 etpopuios
1205 4253 1297 4315 unde

130 4336 260 4424 frons
283 4363 413 4425 ouibus
436 4372 471 4424 et
495 4362 613 4426 bubus
637 4366 683 4424 sit
706 4371 740 4424 et
763 4365 933 4424 materies
952 4366 1025 4424 seri
1044 4370 1212 4443 oportere
1237 4362 1297 4423 sed

135 4441 220 4522 ¹¹⁰0
247 4488 364 4551 neque
388 4473 423 4531 in
447 4469 612 4532 omnibus
635 4470 759 4532 tundis
782 4489 871 4551 opus
895 4479 949 4532 est
972 4489 1086 4551 neque
1110 4472 1144 4531 in
1169 4469 1299 4548 quibus
