2874 4994
150 325 192 389 96
491 332 683 389 COMMENT.
702 333 742 387 IN
760 332 949 388 VARRONIS

152 488 243 549 bitur.
279 491 447 549 accuratius
470 498 568 549 autem
592 486 860 568 Theophrastus,a
884 505 944 567 quo
968 485 1061 547 Varro
1084 486 1115 546 iu
1135 484 1245 566 htoprrtt

150 594 276 674 piurima
310 597 424 673 petivit,
448 614 557 674 genera
587 596 734 655 sationum
758 593 893 654 distinxit
915 593 985 654 hist.
1008 591 1099 672 plant
1121 590 1185 673 111,
1199 589 1249 655 ld

150 695 295 779 γενέσεις
318 698 386 762 των
410 696 562 780 δένδρων
590 695 645 762 καὶ
670 691 755 772 ὅλως
777 697 847 761 τῶν
874 696 992 781 φυτῶν
1020 688 1041 779 ἢ
1070 688 1249 779 νότόραταῇ

149 797 214 867 άπὸ
238 803 423 887 σπέρματος
446 797 466 887 ἢ
491 799 555 869 άπὸ
580 803 670 888 ῥίζης
692 795 714 886 ἢ
739 797 804 867 άπὸ
829 797 1050 886 παραστάδας
1072 794 1093 885 ἢ
1116 794 1175 866 timi
1193 796 1253 885 τίρε·

149 905 253 994 μόνος
275 902 295 994 ἢ
320 904 384 974 άπὸ
407 905 535 986 κλωνὸς
558 903 578 994 ἢ
601 905 658 974 ἀπ’
683 902 871 974 αὐτοῦτοῦ
894 905 1070 992 στελέχους
1091 904 1172 973 εἰσὶν
1189 899 1254 993 ἢέν

149 1017 210 1081 τοῦ
243 1012 346 1094 ξύλον
377 1014 620 1093 κατακοπέντος
655 1017 703 1092 εἰς
738 1011 853 1101 μικρά·
893 1011 950 1081 καὶ
981 1011 1046 1099 γάρ
1084 1008 1184 1091 οὕτως
1211 1014 1256 1079 htt

151 1118 278 1206 φύεται.
315 1146 369 1207 pro
394 1126 440 1187 his
465 1130 520 1188 tria
540 1145 649 1207 genera
669 1127 770 1206 posuit
789 1124 880 1187 Varro
899 1127 996 1206 iisque
1019 1124 1132 1186 addidit
1148 1135 1257 1205 marton,

150 1233 228 1312 quod
258 1235 291 1294 dt
317 1234 523 1316 insitionibus,
551 1252 623 1314 qrras
652 1231 877 1312 Theophrastus
900 1230 1030 1314 ih.1,4
1059 1249 1077 1292 a
1109 1249 1141 1293 se
1170 1233 1259 1293 omittat

149 1358 214 1400 esse
239 1338 352 1420 scribit,
374 1337 412 1401 αί
432 1331 495 1421 γάρ
520 1336 693 1420 ἐμφυτεῖαι
715 1332 770 1400 καὶ
794 1334 829 1400 οἱ
849 1331 1122 1420 ἐνοφθαλμισμοὶ
1142 1328 1260 1417 ανδότερ

149 1444 252 1526 μίξεις
283 1440 371 1519 τινές
403 1443 488 1506 εἰσιν
522 1434 543 1525 ἢ
575 1436 646 1506 κατ’
672 1436 777 1506 ἄλλον
804 1436 931 1523 τρόπον
959 1441 1123 1525 γενέσεις,
1144 1427 1261 1525 tepido

145 1545 289 1632 ὕστερον
312 1546 455 1614 λεκτέον.
501 1554 628 1632 primurn
654 1553 744 1631 igitur
769 1569 863 1630 genus
886 1554 987 1631 posuit
1010 1551 1098 1632 illud,
1121 1551 1197 1631 quod
1219 1542 1262 1611 άτδ

147 1656 333 1741 σπέρματος
361 1658 584 1738 Theophrastus
608 1657 696 1739 dixit,
719 1657 883 1737 eodemque
912 1676 1022 1738 genere
1052 1657 1266 1737 complexuros

145 1757 354 1847 αὐτομάτους
388 1760 533 1845 γενέσεις
566 1766 662 1844 ipsum
691 1762 928 1845 Theophrastum
958 1764 1026 1826 hist
1055 1764 1147 1845 plant.
1168 1762 1205 1824 111
1220 1760 1266 1839 tt

149 1880 179 1931 et
202 1872 238 1932 de
262 1891 342 1933 eaus.
366 1870 456 1952 plant.
477 1869 529 1933 15
553 1880 688 1953 secutus;
712 1870 838 1932 alterum
862 1880 908 1932 est
936 1862 1002 1934 άπὸ
1035 1867 1144 1952 ῥίζης,
1174 1873 1266 1932 tertiuu

151 1981 285 2040 eontinet
313 1979 426 2058 reliqua
456 1997 515 2039 non
545 1977 696 2059 subtilius,
720 1979 798 2040 sieut
829 1977 1074 2058 aTheophrasto
1105 1977 1209 2039 fastum
1229 1984 1267 2055 stt,

149 2085 297 2159 distincta.

235 2191 317 2254 ml
343 2192 386 2252 Et
409 2195 438 2253 si
462 2211 549 2272 aqua
569 2210 658 2272 quae
683 2190 808 2253 influit
831 2193 865 2252 in
886 2208 1007 2271 agrum
1030 2191 1170 2252 inferre
1187 2186 1266 2265 solet]

146 2301 234 2361 Etsi
256 2303 287 2360 t'n
311 2317 393 2374 aquo
416 2304 585 2376 quaesiuit
608 2308 637 2361 et
661 2303 691 2360 in
716 2316 826 2374 aprum
850 2298 968 2375 inferre
990 2300 1066 2359 solet
1084 2297 1265 2377 iucunduset

145 2411 174 2467 si
194 2425 256 2482 quo
280 2423 362 2481 αραα
385 2424 466 2482 quoe
489 2410 589 2482 instuit
608 2425 672 2486 sqq.
696 2403 863 2485 Nettieship
887 2403 982 2465 annai.
1006 2403 1108 2485 philol.
1129 2404 1265 2481 Canmhrip

149 2532 173 2574 a.
199 2510 283 2575 1887
309 2533 337 2592 p.
358 2511 430 2576 173.
469 2511 560 2573 Varro
586 2514 733 2592 expressit
755 2510 838 2592 haec,
861 2528 937 2590 quae
959 2509 997 2571 de
1020 2510 1192 2591 Anaxagora
1209 2507 1275 2589 apud

146 2618 384 2698 Theophrastum
418 2621 526 2699 scripta
556 2620 681 2700 invenit,
705 2617 774 2678 hist
803 2615 892 2697 plant.
917 2614 956 2676 ΙΙΙ
978 2614 1047 2697 1,4
1075 2608 1299 2696 Ἀναξαγόρας

144 2718 205 2806 μέν
238 2717 297 2785 τὸν
331 2714 413 2804 άέρα
444 2718 581 2785 πάντων
613 2717 754 2806 φάσκων
787 2722 874 2804 ἔχειν
906 2716 1079 2803 σπέρματα
1107 2717 1161 2784 καὶ
1189 2717 1301 2782 ταῦτα

144 2823 462 2912 συγκαταφερόμενα
485 2827 530 2914 τῷ
553 2821 652 2891 ὕδατι
675 2826 801 2909 γεννᾶν
824 2823 864 2890 τά
887 2821 976 2910 φυτά
1000 2829 1086 2891 etde
1106 2829 1303 2910 oauspimt..

144 2937 206 3021 15,
226 2938 246 2999 2
269 2936 300 2999 εἰ
328 2931 365 2999 δέ
389 2930 430 3018 δὴ
454 2931 509 2998 καὶ
533 2929 551 2998 ὁ
580 2929 645 3017 ἀὴρ
673 2931 842 3017 σπέρματα
871 2934 991 2998 δίδωσι
1020 2930 1304 3018 συγκαταφέρσν,

143 3038 252 3125 ὥσπερ
283 3039 389 3126 φησὶν
415 3035 651 3124 Ἀναξαγόρας,
680 3038 734 3104 καὶ
764 3044 877 3126 πολλῷ
905 3044 1050 3123 μᾶλλον·
1096 3035 1194 3116 ἄλλος
1218 3031 1309 3120 pho

141 3145 185 3214 ἂν
209 3159 339 3214 ποιοῖεν
362 3142 464 3232 άρχὰς
487 3144 542 3211 καὶ
565 3143 703 3231 τροφάς.
740 3149 788 3210 ἔτι
807 3141 839 3210 δ’
862 3146 897 3211 ολ
917 3144 1061 3230 ποταμοὶ
1084 3143 1139 3210 καὶ
1161 3145 1195 3209 αλ
1206 3162 1307 3223 σορ-

144 3255 221 3341 ροαὶ
244 3253 298 3320 καὶ
323 3251 509 3339 ἐκρήγματα
532 3255 600 3318 τῶν
624 3248 760 3318 ὑδάτων
778 3251 992 3337 πολλαχόθεν
1015 3249 1176 3336 ἐπάγουσι
1191 3247 1306 3329 στέρ-

143 3386 228 3447 ματα
252 3361 307 3426 καὶ
331 3362 483 3443 δένδρων
507 3358 561 3425 καὶ
585 3355 774 3444 ὑλημάτων.

231 3472 323 3533 iilud
352 3470 444 3552 quod
474 3481 624 3550 apparet
651 3471 691 3530 ad
719 3469 914 3550 agricolas]
944 3472 995 3531 Ad
1020 3459 1304 3547 apricotosdeleri

143 3580 234 3641 voluit
257 3579 393 3652 Urm‘nus.

231 3684 405 3754 Quaedam
430 3686 521 3744 enim
546 3683 586 3743 ad
612 3684 810 3745 eenendum
840 3693 1034 3765 propterea
1065 3677 1295 3763 usqueadeo

142 3810 250 3870 parua
276 3799 312 3850 ut
335 3792 412 3851 sint
435 3789 602 3868 obseura]
628 3793 676 3850 dd
698 3793 857 3852 oriendum
879 3798 950 3851 suut
973 3809 1070 3867 usque
1093 3794 1168 3853 adeo
1182 3794 1286 3867 parra

141 3898 218 3960 edita
242 3908 309 3959 ante
336 3896 497 3958 Victoriam
522 3896 713 3979 exemplaria,
738 3901 781 3958 od
804 3901 977 3974 pertendunt
1000 3906 1167 3976 propterea
1189 3900 1279 3967 totu!

140 4010 217 4067 odeo
247 4024 347 4082 parvo
376 4002 532 4064 Victorius.
578 4007 622 4064 od
653 4006 839 4066 ceruendum
866 4007 896 4065 in
926 3999 1045 4066 ‘retexe
1078 3997 1187 4066 oodioe’
1208 4009 1266 4058 w
1308 4034 1310 4049 =

140 4113 267 4173 Ursinus
292 4111 455 4189 adnotavit,
478 4112 527 4171 oui
556 4112 680 4172 nimium
704 4112 833 4173 eonsssus
864 4121 910 4172 est
934 4110 1150 4193 Schneiderus,
1168 4099 1263 4189 quissd

141 4220 326 4277 cernendum
360 4235 455 4290 usque
483 4219 560 4276 odeo
584 4236 685 4293 γονον
713 4217 802 4278 dedit.
848 4236 946 4297 neque
979 4221 1061 4279 enim
1095 4209 1281 4303 turranio,

140 4333 195 4401 est,
219 4324 289 4400 quin
314 4325 357 4382 od
376 4325 548 4397 peneadem
573 4335 653 4383 reete
679 4325 880 4384 emendaverit
899 4323 1051 4387 Victorius
1073 4335 1103 4386 et
1124 4337 1196 4403 supra
1209 4330 1245 4389 pr

142 4432 242 4490 uendi.
278 4428 329 4487 sed
354 4431 487 4510 ineptum
511 4439 557 4489 est
577 4439 751 4508 propterea,
774 4450 829 4513 pro
853 4450 913 4512 quo
933 4450 1038 4509 prono
1062 4432 1242 4513 scripsitW
