2874 4994
143 352 206 418 190
481 358 672 415 COMMENT.
691 359 730 413 IN
748 356 939 415 VARRONIS

141 523 336 599 pepererunt,
370 516 484 578 adiecto
512 515 548 576 ad
577 515 694 576 laenum
725 512 838 577 hordeo
864 531 941 594 aqua
968 512 1015 575 bis
1046 511 1093 577 dte
1116 514 1172 578 dota
1191 534 1232 597 pe

142 623 230 684 cendi
252 632 330 684 sunt.

231 729 360 791 Horum
386 730 527 792 feturae
556 731 701 791 initium
729 728 963 790 admissionis
991 728 1110 791 iaoera
1133 738 1239 811 oportet

142 837 439 916 abaequinoctio
463 856 573 898 trenno
602 846 636 898 et
664 834 884 914 solstitium]
912 837 964 897 Ad
983 839 1139 899 solstitium
1157 834 1243 901 lant

143 947 181 1006 de
203 947 311 1006 tortam
332 943 457 1020 foetrara
481 943 645 1005 Pontedera
670 963 698 1023 p.
717 940 793 1026 434,
817 942 896 1023 quod
916 941 1119 1006 Schneiderus
1138 942 1245 1023 promi

142 1051 220 1112 idem
244 1050 361 1113 dicendi
385 1069 480 1130 genus
503 1060 550 1111 est
572 1047 704 1130 119,11
729 1050 766 1111 de
790 1049 926 1131 canibus,
954 1048 1083 1126 feturae
1099 1053 1248 1129 principiae

142 1161 324 1220 admittendi
342 1158 466 1235 faciunt
488 1161 568 1219 aeris
588 1160 753 1235 principio,
775 1156 828 1218 ubi
851 1160 889 1219 de
908 1156 1016 1234 setara
1034 1156 1105 1219 inde
1126 1154 1161 1219 ab
1177 1156 1250 1219 lldro

143 1265 272 1327 editione
295 1272 449 1344 receptum
474 1275 545 1326 erat.
580 1263 706 1340 feturae
729 1273 828 1326 autem
851 1267 877 1325 si
895 1281 1000 1326 varum
1018 1274 1076 1347 est,
1097 1263 1189 1327 dstlm
1203 1282 1252 1326 oon

143 1373 254 1434 dictum
279 1392 342 1434 rem
367 1374 527 1453 signilleat,
555 1380 678 1453 propter
707 1390 796 1451 quam
819 1371 1015 1433 admissiones
1043 1371 1133 1454 liunt,
1153 1370 1253 1435 leod

143 1480 279 1563 feturam,
302 1478 412 1563 114,1
438 1483 481 1541 ad
498 1479 635 1556 feturam
658 1497 764 1541 verres
787 1481 904 1541 duobus
921 1479 1079 1540 ‘menardus
1097 1485 1167 1540 oute
1181 1496 1253 1541 sara·

143 1590 245 1650 nendi.
282 1587 389 1649 deinde
413 1586 617 1667 neglegentiae
641 1586 760 1647 dicendi
783 1586 975 1649 tribuendum
995 1595 1052 1668 est,
1073 1584 1152 1665 qnod
1169 1586 1256 1647 loitinn

144 1695 332 1756 admissionis
356 1695 422 1755 lieri
446 1694 555 1755 dieitur
579 1693 614 1755 alr
638 1696 825 1774 aequinoctio
850 1692 885 1754 ad
910 1692 1082 1775 solstitium,
1111 1711 1176 1755 eum
1194 1710 1256 1753 onae

145 1812 262 1882 tempus
287 1800 462 1863 admittendi
484 1801 614 1862 dicatur:
646 1798 780 1883 1111,4
810 1819 931 1863 caseum
957 1799 1069 1877 faeere
1097 1804 1267 1879 iucipiaatr

144 1913 280 1986 verpiiiis
302 1912 404 1970 vernis
427 1911 545 1970 exortis
568 1910 611 1969 ad
633 1911 765 1969 aestivas
787 1911 940 1985 rerpitias.

234 2013 254 2078 8
287 2015 486 2077 Admittere
510 2023 656 2095 oportet
685 2033 763 2075 oum
787 2023 927 2095 tempus
954 2016 1039 2076 anni
1067 2016 1205 2076 uenerit
1220 2011 1265 2073 lis

145 2123 201 2185 die
231 2141 331 2184 mane
361 2129 395 2183 et
424 2140 577 2202 uespere
605 2124 774 2203 peroriga
803 2123 902 2182 misit
929 2120 1139 2203 appellatur
1163 2120 1261 2202 quiqui

145 2229 323 2308 admittit]
346 2231 513 2291 Admittere
531 2237 649 2307 oportet
667 2261 711 2272 -
726 2248 850 2307 uespere
869 2277 875 2290 .
890 2232 1042 2307 peroripa
1060 2233 1141 2292 emim
1158 2231 1259 2309 oppeto·

144 2346 197 2400 tur
219 2340 355 2414 quisquis
375 2341 506 2399 admittit
524 2336 636 2398 Merula
657 2384 664 2398 .
683 2340 845 2399 admittere
863 2344 984 2414 oportet
1003 2369 1042 2381 -
1064 2356 1186 2416 uespere
1196 2354 1259 2415 pera

145 2448 246 2520 ripam
265 2491 272 2505 .
291 2447 336 2505 sia
359 2449 532 2523 appellatur
552 2454 608 2505 eto.
629 2446 757 2506 coniecit
775 2442 932 2525 Victorius,
958 2438 1008 2505 ‘ut
1022 2449 1199 2523 peroriaam
1213 2461 1260 2505 cun

148 2552 302 2631 superiore
327 2561 410 2631 parte
439 2546 585 2614 haereat’.
627 2554 789 2613 admittere
816 2558 998 2629 oportet-
1023 2552 1261 2630 vespereperori

145 2676 225 2734 pam.
264 2662 288 2718 is
317 2662 360 2719 ita
389 2663 576 2737 appellatur,
605 2662 713 2735 quiqui
744 2662 876 2721 admittit
904 2658 1046 2738 Scaliger.
1083 2678 1144 2738 per
1172 2662 1264 2734 odam

146 2763 339 2825 scribendum
364 2783 430 2826 esse
458 2765 530 2826 vidit
558 2765 725 2828 Pontedera
753 2786 782 2847 p.
799 2763 880 2848 434,
908 2765 987 2846 quod
1016 2765 1212 2828 Schneiderns
1232 2782 1265 2825 re

146 2872 234 2950 oepit.
272 2875 363 2948 oripa
387 2891 441 2952 pro
466 2877 589 2954 auripa,
612 2883 645 2935 ut
668 2875 814 2953 seriptum
837 2883 883 2935 est
905 2882 1009 2953 postea
1032 2870 1103 2957 §9,
1126 2868 1267 2955 legltnrde

146 2977 248 3038 eadem
279 2998 312 3039 re
335 2977 456 3060 118‚4
484 2983 612 3056 itemque
633 2990 668 3043 at
695 2984 779 3042 ineat
806 2999 900 3057 equas
923 3000 983 3058 per
1009 2984 1119 3058 oripas
1140 2996 1269 3044 caramu-
1303 3040 1305 3047 .

146 3095 301 3165 praeterea
320 3085 434 3147 Plinius
455 3085 519 3146 Vlll
540 3084 603 3149 156
627 3088 681 3150 lraa
702 3088 793 3149 torma
818 3086 934 3148 ridetur
957 3105 1032 3149 usus
1055 3106 1124 3149 esse
1142 3091 1172 3149 in
1188 3086 1271 3148 eaden

145 3209 194 3272 re,
217 3210 317 3268 aequa
341 3213 381 3255 ex
405 3213 501 3255 eausa
525 3198 556 3255 ia
583 3196 711 3256 Reatino
735 3214 812 3272 apro
835 3198 1005 3257 laceratum
1038 3198 1160 3272 oripam
1181 3195 1273 3256 iaoeui

148 3316 214 3360 mus
232 3299 283 3361 ubi
299 3305 460 3379 proripam
480 3303 510 3362 in
529 3300 613 3362 libris
633 3320 721 3362 manu
741 3304 862 3382 scriptis
880 3302 999 3383 legitur.
1036 3304 1158 3365 inanem
1173 3316 1275 3382 operam

146 3416 243 3467 autem
273 3407 342 3467 olim
372 3407 511 3469 Varronis
539 3418 569 3470 et
599 3408 685 3470 Plinii
713 3411 893 3490 interpretes
919 3411 949 3470 in
979 3420 1125 3490 corrupto
1152 3406 1275 3471 vocabolo

146 3512 320 3593 explicando
353 3514 398 3575 vel
430 3515 606 3595 corrigendo
639 3525 904 3598 consumpserunt,
936 3535 1005 3578 cum
1036 3521 1215 3596 peroripam
1242 3514 1277 3575 rel

144 3624 313 3696 proripiant,
334 3626 507 3699 praripam,
527 3628 727 3700 praeeripam
751 3626 871 3704 proprio
895 3627 1015 3687 nomine
1045 3624 1190 3705 appellari
1211 3633 1278 3705 puta·

147 3735 215 3786 rent
238 3745 305 3787 eum
330 3730 380 3808 qui
404 3748 497 3809 equos
520 3729 657 3791 admittit.
698 3749 758 3791 rron
792 3732 885 3792 maior
913 3730 986 3792 fides
1005 3731 1145 3793 eiusdem
1162 3728 1279 3793 rostri

148 3841 193 3893 est
217 3834 293 3914 apud
313 3834 528 3898 Tertullianum
549 3836 584 3898 de
605 3840 787 3917 monogamia
808 3858 834 3899 a.
856 3836 884 3920 1,
908 3842 988 3900 inter
1009 3842 1131 3902 alienos
1147 3841 1280 3918 spadones

147 3950 176 4003 et
195 3946 324 4019 euripus
343 3953 409 4006 tuos
429 3947 605 4006 tantundem
624 3949 764 4020 quereris
784 3948 821 4007 de
839 3948 1002 4008 domestico
1015 3948 1179 4024 'obsequio
1200 3962 1281 4022 quar·

146 4059 207 4110 tam
237 4053 274 4111 de
294 4050 421 4126 fastidio
443 4059 611 4128 extraneo,
639 4051 691 4113 ubi
718 4071 773 4132 pro
799 4056 928 4130 auripas
957 4052 1110 4133 argrinus
1133 4056 1281 4132 peroriaos

147 4158 274 4234 scripsit.
296 4189 335 4198 —
357 4158 402 4217 bis
425 4161 455 4219 ira
480 4162 531 4220 die
553 4161 584 4219 in
612 4159 742 4220 editione
767 4159 998 4221 commeliniam
1028 4162 1205 4224 oonieomra
1229 4156 1282 4239 Syl

148 4262 254 4342 burgii,
278 4268 311 4321 ut
334 4263 459 4340 videtur,
484 4266 604 4341 editum,
628 4265 735 4326 deinde
759 4285 774 4326 a
799 4265 924 4347 reliquis
948 4267 1122 4330 editoribus
1144 4275 1282 4348 reoeptm

147 4374 223 4447 orat,
255 4369 301 4429 dis
328 4372 377 4431 die
405 4370 472 4432 libri
503 4391 590 4433 manu
619 4375 723 4453 scripti
752 4382 782 4434 et
809 4373 957 4435 editiones
985 4376 1190 4458 antiquiores,
1214 4370 1282 4453 qnod

151 4476 277 4537 restitui.
324 4488 477 4556 praeterea
500 4483 554 4555 pai
576 4483 709 4541 admittit
731 4482 851 4562 scripsi,
881 4483 1046 4544 admittere
1068 4491 1199 4561 oportet,
1221 4496 1283 4543 cun
