2874 4994
247 291 290 353 30
588 298 778 355 committur.
801 299 841 352 IN
860 297 1048 353 VARRONIS

246 472 340 514 macces
363 448 471 533 {postea
500 459 530 512 et
553 463 724 514 constanter
752 470 853 515 susum
882 462 912 514 et
934 452 983 512 bic
1007 460 1038 512 et
1060 450 1072 511 l
1091 448 1149 534 31,
1168 448 1199 514 5.
1233 470 1325 513 cutum
1341 460 1369 513 et

246 563 386 620 deorsrtm
415 578 473 618 rron
502 559 600 619 addito
629 559 802 620 directionis
830 561 888 619 ime
916 558 952 619 de
977 557 1049 619 locis
1078 557 1113 619 ad
1138 575 1253 619 summa
1273 558 1315 618 rel
1331 560 1372 620 in·

246 666 313 726 lima
345 663 536 744 vergentibus
563 664 675 727 dictum
705 683 771 726 esse
799 665 950 726 adnotavit
976 663 1183 726 Lachmannua
1210 665 1243 725 iu
1267 663 1386 726 lamet.

244 792 273 851 p.
292 770 366 834 3tt.

335 878 356 939 4
375 879 502 939 Susum
521 878 719 957 fertiliora]
736 879 863 940 Uberius
877 879 950 939 baec
965 879 1103 958 exposuit
1111 876 1228 939 Plinius
1242 876 1304 938 XVl
1318 872 1393 939 116

247 995 291 1047 est
314 1005 385 1047 cero
410 991 440 1046 in
469 990 541 1062 ipsis
564 989 728 1047 arboribus
756 991 846 1047 etiam
869 989 983 1047 onustis
1003 987 1174 1062 peculiares
1197 986 1403 1059 differentia:

245 1112 361 1155 samma
376 1097 527 1170 reiparte
542 1093 678 1169 fertilior
692 1103 735 1155 est
755 1096 883 1154 arbutus
901 1110 1042 1169 pameas,
1062 1091 1213 1168 inferiore
1231 1093 1411 1167 impariles

239 1205 296 1275 pet
320 1205 480 1261 mariscae.

329 1303 350 1368 b
383 1306 598 1386 Plerumque
631 1306 847 1367 hibernales
878 1324 958 1367 esse
990 1304 1139 1366 meliora
1172 1306 1237 1385 qui
1264 1305 1417 1373 colunt

243 1412 478 1492 campestria]
512 1416 690 1490 Plerumque
716 1418 940 1491 plurimumque
967 1414 1141 1473 bibermales
1169 1413 1231 1472 biis
1257 1428 1322 1472 ease
1347 1428 1414 1497 tn,

239 1524 419 1598 plerumque
441 1522 570 1580 hiberna
595 1523 632 1580 iis
655 1539 720 1581 esse
738 1528 891 1581 corrector
914 1519 1026 1579 codicis
1050 1517 1232 1598 Florentini,
1255 1516 1332 1597 qnod
1352 1518 1409 1586 in

243 1626 377 1687 Aldinam
403 1626 561 1686 editionem
591 1637 620 1687 et
647 1626 754 1687 deinde
777 1629 808 1687 in
832 1626 962 1705 reliquas
986 1633 1139 1703 receptum
1167 1632 1223 1684 est.
1255 1627 1408 1702 pleram-

242 1752 301 1809 que
327 1736 458 1794 hiberna
485 1752 550 1794 esse
579 1736 624 1794 ibi
649 1738 775 1795 meliora
803 1752 894 1809 quam
926 1735 1109 1809 campestria
1143 1732 1288 1810 impressa
1318 1741 1402 1797 tate

243 1839 376 1900 Aldinam
409 1840 569 1900 editionem
598 1841 784 1920 exemplaria.
819 1845 999 1918 plerumque
1026 1841 1157 1899 biberme
1189 1840 1228 1898 iis
1253 1839 1396 1915 meliora,

243 1945 271 2006 b.
285 1965 311 2007 e.
330 1948 367 2006 iis
388 1946 507 2006 meliora
527 1956 605 2029 sunt,
624 1949 741 2027 scripsi.
776 1965 841 2007 nam
856 1949 1030 2007 hibernales
1048 1962 1120 2018 esse,
1140 1942 1222 2022 quod
1240 1944 1271 2004 in
1287 1941 1391 2007 arthe-

245 2062 313 2133 typo
347 2053 415 2135 tuit,
449 2053 517 2113 inde
544 2055 662 2114 ridetur
690 2062 788 2115 ortum
822 2073 901 2135 esse,
934 2052 1012 2132 qttod
1043 2051 1113 2112 olim
1146 2053 1292 2130 scriptum
1320 2062 1385 2113 crat

242 2161 373 2220 hiberna
397 2179 469 2238 esse,
493 2161 600 2221 deinde
624 2170 792 2223 correctum
817 2166 835 2222 l.
859 2165 910 2222 eis.

332 2266 462 2327 Contra
491 2265 630 2328 aestiua
659 2278 822 2329 montana
845 2269 890 2328 iis
918 2266 1010 2326 locis
1033 2264 1274 2326 commodiora
1294 2265 1373 2344 quod

242 2372 293 2434 ibi
317 2381 388 2434 tum
412 2385 447 2435 et
469 2374 638 2454 pabulum
662 2374 809 2436 multum
834 2373 925 2455 quod
949 2375 984 2433 in
1004 2375 1137 2451 campis
1156 2379 1235 2433 aret
1252 2389 1289 2432 ac
1309 2369 1368 2431 col-

244 2490 324 2541 tura
352 2479 517 2541 arborum
547 2481 682 2561 aptior]
713 2483 861 2543 Montana
890 2484 927 2541 iis
955 2477 1015 2562 (vel
1038 2472 1100 2560 itis)
1122 2481 1199 2540 iocis
1221 2475 1365 2558 apograpbr

244 2585 399 2667 ltalorum,
426 2597 629 2663 montanoque
653 2592 690 2649 iis
712 2593 787 2651 locis
809 2586 985 2666 Politianns,
1013 2584 1092 2664 quod
1121 2586 1148 2644 si
1175 2586 1206 2644 in
1230 2583 1364 2661 archetypo

244 2692 308 2774 ltrit,
332 2711 390 2767 que
409 2697 573 2755 correctori
592 2695 732 2776 debetur,
755 2697 904 2756 montanis·
923 2696 997 2754 locis
1012 2710 1040 2752 m
1060 2700 1090 2751 et
1105 2699 1260 2752 corrector
1276 2689 1361 2750 codicis

243 2798 415 2859 Florentini.
453 2819 543 2878 pravo
563 2803 672 2863 indicio
692 2802 858 2863 Pontedera
877 2821 906 2881 p.
919 2797 963 2862 93
984 2806 1113 2859 veterem
1134 2796 1290 2858 lectionem
1305 2812 1361 2857 mor

242 2913 317 2965 tana
345 2909 382 2966 iis
410 2910 484 2967 iocis
511 2908 658 2989 defendit,
692 2904 745 2969 ‘iis
774 2908 860 2989 locis,
893 2907 944 2968 ubi
971 2913 1056 2985 prata
1085 2914 1115 2965 et
1147 2899 1276 2986 vincae',
1304 2896 1361 2982 qnod

243 3015 337 3072 miror
360 3013 543 3075 Schneidero
568 3015 724 3094 placuisse.
761 3034 828 3076 nam
853 3017 961 3075 aestiva
983 3021 1119 3073 montana
1138 3010 1220 3072 nulla
1239 3019 1313 3091 sunt,
1327 3004 1361 3069 ml

241 3124 379 3183 moriana
404 3120 466 3182 loca
487 3131 679 3202 opponuntur
699 3122 924 3204 campestribus,
948 3129 978 3181 et
999 3129 1081 3180 recte
1100 3117 1253 3178 lttcnndns
1271 3118 1362 3178 cartu

242 3231 393 3288 montanis
416 3234 490 3290 locis
514 3232 726 3291 commodiora.
765 3231 835 3289 item
864 3237 945 3289 recte
969 3228 1047 3287 idem
1072 3232 1102 3286 et
1123 3228 1248 3286 cultura
1272 3241 1322 3302 pro
1337 3236 1362 3279 et

243 3333 321 3412 quod
345 3337 375 3394 in
399 3336 558 3415 archetypo
578 3346 608 3397 et
627 3339 656 3396 in
676 3339 784 3415 priscis
802 3334 983 3397 editionibus
1006 3342 1127 3394 cratae
1150 3335 1283 3405 cultura,
1303 3323 1361 3409 qaod

242 3438 391 3502 Victorius
415 3445 537 3521 recepit.
575 3450 686 3505 aestate
714 3446 743 3503 in
768 3445 916 3504 montanis
947 3442 1019 3502 locis
1043 3446 1073 3500 et
1095 3436 1238 3518 pabulum
1263 3436 1362 3498 nuum

242 3556 272 3607 et
291 3547 407 3607 cultura
431 3547 571 3608 arborum
595 3551 769 3627 aptiorem,
793 3569 881 3629 quam
905 3552 935 3609 in
961 3544 1186 3627 campestribus.

331 3652 351 3714 6
385 3653 421 3714 ln
446 3673 547 3715 unam
571 3667 707 3734 partem
731 3666 861 3735 uerget
883 3675 985 3736 quam
1009 3658 1038 3715 is
1062 3657 1121 3734 qui
1146 3662 1204 3714 est
1225 3653 1265 3714 ad
1283 3644 1386 3712 libel-

243 3758 309 3818 lam
328 3778 460 3839 aequos
484 3760 574 3840 quod
600 3763 630 3822 is
653 3781 730 3822 cnm
754 3782 865 3843 aquae
886 3781 954 3824 non
973 3762 1080 3822 babet
1099 3759 1282 3838 delapsum
1299 3750 1406 3816 lieri

243 3865 335 3926 solet
355 3867 559 3947 uliginosus
583 3887 623 3928 eo
648 3872 758 3948 magis
778 3873 806 3929 si
826 3873 906 3950 quis
925 3877 981 3930 ost
1000 3864 1260 3946 inaequabilis]
1283 3856 1416 3935 llam!

244 3992 271 4032 m
295 3982 325 4032 et
348 3976 491 4053 impressa
515 3973 584 4035 inde
608 3974 644 4034 ab
666 3975 768 4036 Aldina
788 3975 917 4036 editione
942 3975 1128 4056 exemplaria,
1152 3982 1261 4049 uerpet
1278 3970 1352 4046 retro
1367 3960 1411 4019 ἱ

242 4079 310 4139 libri
335 4100 422 4142 mann
447 4083 550 4159 scripti
575 4091 604 4141 et
628 4083 772 4142 editiones
796 4084 1028 4162 antiquissimae.
1050 4115 1088 4125 —
1110 4078 1403 4141 materialitatis

242 4204 309 4246 cum
344 4185 479 4264 plurimis
512 4187 701 4268 apographis,
734 4206 793 4248 non
825 4189 951 4257 babeat,
984 4195 1019 4248 ut
1046 4186 1199 4248 Gesncrus
1231 4179 1395 4247 aduenit·

241 4293 354 4352 babeat
377 4295 406 4351 in
432 4312 490 4353 utro
515 4292 687 4353 Florentino
711 4294 813 4354 codice
837 4296 946 4377 inveni,
969 4295 1104 4356 babeant
1126 4293 1237 4355 blcrula
1264 4301 1292 4353 et
1313 4298 1388 4349 ευθ-

242 4406 343 4456 rector
376 4397 539 4459 Florentini
574 4398 699 4478 codicis,
731 4400 843 4460 babent
875 4419 903 4459 m
936 4409 967 4460 et
999 4400 1160 4462 lucundns.
1197 4404 1263 4477 quib
1290 4384 1379 4458 deleri
1433 4440 1436 4461 .
