2874 4994
363 120 493 175 RERVM
512 118 751 177 nvsutonnvu
769 122 836 177 LlB.
856 123 882 176 ll
903 123 919 178 7
1146 78 1209 180 187

62 280 175 340 tudine
202 282 315 352 medin,
343 280 426 353 quod
447 296 504 338 ncc
531 287 632 338 uustns
660 296 716 338 nec
745 280 875 338 minutus
903 281 990 338 dccct
1017 298 1081 339 csse
1104 298 1211 354 equus:

61 387 210 447 clunibus
232 405 273 447 uc
294 387 450 447 uentribus
468 390 538 447 lutis
558 384 759 446 Schneiderus
778 393 900 446 auctore
918 384 1084 447 Pontedera
1103 406 1130 466 p.
1145 383 1211 448 433

61 492 134 554 coll.
153 511 277 574 geopon.
297 491 360 553 XVl
381 490 442 575 1,1
468 482 526 565 τὰς
547 490 687 571 θηλείας
710 487 841 571 ἵππους,
868 486 901 566 ἐξ
924 474 974 552 ὧν
995 484 1211 574 πωλοτροφή·

60 613 190 681 corten,
217 590 305 662 εἶναι
332 591 394 680 χρὴ
418 589 572 679 εὐπαγεῖς
594 591 649 658 καὶ
672 592 814 679 μέγεθος
841 590 982 680 ἐχούσας
1010 590 1128 659 ἰκανὸν
1156 593 1211 660 καὶ

61 692 194 788 &polus
217 704 304 769 ἰδεῖν
327 698 451 781 πλάτος
473 727 508 768 re
531 705 619 787 ἔχειν
643 701 679 767 ἐν
702 713 772 780 τοῖς
795 702 908 786 μέρεσι
930 702 988 785 τῆς
1006 703 1133 778 κοιλίας
1156 699 1212 766 nul

29 854 34 861 ·
59 806 151 877 κατὰ
175 806 234 889 τὰς
256 808 407 896 λαγόνας.
450 813 610 890 deforma
633 833 699 876 csse
722 821 840 892 oportet
856 815 1065 889 nunnitudinc
1083 816 1212 893 modico,

62 926 152 1000 quod
168 943 225 986 nec
244 931 343 984 uustos
362 942 419 985 nec
437 926 567 984 minutos
585 925 672 984 decet
686 942 758 997 esse,
777 941 871 997 equus
890 923 1029 983 clunibus
1048 939 1087 982 uc
1101 924 1212 982 uentri·

62 1032 124 1092 bus
147 1034 225 1092 intr's.
264 1049 363 1107 equos,
386 1033 430 1092 ud
451 1034 653 1092 admissuram
677 1048 751 1106 quos
779 1033 851 1091 ociis
876 1031 990 1090 dobere
1013 1047 1076 1108 sqq.
1096 1029 1211 1106 scripsi.

61 1136 103 1198 de
130 1155 188 1198 usu
215 1139 444 1218 praepositionis
472 1141 523 1212 dc,
552 1155 639 1216 quam
664 1135 776 1217 addidi,
798 1136 859 1197 diri
883 1134 1006 1217 113‚n.
1044 1143 1147 1196 vastus
1175 1135 1210 1196 de

60 1246 161 1325 ligura
195 1243 364 1305 animalium
393 1244 467 1304 dixit
495 1243 599 1305 Cicero
631 1243 667 1304 de
697 1251 754 1304 nat
779 1243 859 1303 deor.
878 1241 891 1301 Ι
910 1239 1017 1323 sust
1052 1244 1211 1319 elcpbnnto

61 1353 227 1413 belunmtm
251 1356 334 1413 nullu
354 1355 539 1429 prudentior
545 1373 556 1423 ;
585 1360 618 1411 nt
640 1355 746 1426 ficara
774 1369 853 1426 qunc
882 1353 1016 1411 vastior?
1052 1348 1212 1411 Columella

60 1456 101 1518 vl
125 1455 190 1540 1,2
209 1458 245 1519 de
260 1457 358 1520 bubus
379 1468 478 1520 custos
495 1466 525 1520 et
537 1461 630 1532 cibos,
650 1456 724 1520 ib.3
743 1461 838 1518 urnis
856 1461 949 1517 nostis
968 1465 997 1518 et
1016 1454 1066 1516 Vll
1086 1454 1148 1532 3,7
1176 1458 1212 1518 de

58 1563 175 1625 oribus
193 1568 285 1640 clines
305 1567 414 1626 bimum
433 1569 512 1627 uasti
529 1569 676 1643 corporis.
710 1563 906 1634 masculinum
926 1572 1024 1624 autem
1043 1583 1137 1643 genus
1156 1583 1213 1626 ncc

58 1679 169 1733 uastos
191 1691 248 1733 nec
270 1676 407 1747 minutos,
432 1691 486 1753 pro
510 1691 569 1752 quo
593 1673 767 1733 leminiuum
791 1689 886 1751 genus
909 1672 940 1731 iu
964 1672 1135 1750 geoponicis
1159 1679 1212 1753 est,

58 1779 222 1841 Gesnerus
244 1778 384 1840 defendit.
423 1797 490 1839 uam
509 1781 639 1859 primum
658 1778 694 1839 de
715 1779 809 1838 torma
829 1779 960 1839 uniuersi
983 1779 1101 1857 generis
1125 1796 1213 1858 equo-

57 1903 144 1967 rum,
155 1885 263 1946 deinde
278 1888 435 1965 separatim
446 1887 482 1946 de
494 1886 627 1967 equabus
640 1885 715 1947 etde
731 1888 816 1966 equis
831 1885 1012 1946 admissariis
1022 1888 1213 1964 praecipitur.

158 1992 262 2053 Nulla
287 2004 387 2072 parte
407 1997 573 2073 corporis
592 1997 690 2055 inter
710 2013 745 2054 se
766 2012 833 2053 non
854 1994 1071 2072 congruenti
1095 1991 1213 2072 qualis

58 2101 218 2162 iuturus
246 2103 293 2161 sit
321 2120 434 2180 cottus
467 2101 587 2180 epulio
616 2101 819 2162 coniectari
851 2097 990 2179 potest]
1028 2101 1215 2175 Conprucnti
1289 2168 1303 2189 α

56 2211 169 2286 cuniis
192 2207 281 2269 editio
305 2210 445 2288 princeps
470 2207 649 2269 aPolitiano
669 2226 728 2268 uon
749 2215 867 2288 munta,
894 2224 1030 2282 conprue
1052 2211 1097 2267 nti
1114 2211 1214 2281 quotis

58 2316 109 2397 A,
134 2333 272 2391 conprue
299 2335 340 2377 nu
368 2319 467 2391 quatis
490 2315 522 2389 B,
556 2334 732 2392 conpruenn
767 2318 866 2390 perulis
898 2313 989 2374 codex
1014 2313 1214 2397 Florentinus,

61 2440 210 2498 conpruc
233 2426 382 2498 incqttniis
401 2422 555 2503 Caeseuas,
579 2439 732 2498 conpruos
755 2422 796 2482 nn
821 2424 920 2497 quotis
944 2438 982 2481 m.
1019 2425 1103 2482 nullu
1122 2429 1215 2499 purte

60 2532 211 2607 corporis
230 2533 310 2591 inter
322 2550 361 2615 pc
379 2549 439 2592 non
458 2536 653 2606 conprucnte.
690 2533 771 2591 urtdc
790 2533 888 2606 qualis
908 2528 1036 2605 futurus
1054 2532 1092 2589 sit
1112 2547 1214 2605 eunuc,

59 2658 80 2699 e
108 2640 196 2714 pullo
220 2641 391 2699 coniectori
412 2644 512 2714 potest
538 2637 703 2719 iucundus,
736 2636 787 2699 tubi
812 2636 962 2697 Victorius
990 2639 1071 2697 unde
1098 2636 1213 2697 delevit.

60 2748 155 2806 nullu
175 2752 267 2821 purte
290 2748 429 2821 corporis
453 2749 532 2806 inter
555 2765 587 2806 sc
610 2764 670 2807 non
694 2748 876 2819 conpruenti
904 2762 974 2803 num
999 2742 1058 2803 dici
1082 2746 1214 2822 potuerit

61 2870 124 2933 pro
151 2870 185 2912 eo
210 2851 288 2931 quod
308 2854 475 2913 accuratius
494 2851 652 2913 dicendum
672 2861 736 2912 erat
755 2846 905 2910 ‘omuibus
924 2849 1058 2928 partibus
1078 2853 1214 2928 corporis

61 2962 149 3020 inter
173 2977 205 3019 se
224 2953 482 3038 congruentibus'‚
507 2958 618 3020 dubito.
658 2960 756 3036 itaque
781 2964 983 3031 conpr-nentes
1002 2957 1117 3035 scripsi,
1137 2957 1215 3015 sicut

62 3067 106 3129 de
130 3066 228 3125 vaccis
252 3067 397 3144 scriptum
420 3075 466 3126 est
487 3063 512 3124 ll
530 3061 594 3146 5,7
615 3072 649 3125 ut
666 3067 727 3124 sint
745 3065 819 3124 bene
838 3065 1027 3138 conpositae.
1064 3061 1101 3120 de
1120 3062 1214 3122 lorma

65 3189 218 3251 equorum
242 3170 320 3251 apud
345 3170 534 3232 Columellam
558 3173 642 3231 etin
666 3171 837 3249 geoponicis
860 3178 1018 3248 praecepta
1042 3176 1112 3228 stud
1133 3168 1214 3250 haec,

63 3296 147 3359 quae
169 3276 344 3358 adscribam,
359 3288 517 3357 propterea
533 3277 612 3356 quod
631 3277 678 3337 his
696 3275 869 3338 auctoribus
889 3275 1019 3336 editores
1038 3275 1123 3335 abusi
1144 3282 1215 3335 sunt

64 3385 105 3446 ad
130 3384 305 3465 corrigenda
330 3404 363 3446 ea
388 3403 463 3465 quae
487 3384 563 3465 apud
583 3384 745 3445 Varronem
769 3382 918 3464 leguntur,
943 3382 1056 3445 Colum.
1074 3379 1214 3464 V129,2

64 3496 210 3571 corporis
234 3511 305 3554 uero
326 3491 429 3568 forno
453 3494 603 3553 constabit
627 3495 738 3567 cnipuo
758 3494 866 3572 cupite,
890 3494 987 3566 nipris
1006 3495 1110 3565 ocutis,
1129 3492 1213 3551 nuri·

64 3603 126 3662 bus
150 3602 273 3678 opertio,
295 3600 439 3660 breuibus
462 3578 663 3659 auriculisct
687 3600 830 3672 adrectis,
854 3600 975 3658 ceruice
993 3601 1076 3658 molli
1093 3602 1215 3673 tntnquc

64 3725 128 3770 nec
152 3710 251 3780 tonna,
276 3708 369 3766 denso
394 3706 466 3765 iuba
490 3713 520 3764 ct
540 3723 598 3781 per
621 3707 761 3766 deutrum
787 3711 907 3780 pnrtcnt
926 3703 1071 3781 profusa,
1099 3708 1159 3765 tuto
1186 3712 1215 3765 ct

62 3815 276 3877 messeniorum
301 3815 376 3873 toris
398 3829 557 3873 numeroso
583 3822 716 3888 pectore,
740 3813 913 3887 prundibus
941 3813 1035 3871 urnis
1062 3817 1092 3870 et
1113 3814 1215 3886 rectis,

62 3921 220 3984 luteribus
244 3922 373 3994 insiccis,
396 3922 484 3995 spino
508 3922 631 3996 duplici,
655 3927 759 3980 uentre
781 3921 957 3999 satistricto,
985 3919 1108 3979 testibus
1127 3920 1214 3994 puri-

60 4032 126 4092 bus
155 4034 186 4087 et
213 4029 345 4102 empuis,
378 4029 448 4086 tntis
476 4029 582 4086 lumbis
611 4033 640 4087 ct
666 4027 905 4100 subsidentibus,
938 4028 1039 4086 cnttdu
1067 4029 1158 4100 lonpu
1188 4032 1217 4085 et

58 4144 170 4200 setoso
194 4137 364 4211 crispoque,
388 4135 525 4194 moltibus
549 4141 640 4208 utque
663 4136 733 4193 citis
761 4135 913 4207 rectisque
940 4133 1096 4207 cruribus,
1128 4136 1218 4193 tcrcti

55 4261 152 4325 penu
165 4258 324 4319 paruoque
342 4259 439 4317 nepuc
459 4243 609 4301 introrsus
627 4244 786 4321 spectanti,
807 4241 949 4299 rutundis
969 4241 1116 4321 clunibus,
1128 4239 1214 4315 semi·
