2874 4994
319 362 369 417 DI}
387 362 476 417 aunt
495 358 668 416 CVLTVRA
686 360 827 415 LIBRVM
846 361 875 417 Ο.
899 358 1069 417 151-154
1203 354 1266 419 165

116 521 158 580 de
183 522 256 595 apri
278 521 402 580 stature
425 519 609 594 conseripsit
631 511 742 577 ‘semen
766 520 905 593 cupressi
926 490 1020 578 serito
1042 520 1197 595 crebrum,
1221 521 1266 582 ito

115 629 167 687 oti
198 630 291 687 linum
322 629 388 687 seri
416 629 498 686 solet.
549 642 584 685 eo
616 626 722 685 cribro
752 631 867 685 terrem
895 627 1046 686 ineernito
1074 628 1265 687 dimidiatum

115 735 258 809 stipitum.
311 737 371 793 iem
404 736 438 793 id
467 734 541 794 berte
569 733 674 793 tabula
702 739 757 791 aot
778 734 910 808 pedibas
938 738 992 792 eut
1018 736 1159 795 monitos
1186 752 1264 796 eom-

109 843 254 916 planeto.

209 945 232 1010 4
254 947 377 1009 Facito
400 948 455 1007 uti
476 963 600 1026 aquam
619 945 738 1023 addas]
759 949 866 1008 Facito
885 947 1053 1026 apographa
1072 956 1155 1009 etex
1175 966 1263 1010 manu

113 1058 242 1136 seriptis
266 1054 350 1115 iibris
372 1053 532 1133 ineundus,
556 1052 760 1132 neglegentius
778 1053 940 1114 Politianus
960 1054 1110 1132 [artesio
1130 1056 1264 1134 priucipe

112 1161 251 1222 editione
273 1180 333 1222 non
357 1162 496 1222 correxit.

209 1268 247 1330 Si
274 1268 405 1329 herbae
433 1276 535 1328 natae
564 1276 671 1328 erunt
699 1269 810 1328 facito
834 1271 889 1329 uti
913 1268 952 1329 ab
981 1268 1104 1329 herbis
1132 1286 1264 1348 purges

112 1393 222 1454 quam
254 1377 465 1438 tenerrimis
497 1373 621 1436 herbis
653 1383 687 1434 et
720 1377 890 1454 quotiens
918 1395 1006 1455 opus
1035 1378 1105 1437 erit
1132 1394 1264 1456 purges

112 1500 181 1560 per
205 1492 378 1545 aestatem
401 1485 450 1544 ita
470 1483 601 1542 dietum
622 1491 677 1542 est
695 1483 779 1543 fieri
799 1482 955 1562 oportet]
979 1485 1014 1544 Si
1035 1484 1149 1545 herbae
1171 1493 1264 1546 notae

113 1600 217 1665 nont,
238 1591 336 1667 facito
360 1595 406 1651 uti
428 1592 466 1650 ab
490 1592 592 1651 herbis
612 1608 727 1666 parpes
750 1609 840 1665 qoem
864 1595 1050 1666 tenerrimis,
1074 1600 1103 1653 et
1125 1596 1263 1668 quotiens

115 1714 193 1772 opus
217 1703 285 1774 erit,
305 1718 365 1776 per
387 1706 533 1759 aestatem
556 1701 600 1758 ita
623 1701 670 1757 uti
692 1700 805 1758 dietum
829 1706 884 1772 est,
906 1702 980 1772 fieri
1001 1707 1119 1775 oportet
1142 1699 1262 1781 Merula,

118 1801 172 1865 ubi
195 1805 357 1867 Potitianus
381 1823 417 1865 ex
440 1804 542 1865 codice
566 1813 633 1882 post
657 1808 717 1865 erit
738 1789 852 1866 addidit
871 1825 987 1882 parpes
1010 1814 1040 1865 et
1063 1809 1110 1866 eti
1132 1815 1200 1884 post
1218 1811 1262 1866 itu

11 1994 14 2001 Ι
123 1907 237 1994 delerit,
261 1914 312 1973 sed
337 1912 541 1991 neglegentius
560 1919 628 1989 post
646 1915 820 1973 tenerrimis
838 1930 897 1974 non
918 1913 1030 1973 addidit
1048 1915 1159 1993 herbis,
1183 1912 1261 1992 quod

126 2011 229 2081 habeut
251 2019 420 2100 apographa
443 2028 474 2079 et
497 2036 534 2078 ex
557 2017 716 2098 archetypo
741 2018 896 2080 Victorius.
946 2023 989 2079 ito
1013 2023 1060 2079 oti
1081 2022 1195 2081 dietum
1219 2028 1263 2081 est

132 2137 163 2182 ex
184 2129 312 2207 principe
336 2126 466 2187 editione
490 2134 644 2204 receptum
669 2132 722 2186 est.
1087 2126 1090 2156 ¹

209 2233 250 2294 Et
286 2232 348 2294 ubi
378 2250 504 2293 ,semen
541 2241 655 2293 saturn
688 2234 758 2292 siet
790 2235 999 2293 stramentis
1032 2235 1170 2311 operiri
1202 2232 1262 2293 ubi

10 2416 13 2425 Ι
130 2353 259 2413 gernon
284 2358 433 2401 nascere
457 2341 599 2418 ceperit
622 2349 694 2400 tum
718 2338 823 2417 demi]
849 2341 1030 2400 strumentis
1052 2344 1182 2416 operiri:
1210 2342 1263 2400 obi

122 2460 245 2512 oroneo
259 2452 349 2511 nasei
362 2450 497 2525 eoeperit
510 2455 571 2507 tum
587 2450 667 2507 demi
680 2445 800 2526 Merula,
819 2450 992 2507 stramentis
1006 2450 1124 2524 operiri
1137 2454 1261 2523 oportet,

115 2551 174 2609 ubi
188 2575 316 2630 permen
339 2558 428 2616 nasei
450 2557 592 2634 eoeperit,
616 2561 678 2614 tom
701 2561 869 2614 stramento
894 2556 975 2614 demi
995 2553 1160 2633 Iucundos,
1183 2562 1261 2615 stre·
1290 2636 1294 2643 ,

101 2665 224 2724 mentis
251 2667 369 2741 operiri
391 2670 520 2738 oportet,
549 2663 602 2721 ubi
621 2679 746 2736 permen
771 2680 900 2722 noscere
923 2665 1070 2738 eoeperit,
1098 2670 1159 2721 tom
1183 2665 1264 2721 demi

95 2747 274 2832 Vtctorius.
313 2777 438 2846 oportet,
463 2769 539 2848 quod
565 2787 599 2828 ex
620 2766 723 2828 Aldina
748 2768 878 2828 editione
902 2768 998 2829 adhue
1017 2777 1170 2848 receptum
1189 2776 1261 2848 erat,

79 2856 218 2939 delevi,
255 2886 410 2958 praeterea
433 2894 563 2937 noscere
582 2875 685 2936 Catoni
709 2875 901 2935 tribuendum
923 2893 988 2936 esse
1009 2894 1067 2935 non
1087 2875 1185 2957 credo,
1209 2875 1261 2936 sed

68 2978 345 3062 terminassem
367 2987 502 3060 eoeperit
525 2982 716 3043 scribendum
741 2990 799 3063 est,
824 2982 902 3062 qood
927 2983 996 3043 oiim
1020 2981 1169 3043 Meursius
1192 3001 1261 3043 eon·

65 3063 234 3154 iecerat,
273 3091 325 3152 ubi
348 3108 450 3152 semen
469 3098 565 3150 satum
586 3098 639 3169 est,
663 3092 833 3149 stramentis
853 3091 1000 3170 operitur3
1025 3088 1076 3149 ubi
1094 3091 1261 3168 germinare

60 3189 214 3269 coepit
239 3217 355 3279 semen,
379 3207 442 3258 tum
466 3205 627 3258 stramenta
652 3197 821 3257 demuntur.

205 3308 285 3368 CLII
302 3287 338 3376 ii
356 3287 392 3366 I.
410 3286 446 3364 II.
467 3304 589 3364 manlii
604 3301 913 3381 monstrauerunt]
929 3302 1021 3363 Tituli
1035 3301 1100 3362 ioco
1115 3305 1145 3362 in
1160 3302 1260 3364 arohe·

52 3390 172 3471 ίΠΜ)
211 3415 394 3494 praescripta
419 3421 504 3473 erant
527 3412 613 3492 haec,
639 3429 715 3491 quae
738 3413 768 3471 in
793 3411 889 3471 indice
914 3408 1112 3489 eopituiorum
1136 3411 1261 3488 repetita

48 3506 190 3596 sunt,
220 3523 265 3583 De
287 3525 387 3597 scopis
410 3523 530 3595 virosis.
568 3521 598 3578 in
622 3518 800 3597 apographis
821 3518 894 3579 haec
914 3517 1034 3578 rubrica
1053 3518 1163 3595 seripta
1182 3525 1261 3597 sunt,

49 3593 267 3714 'Victorius
292 3627 393 3689 eadem
418 3645 471 3707 pro
495 3628 692 3705 inscriptione,
712 3628 818 3705 posuit
858 3627 888 3686 in
908 3625 1042 3686 Parisino
1066 3624 1169 3685 codiee
1187 3622 1212 3684 A
1231 3633 1261 3684 et

48 3719 91 3768 ¹¹¹
137 3723 305 3797 Medieeo
328 3753 358 3795 m
383 3753 416 3794 ea
440 3751 515 3811 quae
539 3739 706 3812 sequuntur
729 3752 756 3809 q.
776 3752 805 3794 o.
823 3751 860 3794 m.
880 3734 993 3795 Manlii
1013 3738 1262 3794 monstrare-rant

47 3816 99 3876 ad
152 3838 267 3903 finem
291 3839 498 3921 praecedentis
520 3841 626 3918 sapitis
648 3839 760 3900 adiecta
780 3848 810 3900 et
829 3839 935 3900 deinde
954 3841 984 3900 in
1004 3841 1088 3900 initio
1108 3840 1261 3919 sequentis

46 3932 227 4009 ⁰¹¹¹issa
250 3960 327 4010 sunt
374 3956 455 4008 reete
479 3947 629 4008 Gesnerus
652 3949 917 4026 praescriptionem
940 3948 970 4006 in
995 3954 1078 4006 textu
1101 3945 1261 4006 verborum

48 4038 309 4117 repetendam
334 4073 400 4115 esse
424 4056 548 4134 monuit,
571 4057 617 4115 De
639 4058 737 4131 scopis
761 4057 872 4130 airpeis
900 4056 933 4128 Q.
952 4055 986 4113 Α.
1003 4054 1044 4113 M.
1063 4044 1107 4135 (h.
1126 4069 1151 4113 e.
1170 4070 1259 4130 quem

49 4135 100 4196 ω
155 4157 313 4248 niodum)
338 4164 450 4224 Manlii
471 4169 723 4223 monstraverunt.

209 4270 302 4331 CLIII
325 4268 448 4330 Vinum
473 4270 648 4329 faecatum
672 4269 723 4328 sis
742 4266 867 4345 facito]
887 4265 960 4326 Piin.
980 4264 1043 4326 XIV
1062 4263 1104 4328 86
1128 4267 1258 4328 Tertium

58 4362 119 4413 ⁰⁸⁸
173 4374 324 4447 foecibus
347 4381 448 4439 vinum
471 4394 661 4455 expressam,
684 4378 766 4451 quod
784 4374 942 4452 faecatum
969 4375 1042 4436 Coto
1066 4379 1206 4452 appellet.

208 4484 301 4546 OLIV
328 4483 374 4545 Ea
401 4483 561 4546 fistulam
585 4482 730 4545 subdito
755 4486 806 4543 uti
829 4483 1120 4561 opturariereote
1143 4485 1260 4560 possit
