2874 4994
277 366 408 424 RERVM
425 369 664 425 uvautotuvm
683 371 750 425 LlB.
771 371 809 425 Ill
831 368 960 426 13-14
1131 366 1195 429 279

53 531 165 585 mutata
187 541 314 604 persona
337 522 486 603 loquentis
510 542 618 585 nomen
642 525 708 585 dxii
729 527 891 604 repetitum
915 535 970 588 est.
1009 545 1076 588 nam
1100 528 1196 591 eidem

52 630 164 693 tributa
188 638 273 693 erant
305 648 338 691 ea
362 648 437 710 ottae
460 630 497 691 de
521 629 680 692 Hortensio
707 639 877 712 narrantur,
906 651 962 710 eoo
990 651 1074 710 aero,
1098 639 1197 711 inquit

50 741 108 815 itte,
132 741 218 816 opud
244 740 278 811 Q.
300 739 494 799 Hortensium
514 756 577 818 sqq.

143 844 308 908 dioecetas
339 849 371 906 in
402 864 459 906 ttno
499 846 601 907 codice
633 846 656 906 Α
695 849 841 927 scriptum
873 849 980 908 inveni.
1031 848 1083 909 sed
1116 851 1194 913 idem

50 951 180 1013 noluisse
203 951 319 1014 ridetur
339 951 510 1032 Politianus‚
535 955 585 1031 qui
610 955 640 1013 in
663 954 799 1032 principe
823 953 953 1014 editione
974 952 1097 1037 litteras,
1121 975 1194 1035 quas

48 1057 144 1119 deleri
169 1057 292 1141 volebat,
316 1058 461 1119 subducta
485 1057 591 1120 lineola
622 1061 742 1120 notavit.
789 1061 1011 1121 trooeltnndnm
1036 1062 1144 1142 legitur
1168 1064 1193 1124 ll

50 1162 80 1247 l,
98 1163 130 1248 6,
154 1169 301 1227 traversis
324 1164 363 1225 lll
382 1162 411 1246 5,
430 1163 460 1226 4.
486 1164 496 1170 ’

138 1271 260 1352 Neque
275 1274 369 1333 enim
385 1290 544 1351 magnum
559 1273 838 1335 emolumentum
859 1292 937 1334 esse
953 1275 1086 1353 potest]
1104 1278 1190 1339 Moli·

45 1386 179 1442 mentnm
201 1381 310 1460 scripsi
332 1398 379 1440 ex·
392 1381 564 1440 coniectura
586 1379 725 1441 Palmerii
748 1379 878 1460 spicileg.
898 1379 981 1442 Grut.
1001 1381 1088 1461 lamp.
1110 1404 1133 1444 v.
1154 1385 1190 1444 lV

45 1504 73 1565 p.
93 1481 169 1546 847.
207 1503 274 1546 nam
302 1486 339 1547 de
368 1485 540 1546 difficultate
569 1489 669 1566 operis
694 1488 799 1547 Axium
826 1487 898 1548 haec
924 1487 1038 1570 dicere,
1067 1508 1124 1551 non
1154 1491 1191 1552 dc

47 1592 184 1672 utilitate,
208 1611 243 1653 ex
268 1594 304 1654 lis
328 1612 403 1672 quae
424 1593 534 1673 Appius
555 1592 715 1673 respondet
735 1592 924 1671 intellegitur.
962 1599 1190 1658 emolamentum

47 1698 198 1762 llictorius
222 1718 280 1761 var.
304 1698 447 1782 lechii,
470 1697 510 1761 10
538 1699 670 1760 defendit
700 1702 752 1780 ita,
782 1708 816 1762 ut
845 1700 873 1760 id
902 1696 998 1780 ‘quod
1031 1721 1190 1783 operosum

45 1814 91 1868 est
115 1825 151 1867 ac
175 1824 312 1887 magnum
333 1806 465 1868 studium
485 1802 628 1886 requirit’
653 1808 841 1889 signiticaret,
860 1809 947 1869 cuius
966 1810 1189 1887 significationis

46 1913 217 1993 exemplum
240 1923 360 1993 praeter
382 1914 461 1975 hune
481 1913 620 1975 Varronis
640 1914 738 1975 locum
762 1914 860 1975 attulit
879 1914 961 1977 Caes.
981 1915 1016 1976 de
1037 1916 1102 1979 bell.
1118 1917 1189 1981 Gall.

44 2018 133 2101 134,
156 2019 177 2084 3
209 2039 307 2096 neque
335 2025 505 2083 exereitum
532 2026 598 2083 sine
625 2040 735 2097 magno
764 2030 930 2082 commeatu
959 2031 1050 2098 atone
1080 2029 1188 2086 emota·

42 2137 143 2190 memte
166 2131 198 2188 in
221 2146 314 2188 onom
338 2132 436 2190 locum
459 2131 643 2191 contrahere
662 2147 758 2206 posse.
797 2126 848 2188 sed
873 2127 914 2188 ihi
934 2137 1049 2189 recten
1073 2129 1187 2192 Faerno

41 2242 213 2296 correctum
246 2243 292 2295 est
323 2239 499 2297 molimento.
545 2235 660 2295 diversa
699 2237 777 2295 enim
810 2246 880 2296 sunt
912 2240 1138 2298 emolumentum
1171 2258 1188 2299 a

41 2340 120 2402 mola
145 2340 268 2403 ductum
292 2351 321 2403 ct
344 2345 494 2404 communi
519 2360 574 2403 usu
598 2342 634 2403 ad
655 2342 842 2403 commodum
863 2341 1036 2403 translatum
1055 2353 1085 2404 et
1104 2349 1186 2406 moti-

40 2454 174 2510 mentnm
198 2447 242 2508 rel
266 2453 402 2511 molimen
426 2468 442 2510 a
466 2448 627 2530 moliendo,
656 2467 714 2527 quo
739 2448 821 2509 labor
849 2456 879 2508 et
902 2447 1062 2510 difficultas
1085 2453 1184 2529 operis

38 2557 174 2634 suscepti
198 2556 390 2635 significatur.
436 2559 637 2617 molimentom
661 2574 714 2635 pro
739 2564 847 2616 conatu
876 2574 892 2615 a
921 2553 1046 2617 Sisenna
1070 2557 1183 2619 dictum

38 2661 191 2723 adnotavit
219 2662 332 2724 Nonius
360 2682 387 2742 p.
409 2661 486 2743 142,
506 2661 534 2724 3.
581 2662 683 2722 eodem
708 2662 810 2722 Livius
840 2680 912 2723 trstrs
936 2671 982 2723 est
1009 2666 1138 2746 saepius,
1162 2665 1184 2724 V

39 2766 94 2849 22,
109 2767 140 2830 6.
164 2767 414 2850 xxxv1114‚t.
442 2768 490 2850 15,
510 2769 539 2844 2,
564 2780 593 2831 et
617 2770 730 2831 Seneca
749 2770 786 2830 dc
810 2768 920 2830 consol.
942 2767 993 2852 11,
1009 2768 1040 2831 4.

128 2872 150 2937 2
184 2875 220 2936 Si
244 2876 439 2937 adduxeris
463 2876 589 2938 listula
613 2887 647 2939 et
673 2880 709 2938 in
738 2895 810 2937 eam
834 2876 1044 2938 mammillas
1073 2880 1185 2958 impo-

37 2980 179 3061 sueris]
209 2984 245 3044 Si
275 2986 448 3044 adduxeris
471 2987 605 3057 fistulam
633 2992 662 3046 et
691 2988 722 3044 in
747 3002 814 3044 eam
842 2987 976 3060 pupillos
1006 2987 1184 3060 imposueris

36 3087 160 3150 llerula.
198 3094 376 3151 mammillas
395 3089 542 3151 Victorius
558 3109 592 3150 ex
613 3091 714 3150 codice
736 3091 874 3162 restituit,
895 3087 1008 3165 reliqua
1024 3106 1059 3148 ex
1076 3093 1182 3150 veteri·

35 3173 95 3257 bus
114 3195 294 3257 editionibus
314 3198 458 3276 repetivit.
486 3201 515 3257 si
532 3198 677 3257 edocueris
692 3197 827 3267 fistulam
845 3212 881 3253 ex
901 3194 1030 3254 secunda
1051 3195 1181 3257 editione

35 3302 161 3364 Victorii
180 3310 335 3381 receptum
364 3312 436 3365 crat.
482 3302 633 3380 archetypi
662 3300 819 3360 lectionem
849 3302 974 3361 restitui.
1013 3320 1080 3361 nam
1104 3321 1179 3382 aqua

35 3411 68 3471 in
91 3406 292 3471 cochlearium
316 3408 473 3470 adducitur
492 3407 597 3489 sustula,
620 3410 650 3468 in
676 3424 763 3486 quiam
786 3408 980 3487 imponuntur
1006 3409 1179 3470 mammillae

36 3517 83 3577 rel
107 3515 214 3598 tubuli,
237 3517 346 3596 quibus
369 3535 443 3596 aqua
468 3524 630 3576 eructetur.

63 3703 65 3707 ,
126 3622 148 3686 3
181 3623 223 3684 Et
254 3624 350 3685 hunc
378 3622 458 3685 dum
486 3625 603 3701 serpit
631 3640 698 3683 non
727 3619 840 3682 solum
870 3622 904 3681 in
933 3639 1014 3682 area
1042 3627 1182 3702 reperit

35 3730 97 3792 sed
130 3733 237 3793 etiam
269 3732 300 3791 si
332 3732 435 3791 riuus
470 3747 537 3790 non
570 3727 742 3809 prohibet
770 3729 931 3807 parietes
960 3737 1098 3790 stantes
1129 3734 1179 3792 in·

34 3835 157 3916 uenit]
187 3839 224 3898 ln
244 3840 381 3915 parietes
404 3835 556 3897 lucundus
584 3845 613 3897 et
636 3835 743 3897 deinde
770 3823 879 3913 'reliqui
909 3834 1047 3895 editores.
1071 3842 1179 3899 etenim

35 3949 107 4007 dnm
125 3949 222 4021 serpit
239 3977 282 3987 -
302 3948 333 4005 in
349 3948 471 4021 pariete
485 3950 584 4004 stante
599 3941 733 4004 Ursinus.
766 3944 888 4018 pariete
903 3944 1043 4002 adstante
1058 3942 1178 4003 Schnei-

34 4053 127 4113 derus
151 4052 287 4111 coniecit.
333 4048 471 4110 cochleae
497 4068 555 4109 non
581 4048 676 4110 solum
700 4048 799 4109 cihum
827 4050 857 4108 in
882 4066 950 4108 area
978 4051 1108 4129 positum
1132 4070 1177 4111 rc-

33 4160 166 4238 periunt‚
184 4156 236 4216 scd
255 4157 344 4217 etiam
359 4162 472 4216 amotos
491 4156 620 4234 parietes
640 4153 701 4214 cibi
719 4154 888 4216 inveniendi
903 4172 990 4215 causa
1005 4156 1174 4222 ascendunt

123 4263 228 4344 lpsae
258 4264 554 4341 exgruminantes
586 4260 627 4321 ad
655 4259 837 4346 propalam
872 4263 981 4321 uitam
1009 4261 1069 4323 diu
1096 4283 1176 4344 per-

30 4367 189 4446 ducunt]
222 4370 404 4431 Producant
430 4366 551 4429 llerola.
593 4371 751 4444 propalam
780 4367 920 4446 Scaliger.
961 4381 1178 4443 expromentes

27 4475 199 4540 Beroaldus
222 4477 254 4537 in
276 4478 409 4555 margine
438 4483 469 4537 ct
496 4474 632 4535 similiter
661 4476 690 4534 iu
714 4473 951 4535 enarrationibus
975 4473 1086 4536 Merula
1110 4472 1177 4539 ‘ex-
