2874 4994
314 112 446 169 nnnvu
463 114 703 171 nvsrrctnvu
722 115 790 171 nm.
808 116 849 171 ιιι
868 112 952 172 6-7
1139 104 1203 173 251

63 270 193 349 recepit,
217 285 396 349 quamquam
420 271 450 330 in
475 268 591 330 luntina
615 278 700 332 retus
723 269 812 331 lectio
836 289 872 330 ex
896 269 1049 331 codicibus
1072 273 1209 331 restituta

64 382 137 435 erat.
175 374 327 438 Hortensii
351 377 460 437 lactum
485 384 557 458 tum,
580 395 648 439 cum
671 376 744 439 illud
766 378 895 458 priunum
920 376 956 439 ab
980 396 1015 438 eo
1038 379 1209 439 institutum

65 491 121 564 est,
143 481 290 544 luxuriosi
312 486 412 564 potius
437 503 524 564 quam
549 487 645 546 severi
667 484 738 546 boni
761 487 816 546 viri
839 484 1013 565 probabant.

154 589 245 651 Grex
269 593 504 652 centenarius
528 592 634 654 iacile
658 592 886 672 quadragena
911 592 1006 653 milia
1035 596 1209 654 sestertia

66 706 102 757 ιιι
139 697 266 758 reddat
303 705 340 759 ut
376 698 518 778 quidem
556 698 729 761 abuccius
765 697 883 760 siebat
915 701 945 763 si
979 701 1013 760 iu
1046 700 1210 778 singulos

66 813 193 865 ternos
221 807 386 884 exigeret
413 805 531 884 pullos
559 807 691 885 perlici
721 823 895 886 sexagena
924 805 1043 885 posse]
1071 808 1210 868 Albutius
1318 825 1323 836 ¹

64 909 143 972 edita
180 910 250 972 inde
287 931 303 972 a
339 915 475 993 principe
512 912 642 974 editione
676 912 861 994 exemplaria.
905 932 987 989 area
1016 918 1212 976 centenarius

60 1017 160 1095 facile
177 1019 245 1079 XX
259 1023 354 1081 millia
372 1024 543 1082 sestertium
562 1027 596 1082 ut
613 1023 734 1103 reddat,
752 1029 786 1082 ut
803 1023 924 1096 quidem
939 1023 1078 1082 Albutius
1096 1023 1213 1082 aiebat:

64 1143 104 1188 ac
126 1129 157 1186 si
181 1133 215 1187 ut
238 1127 326 1189 Seius
354 1134 457 1190 ternos
485 1130 623 1206 exigeret
647 1131 759 1210 pullos,
779 1131 894 1205 perfici
912 1146 1070 1203 sexagena
1088 1135 1213 1205 possent

64 1231 202 1295 Ursinus.
248 1242 281 1294 at
306 1237 336 1295 si
361 1238 429 1311 qais
458 1238 489 1296 in
516 1239 651 1311 sinpuios
680 1241 781 1297 ternos
809 1239 949 1311 exigeret
967 1238 1067 1313 pullos
1090 1233 1213 1295 Scbuei·

66 1339 158 1401 derus
188 1342 324 1402 coniecit.
370 1340 406 1401 de
436 1360 561 1403 numero
590 1340 730 1402 Ursinnrn
764 1343 910 1402 erravisse
943 1342 1131 1402 manifestum
1159 1349 1213 1422 esi,

66 1449 209 1526 quoniam
233 1465 292 1508 non
315 1465 431 1528 greges,
455 1447 506 1508 sed
531 1446 602 1528 pulli
627 1450 679 1528 qui
702 1456 866 1510 nascuntur
888 1455 1027 1509 veneunt.
1069 1450 1089 1507 ii
1113 1458 1213 1508 autem

65 1553 129 1615 bini
157 1554 202 1615 vel
232 1556 309 1616 terni
341 1564 545 1617 numerantur.
590 1574 688 1634 neque
717 1555 919 1637 neglegentior
947 1554 1105 1616 verborum
1134 1573 1212 1615 com·

65 1663 176 1741 positio
199 1663 307 1723 iustam
331 1664 525 1724 ollensionern
549 1661 645 1725 babet.
692 1682 759 1724 nam
783 1682 851 1724 com
880 1664 1049 1724 accuratius
1076 1662 1149 1722 baec
1173 1663 1213 1722 ila

66 1769 130 1829 lere
149 1768 298 1830 efferenda
318 1779 428 1851 essent,
448 1763 498 1830 ‘ut
516 1786 588 1849 grex
606 1772 797 1831 centenarius
814 1769 1000 1849 quadragena
1017 1769 1094 1830 milia
1111 1769 1215 1829 reddat

66 1883 156 1955 atque
180 1874 262 1951 adeo,
281 1885 315 1937 ot
337 1876 456 1956 qrridem
481 1874 630 1937 Abuccius
654 1877 758 1957 olebat,
778 1878 883 1956 perlici
904 1893 1050 1955 sexagena
1074 1871 1214 1956 possint',

68 2001 137 2043 curn
165 1980 372 2062 superioribus
395 2001 429 2042 ea
457 2001 532 2062 quae
561 1991 729 2062 sequuntur
759 1985 799 2044 ita
827 1983 963 2062 copulata
991 1991 1074 2065 sunt,
1097 1992 1132 2042 ut
1158 2000 1214 2061 pro

70 2089 154 2149 linito
179 2087 269 2149 verbo
293 2090 455 2152 infinitivus
472 2109 561 2168 posse
580 2109 595 2149 a
616 2088 705 2151 verbo
724 2093 828 2152 aiebat
845 2091 979 2172 pendens
998 2100 1162 2172 poneretur
1184 2098 1214 2150 et

68 2195 142 2256 baec
166 2195 229 2274 ipsa
253 2194 288 2256 ad
313 2196 512 2258 confirmanda
536 2216 665 2277 eaquae
688 2197 725 2258 de
749 2198 849 2259 fructu
873 2201 971 2278 gregis
995 2200 1105 2270 scripta
1129 2205 1214 2258 erant

67 2301 259 2365 adderentur.
305 2303 416 2365 nolenti
439 2302 564 2364 Varroni
594 2303 670 2365 banc
693 2314 876 2367 structuram
898 2304 1042 2366 accidisse
1065 2304 1215 2365 adnotavit

67 2409 241 2491 Bernhardy
269 2409 390 2490 paralip.
418 2419 530 2491 syntax.
554 2428 649 2491 graec.
678 2431 706 2491 p.
727 2408 778 2474 16.
824 2411 929 2473 similis
957 2411 1141 2492 neglegentia
1169 2420 1215 2472 est
1278 2456 1283 2463 .

67 2515 93 2577 ll
115 2514 168 2599 10,
186 2513 206 2579 8
230 2524 264 2578 ut
287 2523 316 2579 te
338 2521 427 2580 audii
447 2522 553 2581 dicere
578 2551 616 2562 -
642 2526 671 2581 te
693 2522 804 2582 uidisse
826 2527 940 2582 matres
959 2519 1105 2597 familias.

159 2628 212 2684 Vll
234 2621 250 2685 1
276 2625 469 2705 Apparitor
492 2623 586 2706 appi]
608 2625 679 2703 Apii
696 2644 725 2686 m
744 2635 775 2687 et
798 2625 888 2687 editio
906 2627 1055 2706 princeps,
1075 2624 1125 2686 ubi
1144 2624 1214 2685 alte·

69 2749 139 2793 rum
168 2735 181 2792 i
206 2729 370 2792 Politianus
403 2730 523 2813 delevit,
556 2732 608 2793 sed
641 2737 715 2809 appi
745 2731 856 2793 babent
887 2732 1062 2812 apographa.
1107 2731 1214 2792 deinde

69 2838 195 2901 Merula
218 2839 298 2900 Axio
320 2841 350 2899 si
374 2856 509 2914 anquam
533 2841 829 2915 peristerotroplrion
856 2841 1061 2899 constituisses
1088 2855 1124 2896 ex
1153 2836 1213 2897 edi·

69 2948 152 3006 tione
175 2942 299 3005 Victorii
320 2947 430 3024 recepi.

161 3047 182 3112 2
210 3051 369 3114 Alterum
393 3069 505 3132 genus
528 3049 618 3112 illud
642 3049 883 3112 columbarum
907 3057 962 3112 esi
985 3047 1214 3131 clementius]

70 3161 208 3221 Alterum
229 3177 327 3235 penas
350 3160 427 3219 illud
452 3159 550 3218 omnia
573 3156 740 3238 apographa
763 3165 793 3218 et
815 3174 851 3218 ex
879 3159 944 3237 ipso
967 3154 1127 3237 archetypo
1151 3157 1215 3219 Vic-

71 3268 177 3329 torius.
223 3268 300 3326 illud
329 3267 360 3325 in
392 3262 573 3326 editionibus
605 3272 675 3326 ante
703 3263 864 3326 Victoriam
896 3267 1038 3327 omissum
1073 3283 1168 3344 neque
1199 3283 1216 3326 a

70 3373 217 3434 Politiano
241 3391 257 3433 e
281 3372 383 3433 codice
407 3370 578 3433 adnotatum
603 3380 657 3433 est.
693 3372 802 3434 inclusi
825 3389 997 3456 pronomen,
1017 3372 1095 3452 qnod
1120 3390 1156 3433 ex
1178 3374 1216 3433 iis

71 3497 149 3559 quae
177 3479 214 3539 de
242 3477 409 3557 agrestibus
437 3477 583 3540 columbis
611 3481 721 3559 scripta
749 3488 820 3541 sunt
848 3481 915 3540 illut
942 3483 1071 3540 alterium
1095 3486 1216 3555 apresle

71 3585 132 3647 buc
164 3584 283 3647 videtur
314 3584 488 3646 translatum
521 3603 596 3648 esse.
641 3604 709 3648 nam
742 3586 778 3647 de
814 3585 872 3646 hoc
906 3583 1069 3644 domestico
1106 3605 1216 3664 genere

71 3691 289 3774 columbarum,
319 3690 397 3772 quod
426 3691 603 3753 clementius
634 3701 680 3754 est
712 3710 801 3772 quam
829 3698 960 3772 agreste,
985 3699 1071 3752 antea
1104 3691 1216 3752 dictum

71 3817 132 3861 non
156 3809 228 3864 erat.

163 3906 183 3969 3
216 3907 361 3968 Camars
393 3904 523 3985 tectus]
560 3907 692 3967 Camara
726 3906 782 3967 boc
809 3904 874 3967 loco
902 3906 959 3968 luit
988 3907 1019 3966 in
1047 3904 1216 3986 archetypo.

73 4022 176 4095 postea
200 4032 346 4076 camarae
368 4011 457 4075 babet
487 4012 578 4074 editio
606 4014 747 4094 princeps
774 4030 790 4074 a
814 4010 958 4073 Politiano
987 4030 1045 4073 non
1074 4020 1217 4088 correcta,

73 4138 219 4182 commas
236 4095 402 4200 apogiapha
421 4128 453 4182 et
470 4119 577 4181 deinde
596 4136 751 4183 cameram
768 4138 880 4200 omnes,
899 4118 952 4180 sod
971 4118 1010 4179 lll
1029 4116 1059 4199 8,
1076 4116 1093 4181 1
1113 4138 1217 4182 cama-

76 4246 131 4290 ras
150 4236 180 4288 et
199 4244 364 4289 camaram.
397 4236 427 4289 et
445 4227 521 4289 banc
540 4225 632 4288 solam
651 4227 775 4289 formam
792 4226 885 4288 Varro
903 4225 1075 4307 probavisse
1092 4226 1216 4310 videtur,
