2874 4994
142 325 184 388 56
501 331 691 388 OOMMENT.
711 331 750 385 IN
769 329 926 386 CATONIS

232 489 330 548 XXIX
352 489 540 564 Ablaqueato
563 489 688 548 etitem
711 505 800 566 supra
824 483 866 548 27
892 488 1072 562 ablaqueato
1095 486 1189 548 editio
1207 488 1289 567 prin·

142 614 213 676 ceps
245 614 262 655 a
289 594 434 656 Politiano
462 611 521 653 non
550 601 698 674 correcta,
731 596 915 669 adloquente
943 602 1070 673 utroque
1099 591 1166 654 loco
1193 593 1288 656 codex

142 702 342 763 ParisinnsA
374 710 405 762 et
437 702 592 781 superiore
620 699 772 762 llediceus
796 719 839 782 m,
872 699 923 760 sed
953 699 1060 761 deinde
1087 701 1289 777 ablaqueatas

141 810 267 890 plurima
296 808 472 889 apographa.
517 810 697 884 ablaqueato
725 808 781 868 boc
809 808 873 869 loco
901 809 973 869 vitio
1002 806 1141 869 editionis
1165 806 1288 871 Victorii

143 916 291 978 secundae
314 919 345 977 in
369 916 630 978 Commelinianam
653 916 814 976 editionem
838 924 993 995 receptum
1016 925 1089 998 erat,
1112 915 1194 996 quod
1218 914 1287 977 Ges·

143 1042 234 1085 nerns
268 1025 412 1106 correxit,
446 1022 647 1084 Schneiderns
675 1022 812 1102 probavit
839 1031 942 1083 contra
971 1040 1060 1084 usum
1087 1024 1289 1105 antiquorum,

144 1134 195 1210 qni
214 1134 403 1207 ablaqueare
422 1131 562 1192 dixerunt
582 1131 618 1191 de
639 1130 747 1191 vitibus
767 1140 796 1191 et
815 1130 982 1213 arboribus,
1000 1148 1067 1192 cnm
1088 1138 1170 1192 terra
1184 1131 1290 1193 eliossa

146 1238 262 1299 radices
295 1236 550 1299 circumciduntur
583 1245 613 1297 et
645 1246 762 1298 stercus
795 1237 921 1298 additur.
972 1236 1049 1316 apud
1083 1237 1227 1299 Catonem
1261 1238 1289 1299 id

143 1344 267 1406 verbum
297 1347 327 1406 in
355 1363 445 1406 manu
474 1346 594 1424 scriptis
622 1343 707 1404 libris
734 1344 844 1424 legitur
872 1341 902 1426 5,
922 1342 950 1406 8.
979 1342 1031 1425 33,
1052 1343 1080 1406 1.
1108 1342 1161 1407 36.
1190 1342 1244 1428 37,
1261 1344 1289 1407 2.

143 1451 196 1517 93.
221 1450 295 1533 114,
317 1450 343 1513 1.
370 1449 442 1532 115,
460 1449 495 1532 23
519 1451 597 1530 apud
616 1450 777 1511 Varronem
798 1471 821 1512 r.
837 1471 861 1513 r.
875 1451 887 1510 l
903 1448 987 1531 tul
1010 1453 1182 1514 ublacaari.
1219 1454 1289 1513 item

144 1565 333 1637 ablaqueare
365 1567 395 1619 et
429 1562 623 1635 ablaqueatio
655 1558 732 1638 apud
761 1557 889 1618 Plinium
922 1567 952 1618 et
985 1558 1062 1637 apud
1091 1558 1289 1639 Columellam,

145 1671 196 1749 qui
224 1687 287 1728 rem
313 1669 407 1745 ipsam
431 1665 591 1745 descripsit
612 1665 650 1724 tv
670 1662 704 1747 8,
732 1667 762 1725 in
787 1664 1036 1744 Sangermanensi
1063 1666 1166 1727 codice
1195 1684 1289 1747 saepe,

144 1775 171 1835 ll
196 1772 247 1854 14,
262 1772 295 1835 3.
325 1773 361 1833 lV
383 1770 414 1854 4,
433 1771 462 1834 2.
492 1770 521 1848 8,
547 1772 574 1834 1.
603 1769 633 1852 9,
658 1773 685 1833 1.
717 1770 766 1853 14,
789 1770 819 1834 2.
847 1770 976 1854 29,10;
1004 1775 1034 1833 in
1058 1771 1166 1852 glossis
1189 1771 1289 1833 latino

145 1884 258 1961 graecis
287 1901 313 1941 r.
332 1880 358 1940 ll
386 1899 413 1959 p.
432 1876 507 1959 4‚3
532 1883 714 1956 ablaqueata
742 1875 974 1962 διορυχθέντα.
1021 1898 1075 1961 pro
1102 1881 1160 1940 boc
1189 1888 1289 1959 postea

146 1992 332 2064 oblaqueare
357 1987 473 2048 ridetur
497 1987 609 2048 dictum
633 2005 698 2047 esse
722 1996 893 2067 propterea,
920 1988 998 2067 qnod
1023 1997 1103 2049 terra
1126 1986 1234 2047 eliossa
1256 1985 1289 2047 ad

147 2106 287 2157 truncum
322 2093 437 2154 arboris
470 2093 666 2175 obruebatur,
699 2093 777 2173 quod
809 2094 932 2155 verbum
968 2097 996 2155 in
1030 2094 1133 2156 codice
1166 2093 1290 2173 Senger-

147 2204 280 2264 manensi
304 2200 480 2262 Columellas
510 2199 578 2261 libri
605 2200 641 2261 de
665 2200 823 2261 arboribus
847 2221 871 2262 c.
891 2198 920 2263 5.
941 2200 970 2262 6.
991 2199 1033 2263 10
1056 2204 1176 2281 saepius
1199 2205 1289 2282 scrip·

147 2319 208 2371 tum
238 2317 297 2390 est,
325 2311 556 2385 ablaqueaueris
584 2318 614 2369 ot
641 2311 874 2384 ablaqaeuadue
901 2311 931 2369 in
960 2309 1063 2370 eodem
1087 2308 1164 2369 libro
1191 2306 1242 2392 10,
1258 2307 1291 2391 4,

146 2427 176 2478 ot
208 2419 238 2477 in
271 2415 441 2477 kalendario
475 2418 564 2477 inser.
587 2435 670 2495 regn.
693 2415 812 2496 Neapol.
836 2413 923 2477 6746
955 2419 1155 2496 oblaqueatio,
1188 2415 1290 2478 lsidor.

146 2526 218 2602 orig.
239 2522 316 2581 XVll
336 2519 366 2602 5,
385 2520 424 2582 31
455 2524 648 2598 oblaqueare
675 2530 719 2583 est
747 2526 834 2583 circa
862 2525 998 2584 codicem
1025 2530 1141 2584 terram
1169 2527 1292 2602 aperire

147 2638 177 2690 et
199 2634 279 2690 uetari
301 2633 401 2689 lacum
424 2627 558 2705 efficere.

236 2736 376 2796 Partem
413 2742 575 2815 quartam
612 2737 748 2796 circum
786 2735 884 2796 oleas
920 2736 1152 2817 ablaqueatas
1192 2754 1292 2817 qnam

148 2845 294 2904 maxime
323 2861 412 2922 opus
436 2845 507 2903 erit
530 2842 651 2904 addito
675 2852 845 2924 terraque
870 2838 1014 2905 stercus
1037 2846 1181 2923 operito
1205 2844 1292 2906 alte·

147 2970 220 3011 ram
252 2959 413 3029 quartam
446 2959 583 3029 partem
616 2953 651 3011 in
683 2959 823 3032 pratum
856 2960 1045 3012 reseruata
1078 2950 1186 3031 idque
1216 2970 1293 3014 oum

148 3060 295 3118 manime
337 3075 426 3136 opus
467 3059 541 3117 erit
578 3055 637 3117 ubi
675 3057 843 3118 sauonins
881 3056 986 3117 ilabit
1023 3058 1171 3119 euehito
1209 3058 1293 3121 luna

148 3163 287 3241 silenti]
324 3166 445 3225 Circum
476 3168 558 3225 oleas
592 3166 791 3239 ablaqueatas
821 3182 883 3240 qua
914 3168 1046 3226 maxime
1073 3184 1148 3243 opus
1176 3170 1238 3229 erit
1264 3174 1294 3227 et

148 3272 255 3333 deinde
280 3276 370 3347 idque
393 3279 454 3332 tum
477 3274 609 3333 maxime
631 3290 705 3347 opacus
729 3275 796 3346 erit,
820 3273 875 3332 abi
887 3271 1031 3348 favonius
1046 3274 1149 3347 flabit:
1177 3276 1294 3335 evebita

147 3384 221 3442 iuna
250 3382 352 3440 silenti
378 3398 413 3440 er
437 3378 542 3439 Aldina
570 3378 699 3439 editione
723 3377 872 3439 Victorius
900 3388 930 3439 et
958 3377 1064 3439 deinde
1092 3378 1203 3458 reliqui
1231 3379 1294 3441 edi-

148 3498 237 3548 tores.
281 3490 371 3562 idqae
400 3490 482 3547 sicco
511 3489 643 3546 maxime
669 3504 744 3563 opas
776 3490 848 3566 erit,
880 3485 909 3548 b.
933 3505 957 3545 e.
981 3488 1061 3546 sicco
1090 3494 1190 3569 prato,
1218 3486 1294 3548 Pon·

149 3593 250 3653 tedere
279 3612 307 3672 p.
328 3589 381 3654 45.
419 3602 536 3670 tempus
562 3594 786 3653 stercorationis
810 3595 977 3653 accuratius
1002 3592 1144 3654 delinitur
1167 3596 1198 3654 in
1221 3594 1296 3655 oleis

150 3696 179 3779 5,
199 3696 228 3778 8,
255 3703 373 3759 circum
397 3703 478 3759 oleas
502 3702 705 3760 aattatmnitate
728 3702 909 3776 ablaqueato
933 3708 962 3760 et
984 3708 1102 3760 stercus
1125 3703 1241 3775 addito,
1264 3703 1295 3761 in

149 3807 243 3885 pratis
267 3824 293 3866 c.
311 3801 367 3886 50,
394 3812 490 3882 prata
506 3809 610 3885 primo
638 3825 709 3868 uere
735 3814 905 3868 sterceruto
933 3811 1006 3868 lacau
1033 3810 1143 3868 silenti.
1194 3808 1295 3888 itaque

149 3930 237 3988 quom
265 3915 397 3973 maxime
424 3930 498 3989 opus
523 3917 583 3974 erit
611 3922 738 3994 utroque
767 3913 831 3975 loco
860 3915 967 3993 scripsi
994 3922 1024 3974 et
1047 3931 1166 3993 pravam
1191 3913 1297 3976 verbo·

150 4039 216 4081 rum
241 4020 476 4102 distinctionem,
510 4039 585 4101 qnae
613 4021 709 4082 adlnrc
738 4030 814 4104 erat,
842 4024 971 4103 correxi,
999 4029 1121 4099 purtem
1150 4029 1297 4097 quartam

150 4132 268 4190 circum
291 4133 373 4189 oleas
396 4130 603 4203 ablaqueatas,
627 4147 714 4203 quom
737 4132 868 4190 maxime
886 4149 960 4206 opus
979 4133 1046 4204 erit,
1071 4131 1175 4189 addito
1194 4136 1298 4190 terra-

150 4254 209 4310 que
231 4242 349 4295 stercus
373 4238 497 4310 operito.
537 4239 665 4295 alteram
690 4243 831 4310 quartam
851 4246 972 4312 pinara
996 4239 1026 4295 iu
1047 4243 1170 4312 pratum
1195 4255 1296 4298 rerer·

150 4350 219 4400 rum
244 4344 342 4420 idque,
365 4358 452 4415 quom
476 4344 608 4401 manime
630 4361 704 4417 opas
728 4346 800 4425 erit,
823 4344 877 4403 arbi
895 4340 1038 4418 seruatus
1057 4344 1155 4418 liubit,
1178 4346 1297 4405 euehito

151 4451 223 4507 tuna
251 4449 359 4507 silenti.
406 4456 523 4508 stercus
551 4450 591 4508 ita
619 4446 773 4529 dividitur,
802 4458 835 4509 ut
862 4448 981 4509 dimidia
1010 4469 1079 4528 pars
1108 4452 1137 4511 in
1161 4458 1297 4531 segetem
