2874 4994
149 274 192 339 26
509 281 700 338 ΟΟΜΜΕΝΤ.
719 281 758 336 IN
777 280 934 338 CATONIS

147 458 235 502 caan
260 442 410 516 quidquid
433 457 530 516 aenas
557 442 709 500 talearum
735 441 841 514 serito,
870 438 974 500 eodem
1001 439 1089 502 modo
1112 442 1244 517 palaque
1263 448 1292 502 et
1326 416 1329 503 l

148 551 293 630 quidque,
320 542 390 628 5,5
417 550 464 608 ati
489 565 544 608 sno
572 548 698 622 quisque
721 549 786 607 loco
810 548 911 621 cubet,
940 542 982 608 68
1006 550 1106 608 annia
1130 550 1201 624 qaas
1223 564 1291 611 urar
1327 606 1329 613 .

148 658 209 716 erit
231 658 262 716 r‘n
285 672 339 715 sao
362 657 495 730 quidque
518 657 583 715 loeo
607 656 753 731 reponite,
777 661 807 714 et
828 653 931 714 codem
950 672 1021 715 casu
1040 651 1092 736 23,
1111 652 1133 716 4
1151 658 1290 717 tortaaun

147 770 275 823 mactum
302 763 583 824 circumcidaneam
610 778 666 821 sno
693 763 804 835 carique
829 763 908 822 dolio
932 763 1066 822 dividite.
1112 780 1169 841 per
1192 780 1227 824 sc
1248 764 1291 824 io-

147 870 267 931 deflnite
295 870 424 948 positum
455 876 500 928 est
523 869 673 943 quidquid
694 885 720 928 c.
738 863 780 928 57
805 871 852 927 uti
872 869 1022 943 quidquid
1042 872 1145 945 operis
1164 867 1292 950 sacient,

143 980 359 1055 proportione
378 978 491 1037 addito.
533 978 695 1052 conpluria
714 982 813 1035 autem
832 973 973 1035 Catonem
993 974 1111 1056 dixisse,
1138 992 1199 1036 noo
1223 992 1290 1038 con·

143 1088 249 1162 plara,
282 1082 393 1144 Gellius
417 1081 440 1141 V
465 1079 560 1165 21,6
594 1089 624 1142 et
652 1080 783 1142 Donatus
815 1082 846 1142 in
879 1080 998 1142 Terent.
1023 1079 1142 1142 Phorm.
1165 1079 1204 1142 lV
1223 1078 1290 1162 3,6

146 1198 307 1272 testantur,
334 1200 367 1252 et
392 1192 433 1251 ita
461 1188 570 1268 legitur
598 1191 628 1249 io
653 1188 754 1249 codice
778 1188 859 1248 Festi
882 1205 910 1266 p.
931 1185 1004 1269 162,
1018 1184 1062 1250 30
1088 1189 1163 1250 Cato
1191 1189 1290 1265 Oriad-

145 1315 217 1359 nan
240 1300 258 1358 t.
279 1298 299 1357 Ι
319 1296 399 1372 sana
427 1300 457 1357 r‘n
486 1314 521 1357 eo
549 1300 614 1357 loeo
642 1297 804 1372 eonptnrta
828 1294 928 1370 suere.
974 1294 1011 1355 de
1038 1295 1105 1355 uris
1126 1293 1291 1356 condendis

146 1404 267 1465 Catonis
294 1412 452 1484 praecepta
476 1404 576 1482 posuit
599 1400 691 1462 Varro
710 1419 734 1462 r.
754 1420 778 1462 r.
796 1400 810 1460 l
828 1398 885 1481 58,
917 1403 990 1463 Cata
1014 1405 1059 1462 ait
1082 1419 1172 1462 avam
1196 1406 1290 1464 amin·

147 1531 235 1573 nean
263 1514 462 1572 minusculam
485 1518 515 1570 et
537 1513 682 1570 maiorem
705 1516 734 1570 et
757 1511 889 1584 aptatam
913 1511 943 1569 tn
967 1511 1032 1569 attis
1055 1513 1292 1573 commodestne

146 1623 251 1681 condi:
278 1621 383 1680 eadem
410 1621 441 1677 in
464 1635 541 1693 sapa
564 1624 594 1677 et
616 1622 712 1677 masta
735 1624 834 1677 recte:
860 1634 936 1692 quas
959 1619 1125 1692 suspendas
1149 1625 1291 1695 apperte

145 1730 285 1787 ntssimas
307 1744 371 1786 esse
394 1726 564 1785 duracinae
587 1730 616 1782 et
639 1725 804 1796 aminneas,
828 1730 858 1783 et
881 1740 939 1783 una
960 1741 1028 1783 cum
1047 1724 1085 1784 iis
1103 1742 1180 1804 quae
1200 1742 1292 1804 supra

145 1833 255 1910 scripta
280 1840 365 1891 erant
387 1830 424 1891 de
448 1831 531 1890 vinea
556 1828 668 1889 Plinius
692 1826 756 1887 xlv
774 1825 826 1891 46.

234 1935 255 2000 2
277 1937 405 1999 Eadem
434 1939 468 1998 io
496 1955 578 2015 sapa
602 1938 637 1997 in
662 1944 776 1997 musto
801 1939 835 1998 iu
860 1936 935 1998 lora
960 1946 1060 1999 recte
1083 1938 1292 2001 conduntur

145 2064 232 2126 quas
256 2045 457 2124 suspendas
481 2044 672 2105 duracioas
696 2046 877 2105 aminoeas
906 2047 1061 2106 maiores
1089 2045 1148 2106 uel
1175 2045 1219 2107 ad
1243 2046 1292 2107 la·

144 2153 245 2214 hrum
271 2154 463 2213 serrarium
492 2170 557 2232 pro
581 2152 698 2231 passis
727 2169 765 2211 ea
789 2161 888 2212 recte
914 2151 1122 2232 seruantur]
1146 2154 1233 2214 Lora
1261 2155 1291 2215 in

144 2261 304 2341 archetypo
329 2261 474 2340 scriptum
500 2261 591 2320 luisse
611 2258 748 2320 Politiani
772 2267 803 2320 et
821 2259 943 2321 Victorii
967 2262 1146 2321 testimoniis
1164 2269 1293 2322 constat.

144 2367 195 2429 sed
225 2376 379 2447 praeterea
403 2370 498 2428 densa
521 2369 551 2426 io
575 2366 707 2443 margine
732 2364 914 2446 adscriptum
938 2367 1030 2428 luisse
1053 2366 1218 2429 Politiaous
1243 2368 1292 2430 ad·

144 2477 267 2553 notavit,
301 2473 380 2553 quod
413 2491 471 2550 quo
500 2473 649 2550 pertineat
676 2490 734 2530 oon
763 2482 897 2551 apparet,
926 2492 1023 2553 neque
1053 2477 1083 2536 in
1111 2475 1291 2556 apographis

144 2582 209 2641 eius
232 2579 366 2640 vocabuli
386 2580 541 2656 vestigium
561 2585 649 2638 extat.
686 2581 791 2638 eadem
816 2582 846 2639 in
864 2598 941 2656 sapa
960 2588 1056 2643 musto
1075 2586 1107 2644 in
1125 2586 1187 2644 olla
1205 2592 1293 2646 recte

143 2690 332 2748 condantur:
355 2704 434 2761 qaae
456 2687 623 2761 suspendas
647 2687 810 2746 duratura.
848 2691 968 2749 aminea
991 2692 1110 2750 maiora
1133 2693 1224 2751 utilia
1249 2694 1294 2753 ad

139 2794 265 2870 sadran
285 2793 471 2870 ferrariam:
491 2810 550 2868 pro
571 2795 670 2868 passis
693 2811 730 2853 ea
752 2799 837 2853 reete
854 2803 1018 2856 servantur
1036 2795 1157 2878 Merula,
1180 2800 1290 2860 eadem

143 2906 173 2962 in
201 2920 278 2979 sapa
306 2908 335 2961 et
362 2907 457 2960 musto
483 2906 567 2959 recte
589 2901 772 2960 conduntur.
818 2918 895 2974 qaas
917 2904 1085 2977 suspendas
1109 2905 1290 2979 duracinae,

142 3013 277 3070 amianas
300 3010 432 3068 maiores
457 3013 487 3067 et
508 3009 686 3066 scantianas
709 3010 978 3082 opportunissimas
1006 3027 1083 3084 esse,
1110 3012 1169 3072 hae
1193 3014 1292 3073 etad

139 3115 265 3192 [adron
281 3114 453 3191 serrarium
468 3131 527 3190 pro
543 3116 643 3190 passis
661 3119 745 3173 reate
760 3122 924 3175 serrantur
938 3113 1089 3177 lucundus
1104 3135 1139 3177 ex
1154 3116 1290 3179 Varrone

143 3222 161 3285 l.
180 3241 205 3282 c.
234 3240 289 3282 eae
316 3228 400 3282 recte
422 3228 586 3281 servantur
609 3219 771 3300 Victorius3
800 3221 830 3280 in
854 3220 978 3300 reliquis
1001 3221 1159 3284 lectionem
1183 3223 1289 3285 arche·

145 3330 206 3410 typi
229 3330 356 3390 restitui.
401 3345 468 3387 uam
493 3329 598 3387 eadem
622 3324 753 3386 adverbii
777 3325 841 3387 loco
865 3337 924 3388 est:
948 3327 1049 3388 eadem
1074 3333 1202 3413 ratione,
1227 3350 1289 3411 qua

143 3440 173 3497 in
197 3437 326 3497 vinaceis
349 3452 423 3495 uvae
447 3433 625 3513 conduntur,
651 3435 738 3493 etiam
763 3435 792 3493 in
817 3453 886 3514 sapa
910 3434 954 3495 vel
979 3444 1076 3497 musto
1099 3437 1145 3497 vel
1168 3436 1231 3499 lora
1255 3441 1288 3501 in

143 3543 228 3603 ollam
261 3542 359 3603 addita
393 3551 473 3601 recte
507 3539 684 3601 conduntur.
740 3541 866 3602 similem
899 3542 1029 3603 adverbii
1067 3562 1153 3605 usiam
1186 3548 1289 3608 arctavi

142 3650 224 3710 Varr.
244 3667 267 3709 r.
287 3644 449 3727 r.115‚2.
491 3646 597 3706 deinde
621 3649 807 3709 accusativus
831 3667 918 3709 casus
941 3652 1110 3711 duracinae
1133 3655 1290 3715 aminnias

142 3760 274 3817 maiores
293 3774 347 3835 per
366 3772 398 3814 sc
417 3756 533 3834 positus
552 3763 598 3815 cst
617 3757 696 3816 sicut
711 3757 742 3815 in
757 3755 890 3837 reliquis,
910 3774 984 3836 quae
999 3760 1029 3817 in
1044 3757 1135 3818 lorado
1150 3758 1289 3823 habenda

141 3871 220 3924 suut.
266 3866 309 3925 ad
335 3864 365 3923 io
392 3862 606 3940 significatione
629 3860 688 3922 loci
711 3840 747 3921 de
771 3862 941 3923 hominibus
965 3864 1077 3924 dictum
1101 3873 1146 3926 est
1171 3864 1244 3948 144,
1264 3866 1288 3931 2

141 3979 171 4032 et
196 3967 307 4051 145‚2
332 3975 455 4032 taranta
479 3972 522 4030 ad
543 3972 693 4030 dominum
718 3978 773 4030 aut
796 3973 839 4030 ad
860 3973 1021 4031 cataracten.

228 4075 248 4138 3
275 4077 379 4136 Poma
408 4075 496 4136 mala
525 4085 665 4137 strutea
694 4085 844 4136 cotonea
868 4079 1052 4137 scantiana
1077 4082 1287 4158 quiriniana

140 4188 224 4246 item
257 4181 324 4242 alia
358 4183 544 4243 condition
577 4182 664 4243 mala
693 4191 828 4244 mustea
863 4192 897 4245 et
929 4187 1059 4263 punica
1088 4206 1127 4248 eo
1156 4186 1286 4251 lolium

140 4289 286 4351 suillum
310 4295 369 4348 aut
393 4297 536 4350 stercus
559 4288 599 4350 ad
622 4290 777 4353 radicem
797 4289 928 4351 addere
947 4302 1092 4373 oportet
1110 4296 1164 4354 nti
1183 4294 1285 4356 labu-

140 4397 200 4458 lim
228 4394 399 4457 malorum
428 4393 532 4477 liant]
560 4395 689 4458 liacrob.
709 4397 827 4458 Satura.
848 4396 897 4457 Vll
917 4395 1005 4480 6,13
1033 4420 1090 4463 nec
1112 4403 1170 4462 troc
1189 4422 1283 4480 prae·
