2874 4994
144 326 209 388 222
484 331 675 388 GOMMENT.
693 331 734 385 IN
752 330 943 387 VARRONIS

145 498 293 568 sererent5
319 495 420 567 postea
449 504 482 547 oa
512 504 586 566 quae
615 494 646 547 ct
672 487 702 546 in
731 487 811 564 agris
838 495 869 546 ot
899 468 930 546 io
958 482 1100 565 gregibus
1124 495 1242 547 maurusi

145 598 268 676 pecunia
292 594 357 656 data
381 594 559 675 diviserunt,
582 613 642 673 quo
666 595 775 654 lactum
799 600 846 655 ost
877 602 910 654 ut
936 591 985 653 alii
1014 598 1116 654 amant
1139 602 1246 673 amaru,

145 703 192 763 alii
216 701 370 782 agricolae.
406 704 436 761 in
461 704 497 761 iis
516 720 590 781 quac
610 700 706 761 adhuc
727 719 762 761 ex
781 699 884 762 Aldina
904 699 1035 761 editione
1054 708 1167 780 recepta
1181 708 1249 779 cruat,

144 813 198 885 qui
216 817 322 887 postea
345 817 508 869 creverant
527 811 652 886 peculia
675 811 852 881 diuiserunt,
872 816 970 888 nequo
987 805 1026 867 do
1045 804 1252 885 homioihosqai

145 918 246 995 postea
271 917 330 976 oati
354 925 424 976 suot
443 925 523 975 rocta
543 915 652 976 dicitur
671 917 845 991 quipostea
863 922 1148 994 sarmatasque
1159 914 1255 991 pesula

145 1023 202 1083 dici
227 1031 363 1102 poterant
386 1020 495 1082 divisae
519 1021 713 1101 agricolarum
737 1030 767 1082 ot
789 1031 941 1101 pastorum
964 1021 1177 1102 possessiones

234 1127 254 1192 8
282 1127 428 1190 Multum
453 1129 614 1189 hominos
637 1127 840 1208 locupletas
862 1126 906 1189 ob
928 1146 1002 1190 sam
1025 1146 1101 1189 rom
1122 1136 1180 1190 aut
1196 1144 1259 1187 cos·

146 1237 272 1298 ductos
305 1245 364 1297 aut
396 1246 531 1315 emptos
565 1234 696 1296 habent
728 1232 856 1315 saltus]
885 1237 1016 1298 Multum
1040 1237 1174 1298 loomim
1197 1236 1260 1296 aar

141 1347 237 1421 pletat
255 1351 284 1404 et
306 1345 343 1405 ab
362 1361 428 1404 eam
451 1361 515 1404 ram
539 1362 601 1423 sqq.
621 1341 781 1405 Iucundos.
818 1345 848 1404 in
871 1341 999 1405 lectione
1017 1339 1178 1423 archetypi,
1193 1357 1262 1421 qma

146 1451 271 1528 restitui,
291 1454 414 1512 maltum
438 1448 568 1510 adverbii
592 1449 656 1511 loco
679 1453 809 1530 positum
834 1459 864 1511 ot
887 1450 924 1511 cle
947 1452 984 1510 iis
1003 1466 1081 1530 quas
1105 1465 1190 1528 saepe
1205 1448 1263 1507 liunt

142 1557 254 1618 dictum
279 1566 339 1617 cst:
362 1554 451 1638 ¹115,
475 1553 495 1618 8
520 1560 551 1618 in
573 1556 664 1633 senus
687 1560 740 1618 aas
762 1559 865 1619 licebit
887 1562 1025 1632 multum,
1051 1552 1143 1637 15,2
1165 1572 1200 1617 aa
1219 1571 1263 1616 aar

149 1672 275 1725 utuntur
297 1669 430 1726 maltum.
467 1663 569 1724 cadom
596 1665 700 1725 reterri
724 1674 862 1745 poterant
884 1664 967 1746 hacc,
990 1659 1113 1744 140,5
1135 1665 1216 1723 malti
1228 1664 1267 1737 qu'

146 1774 325 1849 haruspices
349 1774 480 1832 audiunt
503 1775 640 1847 multam,
664 1771 716 1832 ubi
744 1777 868 1834 multum
892 1783 1040 1853 tamquam
1065 1772 1220 1850 repetitum
1241 1784 1266 1828 a

143 1877 349 1956 superioribus
372 1877 489 1939 inclusi.
805 1856 808 1861 ¹

231 1983 352 2045 Altera
382 1984 546 2046 uillatioa
571 1985 663 2065 quod
691 1984 840 2046 humilis
868 1985 1015 2047 uidetur
1038 2003 1055 2046 a
1079 1981 1266 2065 quibusdan

141 2091 281 2152 adiecta
304 2091 343 2151 ad
368 2091 632 2171 agriculturam
656 2110 735 2153 cum
759 2101 856 2153 esset
884 2095 1002 2172 pastio
1032 2110 1148 2173 nsque
1175 2089 1266 2171 expli·

141 2209 218 2272 cata
252 2206 325 2258 tota
359 2201 553 2278 separatim
588 2199 679 2278 quod
714 2203 820 2261 sciam
859 2199 899 2261 ab
932 2198 1024 2278 ullo]
1059 2203 1178 2275 Altera,
1207 2198 1268 2275 qual

143 2309 263 2367 humilis
286 2307 456 2380 videretur,
480 2325 500 2366 a
522 2308 705 2382 quibasdam
728 2309 850 2368 adiecto
873 2310 917 2368 aa
938 2311 1168 2384 agriculturam
1192 2320 1268 2380 araque

145 2417 299 2490 explicata
317 2416 492 2499 separatim,
511 2416 593 2489 quod
609 2417 713 2494 sciara,
733 2416 772 2476 ab
791 2418 852 2477 ulla
871 2414 1007 2494 Ursinus,
1026 2433 1062 2475 ax
1082 2412 1191 2495 quibus
1207 2414 1268 2473 ailla

142 2529 229 2582 retur
258 2519 393 2601 probarit
420 2520 579 2581 Gesnerus.
626 2525 727 2582 altero
755 2525 890 2583 villatica
915 2525 1030 2599 pastio,
1059 2523 1143 2598 quod
1170 2521 1268 2583 luulllt

142 2632 312 2702 videretur,
336 2646 356 2688 a
381 2630 561 2703 quibusdam
585 2630 707 2690 adiecta
730 2631 774 2690 aa
795 2632 1020 2704 agriculturam
1048 2637 1096 2690 est
1122 2646 1216 2704 neque
1232 2644 1269 2687 aa

142 2738 260 2810 plicata
280 2752 343 2812 sqq.
368 2732 568 2794 Schneidorus
592 2737 728 2795 coniecit.
766 2733 890 2797 villatico
910 2737 1014 2818 pastio,
1034 2745 1192 2815 propterea
1209 2729 1269 2813 qml

146 2841 263 2901 videtur
290 2838 410 2899 humilis
433 2857 512 2919 osso,
536 2859 551 2898 a
576 2840 751 2919 quibusdam
776 2841 812 2902 acl
837 2845 898 2922 agri
923 2842 1072 2904 culturam
1101 2842 1210 2904 adiecta
1229 2846 1270 2919 ast

147 2950 190 3009 sio
219 2948 304 3027 quasi
331 2945 410 3007 illius
437 2964 506 3027 pars
534 2956 627 3029 assat,
656 2966 723 3009 oum
753 2958 849 3010 tameo
878 2966 933 3029 pro
961 2952 1096 3030 pastione
1119 2953 1216 3030 potius
1233 2946 1270 3006 lu·

147 3055 241 3116 beoda
266 3064 353 3115 essct.

234 3158 275 3223 10
307 3160 389 3221 Cum
414 3163 506 3222 onim
531 3162 651 3223 uillam
675 3162 828 3225 habsrcs
852 3183 960 3245 opere
989 3165 1150 3226 tectorio
1176 3173 1209 3224 st
1231 3162 1271 3221 io·

144 3273 282 3331 tostino
320 3287 357 3328 ac
390 3270 609 3347 pauimentis
642 3269 829 3332 nobilibus
862 3271 1095 3333 lithostrotis
1125 3278 1272 3350 spectro·

143 3377 219 3437 dam
259 3393 383 3456 parum
425 3385 593 3455 putasses
635 3395 715 3439 esse
761 3381 796 3439 ui
842 3380 916 3439 tuis
962 3396 1106 3458 quoque
1153 3376 1273 3438 littoris

144 3485 309 3544 exornati
341 3484 504 3561 parietes
537 3494 660 3545 assant
693 3503 756 3564 ogo
789 3504 929 3565 quoquo
962 3503 1030 3565 quo
1061 3486 1222 3547 ornatior
1243 3499 1272 3541 ea

143 3609 222 3650 csse
263 3597 384 3668 posset
420 3589 543 3651 fructu
581 3592 674 3670 quod
717 3593 814 3653 lactu
852 3591 947 3671 quorl
988 3593 1111 3653 lacero
1152 3606 1272 3673 possem

144 3696 229 3757 haec
253 3696 292 3755 ad
323 3705 355 3756 tc
381 3695 473 3775 misi]
499 3699 539 3759 Ni
560 3702 620 3760 tuis
644 3698 735 3760 aditio
759 3701 899 3779 princeps
923 3717 939 3759 a
962 3697 1110 3760 Politiauo
1139 3717 1196 3761 noo
1221 3714 1273 3759 ooo

146 3813 224 3864 rocta
253 3813 282 3864 et
315 3803 405 3864 codex
438 3803 640 3884 Florentinus,
670 3805 807 3867 intuisll
841 3814 872 3867 et
894 3805 1049 3866 Parisinus
1078 3806 1185 3888 codar,
1209 3810 1274 3866 aru

144 3910 304 3992 Caesooas,
328 3914 441 3971 inscius
465 3929 502 3971 m.
526 3917 671 3974 exornati
688 3917 825 3991 parietes
848 3920 954 3975 esseat.
1002 3914 1070 3989 Eoo
1091 3932 1209 3991 quoque
1225 3926 1272 3988 qut

144 4023 283 4080 ornatior
306 4038 344 4080 ea
362 4037 428 4079 esse
446 4025 548 4095 posset
568 4018 676 4095 fructu
696 4038 786 4096 quam
806 4019 906 4101 factu,
923 4021 1029 4096 quoad
1043 4018 1157 4097 facere
1173 4033 1273 4099 posen

145 4130 187 4187 act
209 4129 329 4187 tamisi
349 4127 427 4185 iaco
445 4124 567 4207 Merula,
591 4125 642 4187 ubi
666 4129 743 4189 lraec
766 4131 809 4189 uel
830 4135 860 4189 te
882 4130 951 4188 rarsi
972 4125 1128 4188 lucumlus
1150 4125 1272 4203 rostitoit

146 4232 257 4311 reliqua
277 4249 312 4290 ax
332 4233 465 4311 principe
491 4232 619 4294 editions
637 4235 785 4314 repetivit.
819 4251 992 4312 parumque
1007 4240 1151 4311 putasses
1168 4252 1234 4313 esre,
1248 4232 1276 4291 ai

145 4342 204 4398 tuis
234 4356 351 4413 quoque
378 4341 488 4400 litteris
515 4345 661 4402 exornati
683 4345 819 4418 parietes
846 4350 958 4404 essent:
991 4358 1048 4418 aaa
1082 4360 1200 4418 quaque
1226 4354 1273 4415 att

146 4448 285 4506 ornatior
303 4464 340 4507 ea
360 4466 424 4508 asse
444 4456 545 4524 posset
559 4448 668 4523 fructu
687 4468 777 4525 quara
795 4456 915 4528 sumptu
934 4466 1000 4530 sqq.
1018 4446 1158 4511 Ursinus.
1194 4452 1224 4510 ru‘
1236 4447 1275 4506 ut
