2874 4994
433 330 563 384 RERVM
583 331 820 386 avaricauvu
840 333 909 387 LlB.
931 334 969 387 lll
991 334 1028 388 17
1236 327 1299 390 307

155 491 316 561 tempestas
336 485 489 557 inciderit,
508 502 569 558 qua
589 502 649 546 non
673 488 788 548 Oratae
806 505 927 548 mensae
946 491 1095 549 varietate
1110 488 1300 564 serculorum

154 591 359 653 abundarent.
406 608 473 651 nam
502 593 670 652 aestivaria
700 594 730 652 iu
757 595 880 673 piscinis
908 592 987 653 nulla
1019 602 1097 654 sunt.
1143 600 1301 657 aestuaria

153 705 254 758 autem
278 707 429 777 parantur,
453 715 491 757 ne
513 715 589 776 aqua
613 698 779 779 rescellas,
803 698 854 760 sed
878 707 912 758 ut
936 708 966 759 et
988 718 1063 778 aqua
1087 712 1247 763 renovetur
1270 712 1300 764 et

151 811 277 883 propter
293 812 394 865 aestus
409 804 472 864 loca
487 804 638 882 frigidiora
654 807 733 887 dant,
751 806 829 885 quod
846 815 948 885 postea
963 808 993 866 in
1009 809 1132 885 piscinis
1141 808 1172 869 L.
1184 809 1298 870 Luculli

153 908 245 972 Marci
270 912 369 973 iratris
393 911 537 972 laudatur.
588 913 688 990 itaque
708 915 813 993 scripsi
834 916 917 988 quod
934 917 1092 974 aestuario
1111 917 1221 976 idonea
1238 934 1298 978 non

151 1019 279 1079 deberet
294 1037 332 1079 ac
347 1021 448 1079 reside
462 1035 545 1092 apua
560 1022 591 1079 in
608 1022 683 1080 locis
693 1021 902 1097 pestilentibus
916 1020 1096 1080 habitarent
1111 1024 1210 1097 pisces
1225 1026 1297 1082 eius.

242 1123 262 1184 9
297 1124 426 1185 Contra
454 1125 493 1184 ad
525 1126 705 1204 neapolim
734 1126 765 1187 L.
794 1126 923 1187 luculli
952 1135 1184 1206 posteaquam
1217 1147 1309 1207 per-ยน

151 1231 309 1291 fodisset
341 1239 495 1292 montem
528 1250 566 1292 ac
599 1236 827 1294 maritumum
857 1233 990 1293 llumen
1019 1236 1229 1295 immisisset
1261 1238 1296 1296 in

151 1339 314 1416 piscinas
333 1340 392 1417 qui
412 1333 594 1417 reciproci
614 1338 774 1400 fluerent
794 1341 872 1417 ipse
892 1347 1050 1418 neptuno
1065 1359 1133 1400 non
1148 1343 1296 1404 cederet

150 1444 191 1504 de
211 1442 374 1524 piscatu]
395 1446 428 1504 L.
448 1445 593 1505 Lucullus
608 1454 638 1506 et
652 1445 758 1506 deinde
773 1464 853 1521 qaae
872 1449 1053 1522 reciprocae
1068 1447 1159 1522 fuere
1173 1448 1295 1528 Merula,

148 1552 182 1611 L.
198 1552 352 1625 Lucullus,
375 1559 571 1627 posteaquam
587 1551 770 1628 perfodisset
789 1560 916 1613 montem
935 1571 973 1614 ac
992 1557 1145 1614 maritima
1161 1558 1290 1629 flamina

149 1661 317 1719 immisisset
331 1661 362 1717 in
379 1661 524 1734 piscinas,
544 1676 623 1733 praue
642 1661 824 1733 reciprocae
838 1661 981 1732 fluerent,
1001 1663 1064 1736 ipse
1079 1662 1216 1736 Neptuno
1234 1681 1294 1723 non

147 1768 273 1826 cederet
300 1767 338 1826 de
357 1767 479 1840 piscatu
504 1763 669 1838 lucundus,
698 1763 748 1824 irbi
777 1782 857 1839 quae
879 1769 1039 1842 reciproce
1062 1770 1209 1847 fluerent,
1237 1772 1295 1845 ipsi

150 1874 286 1948 Neptuno
310 1889 369 1932 aon
393 1874 514 1932 cederet
533 1870 667 1951 Ursinus,
691 1875 751 1948 ipsi
769 1873 906 1948 Neptuno
930 1890 990 1933 non
1013 1876 1124 1934 cedere
1143 1873 1293 1935 Gesnerus

149 1977 306 2056 legendum
335 1980 471 2039 coniecit.
518 1977 552 2037 ad
583 1997 669 2038 mann
699 1980 880 2056 scriptorum
910 1978 1054 2039 librorum
1078 1979 1235 2042 lectionem
1261 1984 1291 2041 ln

146 2084 226 2144 lrunc
250 2085 371 2145 modum
391 2083 479 2146 verba
499 2085 688 2165 conformavi,
708 2093 816 2146 contra
837 2089 880 2145 ad
898 2088 1052 2162 dnapotim
1072 2087 1104 2147 L.
1124 2089 1292 2164 Lucullum,

146 2198 346 2266 posteaquam
361 2191 546 2268 perfodisset
568 2200 695 2252 montem
718 2210 757 2252 ac
780 2196 973 2252 maritumum
993 2195 1105 2266 (tumen
1133 2197 1293 2257 immisisset

150 2300 180 2357 in
196 2290 343 2378 piscinas,
367 2303 421 2374 pai
438 2303 599 2375 reciproce
613 2303 747 2373 fluerent
766 2303 857 2375 ipsae,
878 2301 1015 2375 Neptuno
1038 2317 1097 2359 non
1121 2304 1232 2362 cedere
1255 2305 1292 2363 de

144 2407 274 2482 piscatu.
312 2424 379 2466 nam
403 2405 475 2465 haec
496 2424 623 2485 quoqne,
647 2407 723 2465 sicui
743 2408 897 2483 superiora
917 2404 952 2465 dc
972 2405 1010 2465 M.
1026 2405 1139 2465 Luculli
1160 2409 1290 2487 piscinis,

147 2511 305 2572 llortensio
329 2511 422 2572 tribui
451 2520 580 2591 apparet.
627 2517 681 2587 aui
709 2522 807 2572 autem
827 2511 957 2572 adverbii
987 2511 1049 2571 loco
1078 2515 1207 2591 positum
1236 2523 1290 2593 est,

146 2617 173 2678 h.
194 2636 219 2678 e.
244 2626 278 2678 ut
301 2636 335 2678 ea
358 2621 472 2679 ratione
497 2621 577 2698 ipsae
601 2620 741 2698 piscinae,
765 2619 844 2696 sicut
868 2635 957 2698 marc,
981 2620 1134 2696 reciproce
1154 2619 1289 2681 lluerent.

147 2724 182 2784 de
203 2723 403 2804 Neapolitanis
422 2723 454 2785 L.
474 2724 589 2785 Luculli
609 2725 732 2803 piscinis
751 2723 865 2784 Plinius
885 2723 924 2784 lll
940 2722 1004 2786 170
1022 2724 1126 2785 scribit
1144 2726 1289 2787 Lucullus

144 2834 250 2891 excae
269 2835 359 2891 etiam
378 2840 476 2892 monte
496 2835 583 2891 iacta
604 2833 758 2907 Neapolim
777 2835 895 2892 maiore
914 2835 1065 2911 inpendio,
1084 2849 1174 2906 quam
1189 2836 1289 2893 uittam

142 2940 414 3019 exaedificaverat,
437 2942 576 3015 euripum
599 2945 628 2999 et
651 2941 751 2998 maria
775 2940 905 2998 admisit.

234 3043 379 3105 Factum
415 3062 493 3105 esse
524 3047 615 3105 enim
641 3054 678 3104 ut
701 3045 833 3102 amicos
862 3045 984 3121 pisces
1010 3053 1088 3103 tuos
1121 3045 1289 3106 uideatur

141 3159 295 3230 propter
314 3161 438 3211 aestus
454 3150 622 3210 eduxisse
643 3152 677 3208 in
693 3149 768 3208 loca
789 3148 980 3225 frigidiora
997 3158 1033 3206 ut
1052 3150 1150 3226 apuli
1170 3150 1287 3212 solent

138 3259 307 3337 pecoarii
327 3256 449 3316 iacere
470 3256 562 3335 quod
581 3274 644 3334 per
664 3254 777 3315 colles
796 3256 829 3313 in
850 3261 989 3313 montes
1009 3252 1155 3314 sabinos
1176 3275 1286 3334 pecus

137 3360 299 3440 ducunt]
319 3366 466 3438 Antiquos
481 3367 581 3438 pisces
600 3380 669 3421 suos
688 3359 809 3442 Merula,
833 3367 949 3421 amatos
964 3364 1065 3437 pisces
1087 3379 1157 3421 suos
1180 3362 1286 3423 lucun-

138 3471 200 3531 dus
224 3479 255 3531 et
278 3469 385 3530 deiude
409 3469 518 3548 reliqui
541 3469 679 3529 editores.
725 3470 952 3545 quodpropter
976 3470 1094 3528 catores
1119 3471 1149 3527 in
1174 3480 1286 3532 montes

137 3579 265 3639 sabinos
285 3594 381 3652 pecus
404 3579 520 3637 ducunt
543 3573 622 3634 edita
644 3573 713 3634 inde
741 3592 757 3632 a
787 3575 922 3652 principe
946 3573 1076 3635 editione
1100 3576 1285 3655 exemplaria.

132 3704 197 3762 per
230 3691 332 3744 aestus
360 3692 390 3743 et
423 3681 529 3742 deiude
558 3685 612 3757 qui
639 3689 767 3758 propter
800 3685 918 3741 catores
947 3685 979 3740 in
1011 3690 1124 3742 montes
1147 3684 1285 3745 Samnios

133 3808 235 3868 pecus
263 3792 379 3850 ducunt
407 3788 542 3849 Ursinus.
585 3807 644 3864 per
671 3791 763 3849 calles
787 3785 977 3848 scribendum
1009 3805 1074 3847 esse
1104 3800 1227 3867 apparet
1249 3809 1285 3851 ex

136 3900 177 3958 iis
197 3914 272 3975 quae
297 3897 333 3957 de
353 3895 476 3955 canibus
500 3902 651 3974 pastorum
676 3897 786 3973 scripta
809 3903 880 3954 sunt
902 3890 977 3974 119,
1003 3890 1043 3953 16
1066 3897 1148 3968 quod
1169 3899 1285 3957 accidit

136 4007 189 4066 iris
211 4007 266 4079 qai
283 4023 342 4081 per
366 4007 458 4065 calles
476 4006 626 4063 siluestres
645 4004 823 4076 tonpinqaos
841 4006 937 4063 soient
956 4003 1099 4062 comitari
1118 4004 1149 4062 in
1168 4005 1283 4063 aestiva

135 4119 170 4173 et
193 4111 334 4171 hiberna.
370 4113 470 4188 itaque
489 4110 597 4188 scripsi
616 4115 650 4168 ut
668 4112 782 4169 amicos
797 4111 897 4184 pisces
915 4127 986 4170 suos
1005 4111 1146 4197 uideatur
1155 4115 1283 4187 propter

136 4225 243 4279 aestus
263 4219 405 4277 eduxisse
424 4219 454 4275 in
469 4218 536 4275 loca
552 4213 730 4290 sripidiora,
748 4222 782 4273 ut
796 4215 888 4290 Apuli
900 4219 996 4275 solent
1007 4204 1155 4290 pedara
1165 4215 1282 4291 facere,

136 4329 194 4402 qui
213 4342 272 4400 per
291 4328 383 4385 cattas
402 4327 432 4383 in
456 4329 569 4383 montes
593 4323 722 4382 Sabinas
741 4340 836 4397 pecus
860 4320 986 4382 tuomst

231 4428 268 4488 ln
292 4426 417 4490 baiano
441 4438 501 4490 aut
519 4428 615 4489 ardis
637 4435 732 4488 tanta
751 4426 900 4488 ardebat
918 4445 1004 4490 cura
1023 4436 1061 4487 ut
1080 4427 1281 4491 architecto

1016 4527 1070 4582 20*
