2874 4994
144 303 208 368 104
502 309 692 365 ΟΟΜΜΕΝΤ.
711 309 751 363 IN
771 307 928 363 CATONIS

142 469 314 528 medicatur
337 484 432 546 aava,
462 482 533 526 moa
551 469 629 543 pari
650 482 793 526 measarc
816 467 913 525 mixta
936 466 1030 527 datar
1053 465 1098 525 ad
1117 464 1284 525 satietatem

142 569 201 656 (ad
220 577 356 635 siatatem
380 572 443 634 cod.
464 565 574 655 Sana).
620 590 712 651 palaea
738 591 773 633 ex
798 571 873 632 libro
897 570 1018 632 Catonis
1039 589 1066 633 c.
1089 565 1223 632 ‘tl-‘12
1244 588 1286 631 re·

143 691 228 761 cepta
260 689 331 741 sunt
363 682 393 739 in
421 687 560 758 excerpta
589 679 712 759 Gargilii
739 678 881 739 Martialis
908 677 946 738 de
974 696 1047 739 cura
1074 676 1182 759 boum,
1215 694 1286 757 quae

143 787 294 849 Gesnerus
316 806 345 867 p.
362 783 448 848 1170
471 785 572 847 edidit.

232 894 351 974 Ulpiai
375 896 494 973 spicas
517 891 557 952 lll
580 893 641 953 alii
665 895 784 971 spicas
807 886 859 977 lll]
883 892 986 974 Inepte
1011 892 1175 955 Salmasius
1193 912 1287 955 exerc.

143 1002 217 1063 Plin.
237 1021 265 1081 p.
285 999 364 1081 748,
397 1020 464 1061 caim
497 1002 594 1079 spicas
626 1003 656 1060 in
686 1000 783 1080 ulpiao
813 1000 857 1060 vol
886 1000 953 1061 allio
981 1019 1040 1061 non
1068 1018 1136 1062 esse
1164 1008 1288 1081 arularct

144 1113 238 1171 sticas
257 1108 414 1189 legendum
433 1095 501 1168 esse
519 1109 656 1189 coniecit,
675 1107 785 1169 abusus
804 1110 944 1169 nimirum
963 1104 1106 1189 ‘antiquis
1127 1102 1289 1189 glossarils'

146 1218 233 1279 Stica
261 1220 375 1278 tunica.
421 1218 502 1296 spica
531 1215 641 1276 dicitur
669 1234 702 1275 ea
731 1234 800 1295 pars
828 1215 920 1296 ulpici
943 1224 973 1277 et
996 1215 1059 1295 alii,
1090 1232 1168 1295 quae
1189 1226 1289 1294 postea

147 1333 236 1404 caput
264 1323 442 1405 appellatus,
469 1342 495 1383 c.
515 1321 555 1384 71
582 1325 732 1400 postridie
755 1331 849 1401 captat
870 1327 966 1400 aurici
987 1326 1155 1385 conteritas
1180 1321 1290 1383 Colum.

144 1430 184 1491 xl
204 1428 237 1513 3,
255 1429 298 1493 20
323 1435 465 1511 ulpicum,
488 1432 715 1506 quodquidam
739 1434 833 1492 alitam
857 1432 1005 1493 Punicam
1029 1438 1154 1505 uocant,
1180 1432 1291 1492 Graeci

146 1547 247 1600 autera
279 1534 533 1620 ἀφροσκόροδον
560 1540 727 1615 appellant,
759 1542 848 1614 torrae
882 1542 1008 1599 maioris
1035 1545 1081 1599 est
1107 1541 1293 1620 incrementi,

146 1664 237 1721 qaam
257 1649 359 1725 alitam,
379 1649 470 1721 idaae
489 1648 576 1706 circa
595 1646 743 1706 laleados
762 1647 909 1722 Octobris,
929 1654 1091 1721 antequam
1114 1647 1294 1723 deponatur,

150 1772 190 1814 ea
213 1771 273 1813 aaa
297 1757 398 1830 capite
421 1756 452 1812 ia
473 1756 566 1828 patara
586 1748 748 1814 dividetur]
776 1755 867 1814 labat
886 1757 964 1814 eraiaa
983 1756 1063 1814 velut
1081 1755 1177 1812 alium
1191 1756 1296 1830 plures

148 1863 263 1937 spicas,
291 1858 341 1919 ubi
369 1863 483 1936 spicas,
513 1876 571 1918 non
594 1862 701 1939 sticas,
725 1861 755 1920 ln
780 1859 1026 1938 Sangermanensi
1050 1859 1155 1920 codice
1179 1858 1296 1940 legitur.

150 1965 191 2027 ib.
214 1965 238 2025 Χ
261 1964 324 2027 112
348 1968 477 2041 aliaque
500 1964 644 2040 infractis
667 1969 759 2042 spicis
782 1976 810 2027 et
832 1970 944 2028 olentia
967 1971 1028 2028 late
1051 1970 1164 2043 alaisa.

239 2072 328 2132 Vilis
357 2071 457 2132 albae
485 2072 606 2132 caules
634 2070 673 2132 lll
702 2072 843 2133 sabulos
871 2072 970 2133 albos
998 2071 1051 2150 lll]
1085 2071 1202 2135 Valruli
1231 2074 1298 2150 albi,

150 2180 179 2240 h.
198 2198 223 2240 e.
253 2178 374 2240 folliculi
404 2178 552 2258 labarum,
584 2178 726 2240 dicuntur
754 2180 831 2259 apauli
861 2179 1051 2240 Columellam
1078 2179 1096 2240 l.
1121 2200 1147 2240 e.
1174 2180 1300 2257 fabalia

149 2286 312 2347 masculino
336 2305 444 2367 genere
469 2286 580 2346 dictum
604 2286 641 2345 de
665 2285 740 2346 labis
764 2286 872 2365 legitur
895 2286 973 2365 apud
996 2284 1122 2347 Gellium
1144 2287 1181 2347 lv
1205 2286 1298 2370 11,1‚

150 2398 251 2472 opinio
270 2402 353 2454 aetius
369 2393 451 2469 salso
470 2397 631 2470 occupauit
649 2401 678 2454 et
697 2398 849 2455 coaralait
864 2396 1072 2471 Pytaaaoram
1087 2398 1300 2473 plrilosoaaaa

151 2521 212 2563 aaa
237 2504 392 2562 esitavisse
414 2519 454 2561 ea·
477 2502 667 2577 animalibus,
692 2503 760 2562 itera
784 2503 965 2562 abstinuisse
984 2502 1100 2579 fabata.

240 2605 260 2668 2
289 2606 357 2667 Ter
385 2606 543 2667 triduum
567 2606 607 2666 lle
632 2625 670 2666 ea
694 2610 840 2686 pullatae
865 2610 1062 2688 uuiclliqne
1086 2608 1172 2670 boati
1197 2610 1297 2689 dato]

152 2713 266 2776 Colum.
282 2713 298 2775 l.
315 2733 339 2774 c.
358 2732 438 2789 auae
456 2731 557 2775 ornnes
572 2719 710 2791 potiones
729 2719 820 2775 triam
840 2718 1028 2777 lteraiaaram
1047 2719 1177 2791 siaaalis
1195 2720 1302 2779 diebos

148 2840 208 2899 per
231 2824 366 2882 triduani
391 2823 483 2882 datae
506 2826 605 2881 citatam
626 2831 764 2899 peramant
783 2831 813 2882 et
832 2823 868 2882 lla
887 2821 944 2882 alio
963 2842 1071 2902 genere
1091 2823 1302 2885 medicamenti

153 2926 335 3010 ih.l1'14‚1
361 2932 449 3004 lurae
473 2932 543 2989 dato
560 2948 618 3005 aer
642 2932 777 2990 triduam
800 2933 1025 2991 medicamento.

242 3036 370 3096 LXXIII
401 3034 493 3095 Haec
527 3039 642 3095 omnia
675 3055 741 3096 una
775 3039 957 3097 conterite
990 3055 1066 3097 cum
1099 3039 1186 3099 ulna
1222 3039 1303 3100 (lato

155 3140 271 3202 buliens
291 3141 415 3203 bibant
434 3142 599 3203 ominibus
618 3162 681 3222 pen
700 3152 872 3205 aestatem
893 3142 1003 3204 boues
1023 3163 1153 3223 aquam
1171 3144 1303 3207 honam

154 3259 189 3310 et
212 3249 388 3329 liquidam
412 3249 538 3311 bibant
562 3268 701 3329 semper
725 3248 865 3331 curato]
890 3252 969 3312 Bato
994 3253 1090 3312 tabas
1112 3253 1222 3314 bibant
1245 3272 1301 3315 ora·

154 3359 243 3419 nihils
271 3357 340 3418 lilrri
368 3376 457 3418 manu
482 3358 586 3437 scripti
610 3366 640 3416 el
663 3357 754 3418 editio
779 3356 915 3438 Victorii,
945 3361 1017 3419 dcto
1044 3360 1141 3419 habas
1164 3362 1304 3423 omnibus

153 3473 187 3526 at
211 3466 316 3525 bibant
335 3464 413 3524 edita
437 3472 504 3524 ante
527 3462 689 3525 Victoriam
714 3463 901 3546 exemplaria,
926 3463 976 3525 ubi
1000 3464 1208 3544 neglegentius
1228 3466 1303 3528 Poli-

154 3574 252 3632 tianns
281 3573 311 3631 in
339 3573 474 3649 princilre
503 3570 632 3631 editione
656 3574 793 3632 ornatius
817 3580 850 3632 at
873 3571 990 3632 delevit.
1037 3575 1114 3633 dare
1138 3592 1210 3635 cum
1234 3593 1303 3636 con·

154 3680 286 3739 iunctivo
310 3678 397 3737 modo
422 3679 613 3739 contionatum
637 3687 792 3757 praeterea
815 3677 925 3757 legitur
950 3675 1061 3760 157‚9
1085 3682 1158 3742 dato
1181 3684 1256 3757 edit,
1277 3686 1307 3743 si

152 3789 274 3862 poterit,
293 3789 359 3845 sitae
373 3804 473 3861 paam
491 3788 520 3846 si
541 3804 610 3861 saort,
629 3789 701 3847 datto
716 3804 827 3862 panem
843 3805 955 3863 puram
976 3789 1086 3848 ibidem
1104 3789 1303 3865 madefaciat,

156 3902 184 3954 et
207 3898 236 3953 si
254 3893 366 3968 seorim
390 3896 598 3968 renunciabit,
623 3898 693 3954 dato
713 3897 814 3954 alnam
833 3902 934 3954 atram
954 3896 1045 3968 bibat,
1069 3912 1138 3956 cum
1157 3896 1304 3958 infinitivo

157 3999 198 4063 89
222 4005 350 4063 raerialie
374 4003 477 4062 bibere
501 4004 572 4061 dato
596 4009 627 4061 et
646 4005 735 4079 irrisas
754 4004 826 4061 dato
845 4003 956 4077 bibare,
982 3998 1046 4063 103
1066 4004 1139 4063 dato
1157 4013 1304 4066 rarenter

158 4109 270 4169 bibere.
309 4110 378 4168 llenn
403 4127 518 4169 aurare
542 4127 609 4169 cum
630 4110 818 4169 coniunctivo
838 4118 957 4187 praeter
977 4108 1055 4170 lianc
1074 4107 1174 4171 locum
1194 4110 1305 4191 legitur

159 4211 221 4275 142
256 4218 365 4275 criticae
402 4235 481 4291 attae
516 4223 586 4276 saat
619 4216 723 4291 sufficia
763 4224 872 4277 curato
901 4217 1017 4292 saciat,
1055 4235 1124 4277 cum
1159 4218 1303 4280 infinitivo

158 4318 268 4400 141,1
295 4325 341 4380 ati
363 4340 452 4383 cares
475 4328 626 4394 lustrare;
650 4333 804 4401 praeterea
829 4343 897 4384 cum
916 4326 1127 4384 coniunctione
1146 4334 1188 4399 at,
1213 4324 1297 4407 sal

157 4436 303 4502 oraretque
322 4432 369 4488 ati
385 4433 451 4489 olea
471 4432 545 4491 heae
560 4434 752 4508 perficiatur,
773 4440 802 4491 et
821 4431 955 4508 adposito
975 4430 1010 4490 ad
1030 4429 1155 4492 verbum
1170 4434 1296 4513 nomme,
