2874 4994
335 320 465 377 RERVM
484 319 723 376 RVSTICARVM
742 321 809 377 LIB.
829 322 867 376 1Ι1
887 320 906 377 5
1137 313 1200 379 241

45 479 248 554 patinarum
270 481 521 558 supplementum,
543 476 573 539 h.
598 496 623 539 e.
647 479 677 539 in
702 497 738 539 eo
761 485 841 539 tecto
864 459 969 539 caveas
995 495 1061 539 esse
1085 486 1204 557 oportet

48 601 124 646 cum
148 583 300 666 tabulatis,
328 603 403 665 quae
431 604 486 666 pro
510 583 721 665 supplemento
744 586 926 664 perticarum
957 585 1019 646 sint
1045 593 1076 647 et
1103 584 1202 647 locum

54 689 181 752 sedendi
204 691 308 754 aribus
331 691 501 774 praebeant.
547 691 654 754 deinde
678 690 813 753 lacunam
841 690 984 773 indicari,
1013 700 1123 754 contra
1146 694 1204 755 hoc

53 800 210 859 aviarium
229 816 247 856 a
266 817 346 875 quoe
367 806 507 861 mortuae
530 801 574 860 iti
586 805 658 860 suut
675 817 746 861 aves
759 831 803 842 -
816 804 891 861 solet
908 818 1043 861 seruare.
1080 817 1147 860 uam
1166 799 1203 861 de

51 904 112 966 alio
127 907 245 987 ariario,
255 906 335 985 quod
345 925 381 967 ex
397 907 546 967 contraria
560 915 644 985 parte
659 905 828 966 laciendum
843 914 897 988 cst,
912 905 984 968 haec
998 905 1057 966 dici
1071 915 1203 986 apparet.

145 1008 166 1075 6
199 1011 310 1074 Turdi
333 1015 394 1093 qui
418 1031 495 1075 oum
519 1021 605 1074 sunt
627 1014 768 1074 nomine
792 1031 908 1074 mares
931 1031 969 1073 re
993 1030 1078 1074 uera
1102 1013 1202 1074 lemi-

51 1137 120 1180 uae
145 1137 287 1199 quoque
307 1128 391 1181 sunt
413 1138 529 1200 neque
553 1118 587 1180 id
611 1138 679 1181 non
703 1129 869 1203 secutum
892 1127 931 1181 ut
954 1128 1053 1182 esset
1075 1121 1109 1180 in
1135 1138 1203 1182 me-

52 1225 149 1288 rulis
173 1244 262 1306 quae
285 1230 427 1288 nomine
452 1227 627 1288 feminino
645 1219 762 1288 mares
780 1244 923 1307 quoque
942 1225 1033 1304 sint]
1058 1229 1119 1300 Qui
1135 1245 1204 1289 cum

51 1335 116 1394 sint
135 1341 166 1393 et
184 1332 291 1394 deinde
311 1352 390 1410 auae
409 1338 529 1396 nomine
547 1351 666 1410 auoque
681 1318 829 1409 feminino
849 1351 950 1395 mares
965 1342 1065 1395 tomen
1081 1342 1152 1395 sunt
1167 1353 1204 1395 m.

51 1441 197 1514 quicum
216 1443 278 1501 sint
298 1473 336 1484 -
357 1459 459 1503 mores
477 1458 596 1517 quoque
613 1447 684 1501 sunt
703 1442 818 1520 scripsi.
861 1459 928 1502 nam
947 1450 981 1501 ut
1001 1443 1032 1502 iu
1052 1440 1204 1521 prioribus

54 1548 280 1609 coniunctirum
305 1566 373 1636 cum
396 1552 457 1610 sint
480 1551 554 1609 ratio
578 1549 725 1609 sermonis
747 1546 886 1627 postulat,
909 1550 950 1608 ita
972 1557 1075 1628 postea
1093 1547 1203 1609 indica·

55 1654 151 1713 tirum
174 1671 276 1715 mares
299 1672 417 1730 quoque
439 1663 519 1730 sunt,
543 1657 622 1715 sicut
645 1652 715 1714 olim
739 1651 891 1715 iucundus
916 1653 1059 1734 ediderat,
1082 1658 1201 1717 concin-

55 1761 136 1821 nitas
168 1760 363 1823 commendat.
409 1761 446 1823 de
476 1761 571 1823 turdis
603 1769 633 1823 et
666 1759 789 1822 merulis
820 1762 899 1822 idem
931 1759 1019 1822 docet
1046 1760 1138 1822 Varro
1166 1762 1203 1824 de

55 1864 128 1946 ling.
147 1866 195 1929 lat.
216 1866 256 1927 tx
275 1865 319 1931 55
342 1871 407 1930 dici
433 1886 557 1930 coruum
580 1871 716 1943 turdum,
744 1887 805 1930 non
832 1871 897 1930 dici
924 1886 1048 1930 coruom
1071 1872 1203 1944 turdum,

56 1983 170 2036 contro
193 1978 260 2036 dici
276 1979 462 2053 pantheram
484 1980 640 2052 merulam,
664 1994 724 2037 non
748 1979 813 2037 dici
835 1978 1020 2052 pantheram
1045 1981 1203 2041 merulam.

152 2078 170 2142 7
203 2080 481 2162 Aequinoctium
504 2081 727 2160 autumnale]
760 2082 872 2144 Charis.
886 2102 914 2163 p.
932 2081 1003 2164 118,
1019 2080 1062 2145 25
1075 2086 1200 2146 Autum-

56 2191 114 2250 nai
142 2188 256 2273 Verre,
283 2192 508 2265 aequinoctium
536 2193 707 2264 autumnat,
737 2190 820 2264 quad
846 2191 925 2251 idem
955 2190 1072 2251 Plinius
1100 2193 1203 2253 eodem

53 2298 136 2358 iihro
162 2297 206 2357 VI
224 2303 319 2359 notat.
942 2296 946 2303 '

147 2399 167 2466 8
203 2404 356 2466 deieceris
378 2402 447 2465 libri
467 2421 556 2465 manu
579 2405 684 2483 scripti
707 2421 821 2483 omues,
844 2420 903 2464 non
922 2403 1100 2486 coniecerit,
1124 2403 1203 2484 quod

54 2512 88 2571 in
113 2511 248 2590 principe
273 2510 402 2572 editione
426 2510 590 2572 Politianus
615 2529 674 2572 non
698 2512 836 2572 correxit.

147 2615 342 2697 Sexaginta
368 2617 463 2679 milia
487 2636 575 2696 quae
599 2619 655 2678 uis
674 2619 797 2679 statim
816 2619 851 2678 in
872 2618 976 2679 lenus
995 2616 1056 2678 des
1070 2616 1204 2682 licebit

26 2715 206 2813 ‘'multum
228 2724 287 2786 dic
310 2725 395 2787 illut
417 2725 570 2786 alterum
593 2743 705 2804 genus
734 2722 961 2801 ornithonis]
990 2725 1051 2785 Des
1073 2728 1202 2787 licebit.

20 2812 23 2817 ¹
54 2838 122 2893 tum
143 2833 231 2914 mihi,
260 2839 292 2892 tu
316 2835 368 2894 dic
391 2833 469 2894 iilud
489 2837 619 2894 alterum
644 2850 743 2909 genus
766 2832 936 2895 ornithonis
959 2830 1124 2909 Iucundos,
1153 2832 1203 2894 ubi

52 2940 133 3000 milti
153 2946 227 3000 tunc
250 2942 300 3001 dic
329 2935 382 3000 ‘ex
405 2948 505 3002 vetere
530 2934 651 3001 codice’
676 2939 810 3020 Ursinus,
838 2942 914 3001 mihi
929 2946 998 3018 ,tum
1021 2941 1072 3000 dic
1094 2938 1203 3001 Ponte-

52 3047 128 3108 dera
152 3063 180 3124 p.
198 3043 264 3108 449
288 3049 424 3108 coniecit.
466 3046 618 3127 archetypi
641 3048 820 3126 scripturam
845 3044 1010 3106 aVictorio
1034 3045 1202 3108 adnotatam

55 3155 98 3214 ita
123 3154 336 3233 interpretatus
360 3164 406 3215 est
430 3152 570 3234 Scaliger,
593 3149 637 3213 ‘in
657 3152 769 3229 saeuus
787 3154 840 3213 des
863 3153 965 3212 licebit
981 3154 1113 3212 multum.
1152 3154 1204 3213 dic

56 3263 138 3323 tund
164 3263 294 3322 alterum
323 3277 434 3340 penus,
465 3258 523 3319 hoc
557 3266 603 3319 est
635 3260 665 3317 in
699 3258 804 3318 foenus
832 3255 958 3318 multum
991 3256 1043 3317 des
1075 3253 1202 3319 licebit’.

57 3369 212 3447 sexaginta
237 3367 315 3429 milia
339 3368 512 3429 sestertium
535 3383 571 3426 ea
595 3363 753 3426 ornithone
772 3362 925 3426 Fircelliae
945 3363 1069 3425 rediisse
1089 3374 1118 3424 et
1137 3364 1202 3425 lxii

56 3474 251 3555 cupiditatem
274 3473 311 3535 ad
334 3473 391 3534 hoc
414 3491 509 3552 genus
532 3473 675 3553 pastionis
698 3473 872 3532 excitavisse
891 3471 1006 3533 dictum
1030 3479 1093 3532 erat
1112 3488 1202 3549 supra

55 3580 88 3657 2,
111 3578 151 3643 15
174 3590 205 3643 ει
226 3579 258 3662 4,
277 3580 307 3644 1.
344 3581 480 3660 sequitur
504 3578 664 3659 disputatio
693 3577 730 3665 de
763 3577 856 3640 altero
884 3595 995 3656 genere
1028 3577 1203 3660 ornithonis,
1290 3603 1293 3608 ·

56 3687 138 3769 qnod
163 3687 367 3750 delectationis
390 3705 478 3749 causa
502 3694 632 3769 paratur,
657 3666 743 3766 quale
766 3683 929 3745 Varronem
956 3683 1067 3746 habere
1091 3685 1202 3747 dictum

56 3803 106 3856 est
128 3812 218 3876 supra
241 3791 272 3877 4,
290 3792 320 3858 2.
357 3794 409 3857 sed
433 3797 463 3857 in
486 3795 542 3856 hac
565 3802 649 3875 parte
673 3795 812 3874 quoniam
836 3794 899 3874 ipse
919 3789 1011 3852 Varro
1035 3810 1203 3854 sermonem

57 3903 202 3984 suscepit,
225 3911 383 3982 postquam
407 3901 443 3963 de
467 3904 566 3983 priore
595 3920 705 3982 genere
729 3900 841 3963 hierula
869 3900 951 3980 dixit,
974 3897 1054 3959 illius
1077 3899 1202 3980 appella·

56 4012 171 4073 tionem
190 4011 287 4072 omitti
307 4028 366 4072 non
385 4009 518 4089 potuisse
534 4007 685 4070 iucundus
704 4007 858 4069 intellexit.
895 4024 963 4068 nam
982 4023 1042 4066 non
1060 4023 1203 4084 expresso

58 4118 181 4179 nomine
205 4115 331 4178 Varroni
354 4115 443 4177 huius
466 4117 585 4195 generis
612 4113 802 4176 describendi
825 4131 935 4176 munus
962 4110 1097 4195 attribui,
1126 4113 1204 4174 siout

58 4223 212 4302 Scaligero
236 4225 331 4285 visum
356 4230 410 4305 est,
432 4220 565 4301 intellegi
588 4221 702 4301 neqrrit.
737 4223 837 4300 itaque
860 4221 969 4300 scripsi
987 4223 1019 4281 in
1039 4219 1131 4297 senus
1151 4223 1203 4281 des

57 4332 164 4395 ttoetu
180 4334 313 4393 muttum.
351 4335 412 4391 turn
430 4329 513 4404 milri,
532 4334 564 4389 tu
579 4329 630 4390 dic
649 4331 716 4389 iiiut
734 4330 864 4389 alterum
880 4345 987 4403 penus,
1010 4325 1062 4389 ubi
1079 4330 1204 4390 muitum

59 4437 194 4502 adverbii
216 4437 282 4500 loco
305 4437 437 4518 positum
460 4442 515 4520 est,
537 4433 566 4497 h.
584 4452 611 4498 e.
629 4451 808 4517 magnopere
832 4433 941 4497 licebit.

113 4547 192 4592 Vana.
207 4559 260 4589 aaa.
274 4557 340 4591 erra.
366 4547 399 4591 11.
958 4539 990 4591 16
