2874 4994
142 329 207 394 216
483 335 672 391 ΟΟΜΜΕΝΤ.
693 335 731 390 [N
748 334 937 393 VARRONIS

143 494 183 553 ita
206 493 419 571 interpretatus
442 499 496 573 est,
520 486 590 570 ‘pm
613 489 791 552 lactentibus
815 493 915 572 pueris
937 489 1023 552 diras
1046 488 1166 552 dumiso
1185 493 1256 553 scn-

144 601 232 661 licant
254 597 339 677 lacte,
363 597 442 676 quod
466 615 520 676 pro
545 600 612 658 dno
636 593 802 660 adhibent'.
842 597 897 680 lac,
918 616 980 660 nou
1003 600 1116 681 vinnm,
1136 598 1165 659 lo
1183 599 1258 660 asath
1299 660 1302 665 .

144 706 228 767 divae
257 704 400 766 Ruminae
431 704 566 766 adbiberi
593 713 694 767 narrat
716 703 808 766 Varro
836 705 914 786 apud
936 704 1067 767 Nonium
1094 724 1123 786 p.
1142 701 1259 786 loma

144 811 321 874 Plutarchus
345 810 460 874 Romul.
480 810 510 893 4,
533 820 646 891 quaest.
670 811 753 874 llam.
772 808 824 874 b'l.
869 811 921 873 sed
944 830 1001 893 pro
1024 808 1195 874 lactentlbm
1212 814 1259 873 dn

144 920 246 1000 pueris
270 921 331 979 sire
354 917 520 998 pecudibus
539 938 573 980 ea
597 937 680 980 sacra
705 920 768 980 lieri
792 921 950 981 cemimus.
988 936 1086 999 neque
1105 916 1262 981 credendos

145 1036 191 1088 est
214 1025 374 1086 Varronem
399 1024 473 1086 duas
496 1026 623 1085 nominis
647 1024 857 1104 explicationes
877 1024 1031 1108 'posuiese,
1053 1023 1174 1088 alienu
1193 1042 1208 1087 t
1225 1042 1263 1104 qn·

145 1152 216 1195 nere
246 1150 398 1194 sacrorum
426 1134 561 1213 petitam,
590 1131 711 1192 alteram
739 1130 776 1193 ab
804 1134 841 1193 iis
868 1150 924 1212 pro
953 1131 1063 1212 quibus
1093 1149 1176 1195 sacra
1198 1131 1265 1213 bunt,

145 1257 213 1302 cnm
237 1239 351 1301 diversa
376 1241 602 1319 praepositionis
632 1240 860 1320 significatione,
881 1243 963 1302 lucie
984 1257 1048 1318 pro
1075 1242 1146 1303 mnu
1170 1248 1200 1301 et
1220 1256 1265 1316 pra

144 1348 334 1410 lactentibus.
380 1347 478 1424 itaque
503 1344 597 1406 deleta
621 1347 853 1425 praepositione,
877 1364 952 1425 quae
980 1360 1141 1428 perperam
1162 1346 1267 1425 repatib

146 1462 222 1528 crat,
246 1454 352 1533 scripsi
374 1456 456 1513 lacte
473 1469 533 1529 pro
556 1455 624 1513 vino
647 1459 678 1513 et
704 1453 897 1528 lactentibus,
920 1451 950 1512 b.
968 1471 993 1515 e.
1019 1452 1109 1534 lacte,
1131 1450 1206 1532 quod
1225 1468 1267 1530 pro

143 1563 211 1622 vino
234 1559 401 1639 adhibetur,
424 1568 454 1619 et
477 1557 655 1620 lactentibus
678 1577 761 1619 sacra
787 1558 931 1620 Ruminae
955 1561 1039 1620 liuot.

232 1667 395 1727 Mammas
426 1667 519 1725 eoim
547 1683 669 1726 carmus
698 1668 774 1726 siue
805 1669 989 1728 ruminare
1018 1677 1056 1728 nt
1084 1675 1166 1728 ante
1192 1665 1271 1726 dice·

145 1774 230 1836 baut
252 1793 268 1835 a
292 1775 514 1849 rumietiam
533 1773 615 1833 iude
635 1773 808 1835 dicuntur
826 1772 989 1835 snbrumi
1008 1775 1090 1854 agni
1113 1771 1273 1835 lactantes

145 1902 160 1943 a
185 1880 291 1960 lacte]
317 1881 468 1942 Muraenae
490 1884 569 1942 enim
592 1884 688 1941 ramis
710 1885 773 1942 sine
795 1884 962 1962 ruminare,
985 1891 1019 1943 ut
1042 1883 1116 1943 anic
1139 1882 1274 1951 diem,

146 2008 165 2050 α
189 1992 278 2063 rami,
302 1995 332 2049 et
354 1990 425 2049 inde
446 1989 585 2050 sabroni
607 1990 754 2048 dicuntur
771 1991 847 2063 anni
868 1991 1015 2049 lactentes
1033 2006 1053 2047 a
1072 1990 1153 2049 lactc
1171 1985 1275 2048 nemu

146 2113 293 2157 mammae
315 2097 395 2156 enim
425 2096 521 2155 mnis
543 2097 605 2155 sine
628 2111 749 2173 ramae,
772 2102 806 2155 nt
828 2102 900 2155 ante
922 2096 1079 2170 dicebant,
1104 2113 1125 2154 a
1147 2097 1277 2167 inaniet

147 2205 218 2264 inde
241 2204 387 2263 dicuntur
408 2202 548 2262 subrnmi
569 2204 644 2276 eqni
666 2203 811 2262 lactentes
839 2220 860 2261 a
881 2204 962 2262 lactc
984 2202 1131 2281 impressa
1159 2200 1225 2261 inde
1248 2198 1277 2260 ab

147 2309 249 2370 Aldina
273 2308 401 2369 editione
426 2307 612 2387 exemplaria,
635 2325 710 2386 quae
735 2310 814 2403 vasio
839 2308 926 2368 modo
949 2310 1005 2370 riri
1028 2309 1110 2370 docti
1133 2306 1279 2369 emendare

148 2415 335 2477 studuerunt.
372 2434 392 2475 a
415 2418 498 2475 rnmi
520 2413 695 2494 Splburgius
719 2417 749 2475 in
774 2414 1004 2476 Gommeliniaaa
1027 2415 1161 2477 editione
1185 2435 1212 2495 p.
1227 2411 1279 2475 'lli

147 2519 246 2583 ‘velut
269 2540 408 2601 exegema
432 2523 586 2601 sequentis
609 2519 740 2582 adverbii
764 2525 835 2584 inde
866 2519 1115 2603 expungendum’
1137 2523 1281 2584 adnuunt

149 2648 277 2691 minian
309 2633 387 2691 enim
415 2633 510 2689 minis
537 2632 599 2690 sive
631 2632 749 2689 rumin:
780 2648 818 2690 ea
850 2648 900 2709 re,
922 2639 956 2691 nt
986 2638 1072 2705 ante,
1101 2632 1283 2692 dicebmts

150 2717 238 2815 rami,
257 2743 286 2796 et
309 2738 380 2795 inde
403 2738 550 2796 dicuntur
573 2736 711 2796 snbrnmi
732 2739 809 2811 nani
829 2740 983 2812 lactentes,
1009 2739 1122 2799 omisso
1147 2747 1283 2816 tamquam

149 2842 323 2921 glossemate
348 2860 367 2901 a
390 2844 483 2915 lactc,
508 2841 652 2922 Scaliger,
681 2860 811 2903 mamma
839 2847 919 2905 enim
948 2848 1045 2905 nemis
1070 2848 1136 2906 sine
1163 2847 1283 2916 roenna,

24 2955 28 2962 '
149 2957 183 3010 nt
205 2956 278 3011 ante
300 2950 458 3010 dicebant:
481 2967 500 3009 α
524 2953 606 3010 rani
626 2952 697 3010 inde
720 2953 866 3011 dicuntur
888 2952 1028 3012 snbrnrni
1049 2955 1128 3027 anni
1149 2955 1284 3012 lactentes

151 3055 285 3136 Ursinus,
308 3074 456 3118 mammae
479 3059 557 3117 eninr
576 3061 689 3118 runicis
711 3060 773 3118 sine
791 3061 922 3132 rumina,
941 3065 980 3138 et,
1000 3067 1035 3118 ut
1051 3067 1125 3120 ante
1144 3060 1284 3127 dicebant,

150 3183 170 3224 a
193 3167 276 3225 runai
296 3166 387 3225 eiiam
411 3166 557 3224 dicuntur
574 3165 713 3224 snbrami
735 3168 810 3238 nani
831 3168 977 3226 lactentes
995 3163 1165 3227 Pontedera
1184 3162 1284 3247 patu

151 3289 294 3332 mammas
317 3273 396 3331 enim
419 3273 514 3330 runcis
537 3274 599 3332 sive
622 3274 744 3332 rumina
767 3279 839 3332 ante
862 3273 1018 3347 dicebant,
1041 3275 1168 3334 atinde
1190 3275 1283 3334 dt‘cnn·

151 3385 203 3438 tar
225 3380 363 3439 suirnmi
385 3395 448 3456 sqq.
472 3379 601 3439 coniecit
625 3376 838 3459 Schneiderus,
861 3396 1006 3440 mammas
1034 3382 1117 3441 enim
1139 3380 1286 3459 miniani

152 3503 255 3546 acram
283 3488 403 3563 opinor,
427 3487 546 3559 antiqui
572 3486 732 3556 dicebant;
760 3503 780 3545 a
807 3489 889 3546 ruini
916 3489 1026 3548 deinde
1051 3490 1202 3548 dicuntur
1225 3486 1283 3546 ncl-

152 3595 234 3653 runai
251 3595 326 3666 anni
343 3595 488 3653 lactentes
507 3590 645 3653 lleiterns
664 3601 777 3670 quaest.
793 3590 914 3654 Vareno.
934 3611 1055 3671 gramm.
1076 3612 1105 3674 p.
1119 3590 1173 3655 96.
1201 3594 1284 3654 runs

154 3699 332 3758 nominativo
356 3715 425 3758 casu
450 3697 524 3759 dixit
542 3696 633 3759 Varro
657 3699 694 3759 de
718 3698 819 3759 eadem
844 3717 876 3759 rc
896 3699 1052 3779 disputans
1072 3699 1098 3761 ll
1114 3697 1202 3781 1,20
1217 3702 1282 3761 anti·

153 3822 211 3879 quo
240 3807 318 3864 enini
346 3808 491 3867 vocabulo
519 3823 648 3866 mamma
675 3810 783 3887 rumis,
807 3813 840 3867 nt
867 3810 988 3888 opinor,
1016 3816 1047 3868 et
1075 3806 1154 3888 apud
1177 3806 1282 3868 Festum

153 3929 180 3990 p.
200 3907 273 3990 270,
292 3907 349 3991 24,
375 3910 426 3971 ubi
453 3914 484 3971 iu
512 3915 659 3991 excerptis
683 3911 764 3973 Pauli
788 3931 815 3991 p.
836 3908 952 3994 2ll,4
981 3915 1095 3994 scripta
1123 3924 1195 3976 sunt
1215 3913 1281 3985 baec,

153 4036 281 4079 mamma
305 4026 405 4079 aretem
429 4021 524 4079 rumis
548 4022 676 4099 dicitnr,
700 4023 780 4081 unde
806 4028 836 4080 ct
863 4022 974 4081 rusbci
1002 4024 1161 4098 appellant
1185 4020 1282 4081 necin

151 4126 323 4196 cabrunos,
351 4128 405 4198 qai
431 4128 534 4187 adbuc
561 4128 616 4187 snb
640 4130 775 4187 mammis
802 4128 962 4188 iubentur.
1003 4144 1097 4189 rama
1120 4127 1199 4189 idem
1219 4121 1281 4206 apud

154 4229 281 4289 Nonium
305 4247 332 4308 p.
356 4227 426 4310 167,
445 4229 487 4293 24
516 4233 645 4294 Rumam
673 4240 788 4294 veteres
817 4250 976 4294 mammam
1007 4236 1173 4297 amram:
1201 4235 1284 4295 Varro

159 4336 231 4395 Octo
255 4339 302 4396 vet
323 4339 361 4398 dc
383 4339 487 4399 liberis
506 4343 683 4415 educandis,
701 4335 801 4402 ‘bisce
824 4342 964 4402 munibus
981 4343 1065 4402 lacte
1080 4345 1128 4419 fit,
1146 4360 1204 4405 non
1222 4345 1286 4412 nita,

158 4441 295 4503 Oaninac
313 4452 441 4521 propter
464 4463 575 4520 cunas,
597 4447 748 4508 Ruminae
767 4455 896 4525 propter
918 4463 1052 4528 nenton,
1077 4451 1114 4512 id
1134 4458 1181 4513 eci
1195 4452 1287 4529 pralon
