2874 4994
356 124 487 179 RERVM
505 122 747 179 uvs'rtctttvu
765 123 833 179 LIB.
852 124 879 177 Π
899 122 916 178 7
1145 113 1208 177 193

56 287 190 356 portum
221 297 289 340 curu
323 281 472 340 matribus
505 285 535 340 iu
565 281 710 357 pabulum
738 282 976 356 prodipendum,
1009 299 1047 341 ne
1076 281 1208 353 uuoulos

58 395 190 449 teneros
213 389 366 448 condurat
387 396 514 447 stereus.
561 387 628 448 inde
653 405 667 445 a
692 386 806 446 decimo
830 387 877 446 die
905 397 973 465 post
996 395 1112 466 partum
1136 383 1209 465 pulli

57 512 132 554 cum
158 492 305 554 matribus
328 496 358 553 in
382 512 490 574 pascua
515 492 689 572 prodigendi
713 501 796 573 sunt,
825 511 861 554 ne
890 503 1007 554 stercus
1030 495 1061 552 in
1085 491 1208 552 stabulis

55 599 189 679 ungulas
216 618 320 661 eorum
348 599 511 661 comburat.
549 598 669 659 brevius
693 599 729 659 de
757 599 859 660 eadem
888 618 920 659 re
949 602 1100 679 praecepit
1123 597 1208 658 Colu-

56 706 149 767 mella
171 706 206 766 Vl
226 705 336 787 27,12
357 711 506 783 poulotr'm
531 710 642 768 deiude
661 710 880 783 producendus
898 710 958 767 ert't
975 709 1209 783 prouidendum-

52 833 122 890 que
145 833 184 875 ne
205 822 343 875 stercore
366 818 497 889 uuoulos
520 817 643 874 odoret.

153 920 284 1000 Edent]
306 922 410 982 Edunt
427 919 549 1001 Merula,
568 924 651 982 edint
669 918 810 980 Heinsius
829 923 859 980 in
879 920 964 1000 Verg.
984 917 1209 983 1951111801.

56 1029 160 1090 futuri
183 1030 326 1108 temporis
349 1046 423 1088 usus
447 1046 534 1106 qnam
559 1029 616 1087 late
639 1036 739 1107 pateat
762 1029 792 1086 in
816 1030 997 1109 praeceptis,
1024 1048 1059 1089 ex
1089 1027 1136 1088 his
1160 1046 1208 1106 ap-

55 1135 181 1214 parebit
204 1134 356 1213 exemplis,
381 1134 392 1193 l
416 1132 464 1214 12,
487 1132 502 1195 l
529 1143 638 1196 contro
662 1141 764 1194 uentos
782 1138 837 1209 qui
857 1136 1055 1196 saluberrimi
1078 1140 1108 1196 t'n
1133 1153 1210 1209 aare

52 1244 192 1322 flebunt,
214 1240 253 1304 ib.
272 1239 293 1302 2
316 1246 405 1318 stoue
428 1249 519 1303 emtut
542 1245 610 1302 loeo
630 1245 794 1319 palustria,
823 1240 870 1321 17,
886 1238 907 1302 6
926 1247 980 1319 qui
998 1243 1210 1319 praestabunt,

57 1346 151 1430 19‚3
175 1367 254 1425 quoe
278 1352 351 1423 aori
372 1352 494 1409 colendi
511 1365 607 1408 causo
626 1356 726 1428 eruut,
750 1345 835 1428 22,1
856 1367 936 1423 quoe
954 1352 1043 1409 uesci
1057 1356 1210 1425 poterunt,

54 1453 153 1534 31,5
174 1460 203 1516 εἰ
221 1462 316 1533 proto
340 1459 463 1529 irripuo
485 1456 624 1529 habebis,
652 1454 690 1514 ib.
715 1473 794 1530 quoe
822 1458 914 1516 insito
937 1462 1040 1530 eruut,
1068 1451 1161 1534 45,2
1184 1458 1211 1513 si

55 1567 132 1643 locu
157 1571 248 1624 erunt
266 1561 449 1638 sript'dt'ore,
478 1561 517 1621 ib.
540 1566 568 1621 sr'
594 1569 684 1622 eruut
713 1563 823 1622 imbres
845 1566 954 1637 secuti,
981 1560 1024 1623 47
1049 1570 1078 1623 et
1105 1579 1210 1623 eorum

54 1673 202 1731 molliora
225 1677 316 1730 eruut
337 1677 452 1731 notura
487 1671 663 1743 ooeumiuo,
687 1665 773 1748 54,1
803 1688 863 1729 uuo
891 1687 960 1730 oum
989 1673 1050 1731 ert't
1078 1677 1209 1743 maturo,

56 1776 102 1838 ib.
122 1773 144 1837 2
168 1793 248 1851 quoe
275 1780 417 1838 eolcutoe
445 1795 523 1837 uoce
550 1785 654 1856 murat,
686 1772 780 1856 55,2
808 1795 887 1851 quoe
914 1794 1006 1837 mono
1035 1781 1122 1852 turoi
1149 1795 1209 1838 nou

50 1891 218 1964 poterunt,
246 1883 284 1946 ib.
309 1888 363 1959 oui
389 1888 517 1959 quatiet,
548 1882 573 1943 ll
594 1881 680 1965 7,14
703 1888 732 1943 st'
750 1883 854 1960 [riuus
884 1888 955 1957 erit,
985 1879 1113 1962 1119,8
1141 1901 1210 1945 oum

54 1994 247 2068 parturient,
266 1989 305 2051 ib.
323 1988 363 2051 15
378 2008 446 2051 eum
463 1994 522 2050 r'om
538 1995 652 2066 pinnas
669 1992 831 2070 debebunt,
854 1986 902 2070 16,
917 1986 959 2051 35
977 2008 1056 2064 quoe
1070 1991 1210 2050 crebrius

56 2101 147 2177 luter
168 2116 201 2158 se
220 2099 410 2174 pupuubuut.

155 2201 198 2265 14
229 2203 278 2263 lh
311 2203 500 2265 undecimo
533 2202 589 2263 die
624 2221 736 2282 usque
771 2202 810 2262 ad
840 2210 1007 2282 quartum
1034 2201 1209 2262 decimum

57 2310 215 2372 dandum
250 2309 422 2370 hordeum
446 2308 598 2370 cottidie
626 2309 845 2369 adicientem
870 2307 1092 2384 minutatim]
1128 2311 1209 2369 Adii·

57 2421 173 2480 eieudo
206 2432 242 2477 ex
274 2418 411 2495 principe
443 2416 572 2477 editione
607 2415 692 2494 vulgo
721 2423 875 2494 receptum
907 2423 983 2495 erat,
1016 2419 1210 2476 adiicientem

62 2523 269 2585 Schneiderus
284 2525 423 2584 restituit.
461 2523 497 2583 de
517 2524 685 2584 accusativo
704 2525 852 2603 participii
867 2532 934 2602 post
953 2523 1096 2602 gerundia
1112 2525 1208 2602 posito

60 2631 125 2692 dixi
154 2627 244 2710 123,
263 2627 293 2691 3.
340 2629 445 2690 deinde
474 2632 556 2705 quod
582 2633 698 2692 decimo
726 2639 836 2705 coorto
867 2633 917 2691 die
941 2629 1056 2706 feceris
1084 2633 1211 2691 coniecit

32 2752 34 2756 ’
61 2737 202 2817 Ursinus,
227 2737 305 2816 qnod
331 2735 532 2797 Schneiderns
556 2736 698 2816 probavit

154 2843 202 2904 Ab
227 2862 267 2904 eo
292 2852 452 2921 tempore
475 2842 710 2903 mediocriter
729 2841 975 2920 extriendum]
996 2844 1210 2905 Exercendum

63 2949 188 3011 llerula.
234 2969 383 3012 exercere
406 2950 442 3010 de
466 2948 567 3010 labore
595 2965 739 3026 equorum
769 2947 844 3007 dixit
867 2946 1207 3030 comelantum

60 3077 162 3133 oeque
189 3076 281 3134 opere
307 3075 405 3132 neque
434 3075 528 3116 cursu
557 3061 776 3128 exerceantur,
809 3056 880 3113 item
913 3052 950 3112 de
978 3071 1087 3132 pecore
1118 3054 1210 3116 Varro

61 3163 91 3224 ll
113 3161 141 3243 1,
161 3161 203 3225 22
229 3173 359 3239 propter
388 3167 512 3224 nimium
536 3163 669 3223 laborem
698 3168 752 3220 out
779 3168 888 3221 contro
916 3163 1031 3221 nullom
1058 3167 1210 3224 exercito-

61 3275 176 3332 tiouem
199 3273 311 3350 autri,
335 3287 403 3330 oum
427 3271 615 3342 exercueris,
638 3271 739 3328 stetim
761 3271 828 3327 siue
851 3271 1010 3329 interuallo
1033 3271 1133 3329 ctoom
1157 3279 1212 3329 out

57 3381 215 3454 potionem
238 3378 368 3437 dederis.
407 3378 541 3453 ineptum
570 3384 670 3435 autem
698 3381 745 3434 est
773 3373 851 3452 quod
876 3373 1037 3436 Salmasius
1065 3378 1095 3436 in
1120 3375 1210 3435 Solin.

62 3501 91 3561 p.
112 3480 157 3544 40
180 3483 309 3543 coniecit
331 3484 532 3556 struendum.

156 3584 199 3649 15
231 3587 343 3668 Equis
366 3586 458 3666 quod
482 3587 547 3648 alii
574 3585 720 3648 suntad
749 3604 822 3646 rem
848 3585 1039 3646 militarem
1067 3585 1211 3665 idonci]

63 3697 149 3771 Equi
170 3714 206 3755 ex
230 3695 332 3755 codice
358 3713 385 3753 m
410 3694 561 3755 lucundns
589 3693 678 3754 dedit.
719 3713 735 3754 e
763 3697 830 3768 quis
853 3691 1002 3753 Victorius
1031 3696 1159 3755 coniecit
1183 3705 1213 3755 et

60 3806 110 3864 sic
133 3821 221 3883 saepe
252 3801 334 3881 loqui
360 3799 520 3861 Varronem
550 3801 712 3861 adnotavit:
741 3799 878 3860 similiter
906 3799 1018 3860 dictum
1047 3805 1154 3875 equis
1181 3805 1211 3861 in

61 3912 114 3971 his
138 3909 222 3970 libris
246 3909 353 3987 legitur
377 3907 403 3968 11
424 3906 452 3988 1,
468 3904 512 3968 20
535 3927 552 3968 e
580 3911 647 3983 quis
671 3911 725 3982 qut'
743 3911 819 3983 puri
840 3915 924 3980 suut,
953 3902 1014 3987 15,
1028 3902 1058 3966 3.
1083 3906 1094 3965 l
1116 3904 1166 3988 16,
1182 3904 1212 3969 2.

11 4030 32 4041 “
59 4016 106 4079 til
127 4014 156 4097 1,
171 4015 200 4077 9.
237 4017 306 4078 hinc
324 4016 394 4077 olim
415 4014 535 4076 Victorii
556 4017 759 4076 coniecturam
779 4013 916 4094 probavi3
935 4017 1099 4075 sententiae
1120 4017 1212 4095 magis

58 4125 226 4187 convenire
259 4124 375 4184 ridetur
408 4127 491 4199 equi,
525 4122 603 4202 quod
637 4121 705 4182 inde
740 4121 776 4182 ab
809 4120 913 4182 Aldina
946 4121 1076 4184 editione
1109 4141 1211 4202 recep·

58 4245 131 4298 tum
155 4239 227 4291 erat„

121 4343 197 4381 Vuun.
214 4351 266 4380 nuit.
281 4351 346 4381 nucu.
374 4342 404 4380 II.
966 4334 999 4381 13
